{
    "summary": {
        "stock_name": "華擎",
        "stock_id": "3515",
        "category": "電腦及週邊設備",
        "main_business": "個人電腦主機板<br>個人電腦主機板之零配件",
        "website_url": "http://www.asrock.com.tw",
        "ceo": "許隆倫",
        "pe_ratio": 47,
        "report_year_from": 2005,
        "report_year_to": 2023,
        "age": 18,
        "eps_negative_percentage": 0,
        "eps_growth_avg": {
            "last_all": 4.03,
            "last_2y": 39.29,
            "last_4y": 28.17,
            "last_8y": 11.38,
            "last_12y": 7.68,
            "last_16y": null,
            "last_20y": null,
            "at_2006_last_3y": null,
            "at_2007_last_3y": null,
            "at_2008_last_3y": null,
            "at_2009_last_3y": null,
            "at_2010_last_3y": -8.97,
            "at_2011_last_3y": -0.05,
            "at_2012_last_3y": 12.12,
            "at_2013_last_3y": -0.64,
            "at_2014_last_3y": -13.6,
            "at_2015_last_3y": -30.71,
            "at_2016_last_3y": -33.96,
            "at_2017_last_3y": -9.6,
            "at_2018_last_3y": 9.01,
            "at_2019_last_3y": 22.29,
            "at_2020_last_3y": 55.74,
            "at_2021_last_3y": 49.17,
            "at_2022_last_3y": 29.67,
            "at_2023_last_3y": 29.67,
            "at_2006_last_all": null,
            "at_2007_last_all": null,
            "at_2008_last_all": -44.48,
            "at_2009_last_all": -11.79,
            "at_2010_last_all": -8.97,
            "at_2011_last_all": -3.94,
            "at_2012_last_all": -6.75,
            "at_2013_last_all": -5.42,
            "at_2014_last_all": -11.28,
            "at_2015_last_all": -15.84,
            "at_2016_last_all": -17.63,
            "at_2017_last_all": -6.94,
            "at_2018_last_all": -4.52,
            "at_2019_last_all": -4.11,
            "at_2020_last_all": 3.33,
            "at_2021_last_all": 8.02,
            "at_2022_last_all": 4.03,
            "at_2023_last_all": 4.03
        },
        "latest_eps": 4.73,
        "latest_price": 222,
        "latest_roe": 8.58,
        "latest_gross_margin": 16.61,
        "latest_equity": 8005466,
        "latest_revenue": 4395071,
        "latest_gross_profit": 730226,
        "latest_net_income": 107968,
        "latest_debt_ratio": 42.1,
        "latest_current_ratio": 227.44,
        "latest_account_receivable_turnover_ratio": 2.68,
        "latest_inventory_turnover_ratio": 0.47,
        "latest_reinvestment_rate": 3.12,
        "latest_research_to_sale_ratio": 6.52
    },
    "eps_dividends": {
        "2001": {
            "cash": 0,
            "stock": 0,
            "eps": 0
        },
        "2002": {
            "cash": 0,
            "stock": 0,
            "eps": 0
        },
        "2003": {
            "cash": 0,
            "stock": 0,
            "eps": 0
        },
        "2004": {
            "cash": 0,
            "stock": 0,
            "eps": 0
        },
        "2005": {
            "cash": 0,
            "stock": 0,
            "eps": 0
        },
        "2006": {
            "cash": 0,
            "stock": 0,
            "eps": 26.01
        },
        "2007": {
            "cash": 18.37,
            "stock": 2,
            "eps": 20.93
        },
        "2008": {
            "cash": 15,
            "stock": 0.5,
            "eps": 6.4
        },
        "2009": {
            "cash": 8,
            "stock": 0.5,
            "eps": 9.83
        },
        "2010": {
            "cash": 9.5,
            "stock": 0,
            "eps": 9.78
        },
        "2011": {
            "cash": 20,
            "stock": 0,
            "eps": 11.36
        },
        "2012": {
            "cash": 0,
            "stock": 0,
            "eps": 9
        },
        "2013": {
            "cash": 8,
            "stock": 0,
            "eps": 9.23
        },
        "2014": {
            "cash": 9.58,
            "stock": 0,
            "eps": 4.4
        },
        "2015": {
            "cash": 4,
            "stock": 0,
            "eps": 2.1
        },
        "2016": {
            "cash": 2.5,
            "stock": 0,
            "eps": 1.39
        },
        "2017": {
            "cash": 2,
            "stock": 0,
            "eps": 4.02
        },
        "2018": {
            "cash": 4,
            "stock": 0,
            "eps": 4.91
        },
        "2019": {
            "cash": 4,
            "stock": 0,
            "eps": 4.95
        },
        "2020": {
            "cash": 4,
            "stock": 0,
            "eps": 11.3
        },
        "2021": {
            "cash": 8,
            "stock": 0,
            "eps": 19.63
        },
        "2022": {
            "cash": 13,
            "stock": 0,
            "eps": 8.67
        },
        "2023": {
            "cash": 8,
            "stock": 0,
            "eps": 1.03
        }
    },
    "dividends": {
        "2007-04-19": {
            "cash": 18.37,
            "stock": 2
        },
        "2008-04-29": {
            "cash": 15,
            "stock": 0.5
        },
        "2009-04-29": {
            "cash": 8,
            "stock": 0.5
        },
        "2010-04-20": {
            "cash": 9.5,
            "stock": 0
        },
        "2011-01-01": {
            "cash": 11,
            "stock": 0
        },
        "2011-05-02": {
            "cash": 9,
            "stock": 0
        },
        "2013-04-26": {
            "cash": 8,
            "stock": 0
        },
        "2014-09-18": {
            "cash": 9.58,
            "stock": 0
        },
        "2015-09-11": {
            "cash": 4,
            "stock": 0
        },
        "2016-09-14": {
            "cash": 2.5,
            "stock": 0
        },
        "2017-09-08": {
            "cash": 2,
            "stock": 0
        },
        "2018-09-19": {
            "cash": 4,
            "stock": 0
        },
        "2019-07-30": {
            "cash": 4,
            "stock": 0
        },
        "2020-08-20": {
            "cash": 4,
            "stock": 0
        },
        "2021-07-30": {
            "cash": 8,
            "stock": 0
        },
        "2022-08-19": {
            "cash": 13,
            "stock": 0
        },
        "2023-07-25": {
            "cash": 8,
            "stock": 0
        }
    },
    "prices": {
        "200101": "無",
        "200102": "無",
        "200103": "無",
        "200104": "無",
        "200105": "無",
        "200106": "無",
        "200107": "無",
        "200108": "無",
        "200109": "無",
        "200110": "無",
        "200111": "無",
        "200112": "無",
        "200201": "無",
        "200202": "無",
        "200203": "無",
        "200204": "無",
        "200205": "無",
        "200206": "無",
        "200207": "無",
        "200208": "無",
        "200209": "無",
        "200210": "無",
        "200211": "無",
        "200212": "無",
        "200301": "無",
        "200302": "無",
        "200303": "無",
        "200304": "無",
        "200305": "無",
        "200306": "無",
        "200307": "無",
        "200308": "無",
        "200309": "無",
        "200310": "無",
        "200311": "無",
        "200312": "無",
        "200401": "無",
        "200402": "無",
        "200403": "無",
        "200404": "無",
        "200405": "無",
        "200406": "無",
        "200407": "無",
        "200408": "無",
        "200409": "無",
        "200410": "無",
        "200411": "無",
        "200412": "無",
        "200501": "無",
        "200502": "無",
        "200503": "無",
        "200504": "無",
        "200505": "無",
        "200506": "無",
        "200507": "無",
        "200508": "無",
        "200509": "無",
        "200510": "無",
        "200511": "無",
        "200512": "無",
        "200601": "無",
        "200602": "無",
        "200603": "無",
        "200604": "無",
        "200605": "無",
        "200606": "無",
        "200607": "無",
        "200608": "無",
        "200609": "400.32",
        "200610": "429.00",
        "200611": "無",
        "200612": "430.00",
        "200701": "411.50",
        "200702": "400.50",
        "200703": "396.80",
        "200704": "395.95",
        "200705": "408.88",
        "200706": "477.63",
        "200707": "514.24",
        "200708": "484.58",
        "200709": "401.26",
        "200710": "344.18",
        "200711": "212.68",
        "200712": "188.17",
        "200801": "145.77",
        "200802": "133.64",
        "200803": "138.07",
        "200804": "153.57",
        "200805": "169.69",
        "200806": "143.40",
        "200807": "121.02",
        "200808": "98.40",
        "200809": "67.97",
        "200810": "71.24",
        "200811": "52.41",
        "200812": "47.22",
        "200901": "48.94",
        "200902": "54.67",
        "200903": "60.80",
        "200904": "74.75",
        "200905": "97.58",
        "200906": "96.74",
        "200907": "122.52",
        "200908": "127.08",
        "200909": "129.25",
        "200910": "127.18",
        "200911": "128.33",
        "200912": "133.15",
        "201001": "140.88",
        "201002": "125.07",
        "201003": "130.24",
        "201004": "135.21",
        "201005": "129.90",
        "201006": "125.45",
        "201007": "124.02",
        "201008": "125.30",
        "201009": "113.05",
        "201010": "111.48",
        "201011": "109.32",
        "201012": "112.41",
        "201101": "106.40",
        "201102": "100.81",
        "201103": "98.88",
        "201104": "106.09",
        "201105": "115.57",
        "201106": "119.38",
        "201107": "118.02",
        "201108": "107.29",
        "201109": "97.52",
        "201110": "95.78",
        "201111": "97.70",
        "201112": "95.93",
        "201201": "97.46",
        "201202": "108.15",
        "201203": "121.26",
        "201204": "113.55",
        "201205": "115.95",
        "201206": "113.69",
        "201207": "113.77",
        "201208": "107.75",
        "201209": "106.45",
        "201210": "104.36",
        "201211": "99.09",
        "201212": "99.20",
        "201301": "101.90",
        "201302": "105.85",
        "201303": "107.10",
        "201304": "106.65",
        "201305": "106.50",
        "201306": "103.89",
        "201307": "104.93",
        "201308": "100.30",
        "201309": "99.48",
        "201310": "98.97",
        "201311": "100.06",
        "201312": "110.73",
        "201401": "115.00",
        "201402": "115.15",
        "201403": "115.67",
        "201404": "117.76",
        "201405": "120.33",
        "201406": "120.95",
        "201407": "118.11",
        "201408": "103.68",
        "201409": "91.57",
        "201410": "85.33",
        "201411": "78.22",
        "201412": "72.12",
        "201501": "72.43",
        "201502": "72.65",
        "201503": "74.80",
        "201504": "73.90",
        "201505": "67.62",
        "201506": "56.98",
        "201507": "54.24",
        "201508": "43.40",
        "201509": "38.89",
        "201510": "39.86",
        "201511": "48.77",
        "201512": "40.47",
        "201601": "38.03",
        "201602": "41.13",
        "201603": "44.08",
        "201604": "44.39",
        "201605": "41.37",
        "201606": "40.54",
        "201607": "42.46",
        "201608": "43.34",
        "201609": "39.43",
        "201610": "37.97",
        "201611": "37.26",
        "201612": "37.75",
        "201701": "38.11",
        "201702": "39.66",
        "201703": "42.56",
        "201704": "40.57",
        "201705": "52.19",
        "201706": "59.61",
        "201707": "64.99",
        "201708": "85.47",
        "201709": "77.31",
        "201710": "80.74",
        "201711": "77.14",
        "201712": "72.21",
        "201801": "72.86",
        "201802": "71.13",
        "201803": "92.48",
        "201804": "83.09",
        "201805": "76.80",
        "201806": "73.22",
        "201807": "66.04",
        "201808": "65.61",
        "201809": "55.22",
        "201810": "50.40",
        "201811": "50.95",
        "201812": "53.79",
        "201901": "53.89",
        "201902": "59.60",
        "201903": "62.58",
        "201904": "63.94",
        "201905": "60.08",
        "201906": "61.04",
        "201907": "59.49",
        "201908": "58.46",
        "201909": "66.18",
        "201910": "75.05",
        "201911": "76.16",
        "201912": "77.33",
        "202001": "80.88",
        "202002": "107.09",
        "202003": "96.60",
        "202004": "121.32",
        "202005": "128.50",
        "202006": "142.30",
        "202007": "166.00",
        "202008": "183.88",
        "202009": "186.68",
        "202010": "169.18",
        "202011": "166.17",
        "202012": "161.72",
        "202101": "154.28",
        "202102": "148.19",
        "202103": "157.11",
        "202104": "160.82",
        "202105": "161.76",
        "202106": "184.74",
        "202107": "176.07",
        "202108": "146.39",
        "202109": "147.55",
        "202110": "165.20",
        "202111": "220.20",
        "202112": "270.02",
        "202201": "253.75",
        "202202": "231.03",
        "202203": "208.91",
        "202204": "175.42",
        "202205": "154.74",
        "202206": "132.86",
        "202207": "102.84",
        "202208": "97.79",
        "202209": "94.98",
        "202210": "91.84",
        "202211": "114.99",
        "202212": "135.59",
        "202301": "149.23",
        "202302": "151.94",
        "202303": "143.54",
        "202304": "138.24",
        "202305": "138.77",
        "202306": "195.11"
    },
    "quarters": {
        "20011": {
            "year_quarter": 20011,
            "year": 2001,
            "quarter": 1,
            "eps": null,
            "eps_growth_year": null,
            "eps_4q": null,
            "eps_4q_growth_year": null,
            "roe": null,
            "roe_4q": 0,
            "gross_profit": null,
            "gross_margin": null,
            "gross_margin_4q_avg": 0,
            "net_income": null,
            "revenue": null,
            "common_shares": null,
            "book_valuer_per_share": null,
            "book_valuer_per_share_4q_avg": 0,
            "equity": null,
            "current_ratio": null,
            "debt_ratio": null,
            "inventory_turnover_ratio": null,
            "account_receivable_turnover_ratio": null,
            "reinvestment_rate": null,
            "research_to_sale_ratio": null,
            "price_fair": 0,
            "eps_avg_yearly": 0,
            "eps_latest_yearly": 0,
            "eps_growth_yearly": 0
        },
        "20012": {
            "year_quarter": 20012,
            "year": 2001,
            "quarter": 2,
            "eps": null,
            "eps_growth_year": null,
            "eps_4q": null,
            "eps_4q_growth_year": null,
            "roe": null,
            "roe_4q": 0,
            "gross_profit": null,
            "gross_margin": null,
            "gross_margin_4q_avg": 0,
            "net_income": null,
            "revenue": null,
            "common_shares": null,
            "book_valuer_per_share": null,
            "book_valuer_per_share_4q_avg": 0,
            "equity": null,
            "current_ratio": null,
            "debt_ratio": null,
            "inventory_turnover_ratio": null,
            "account_receivable_turnover_ratio": null,
            "reinvestment_rate": null,
            "research_to_sale_ratio": null,
            "price_fair": 0,
            "eps_avg_yearly": 0,
            "eps_latest_yearly": 0,
            "eps_growth_yearly": 0
        },
        "20013": {
            "year_quarter": 20013,
            "year": 2001,
            "quarter": 3,
            "eps": null,
            "eps_growth_year": null,
            "eps_4q": null,
            "eps_4q_growth_year": null,
            "roe": null,
            "roe_4q": 0,
            "gross_profit": null,
            "gross_margin": null,
            "gross_margin_4q_avg": 0,
            "net_income": null,
            "revenue": null,
            "common_shares": null,
            "book_valuer_per_share": null,
            "book_valuer_per_share_4q_avg": 0,
            "equity": null,
            "current_ratio": null,
            "debt_ratio": null,
            "inventory_turnover_ratio": null,
            "account_receivable_turnover_ratio": null,
            "reinvestment_rate": null,
            "research_to_sale_ratio": null,
            "price_fair": 0,
            "eps_avg_yearly": 0,
            "eps_latest_yearly": 0,
            "eps_growth_yearly": 0
        },
        "20014": {
            "year_quarter": 20014,
            "year": 2001,
            "quarter": 4,
            "eps": null,
            "eps_growth_year": null,
            "eps_4q": null,
            "eps_4q_growth_year": null,
            "roe": null,
            "roe_4q": 0,
            "gross_profit": null,
            "gross_margin": null,
            "gross_margin_4q_avg": 0,
            "net_income": null,
            "revenue": null,
            "common_shares": null,
            "book_valuer_per_share": null,
            "book_valuer_per_share_4q_avg": 0,
            "equity": null,
            "current_ratio": null,
            "debt_ratio": null,
            "inventory_turnover_ratio": null,
            "account_receivable_turnover_ratio": null,
            "reinvestment_rate": null,
            "research_to_sale_ratio": null,
            "price_fair": 0,
            "eps_avg_yearly": 0,
            "eps_latest_yearly": 0,
            "eps_growth_yearly": 0
        },
        "20021": {
            "year_quarter": 20021,
            "year": 2002,
            "quarter": 1,
            "eps": null,
            "eps_growth_year": null,
            "eps_4q": null,
            "eps_4q_growth_year": null,
            "roe": null,
            "roe_4q": 0,
            "gross_profit": null,
            "gross_margin": null,
            "gross_margin_4q_avg": 0,
            "net_income": null,
            "revenue": null,
            "common_shares": null,
            "book_valuer_per_share": null,
            "book_valuer_per_share_4q_avg": 0,
            "equity": null,
            "current_ratio": null,
            "debt_ratio": null,
            "inventory_turnover_ratio": null,
            "account_receivable_turnover_ratio": null,
            "reinvestment_rate": null,
            "research_to_sale_ratio": null,
            "price_fair": 0,
            "eps_avg_yearly": 0,
            "eps_latest_yearly": 0,
            "eps_growth_yearly": 0
        },
        "20022": {
            "year_quarter": 20022,
            "year": 2002,
            "quarter": 2,
            "eps": null,
            "eps_growth_year": null,
            "eps_4q": null,
            "eps_4q_growth_year": null,
            "roe": null,
            "roe_4q": 0,
            "gross_profit": null,
            "gross_margin": null,
            "gross_margin_4q_avg": 0,
            "net_income": null,
            "revenue": null,
            "common_shares": null,
            "book_valuer_per_share": null,
            "book_valuer_per_share_4q_avg": 0,
            "equity": null,
            "current_ratio": null,
            "debt_ratio": null,
            "inventory_turnover_ratio": null,
            "account_receivable_turnover_ratio": null,
            "reinvestment_rate": null,
            "research_to_sale_ratio": null,
            "price_fair": 0,
            "eps_avg_yearly": 0,
            "eps_latest_yearly": 0,
            "eps_growth_yearly": 0
        },
        "20023": {
            "year_quarter": 20023,
            "year": 2002,
            "quarter": 3,
            "eps": null,
            "eps_growth_year": null,
            "eps_4q": null,
            "eps_4q_growth_year": null,
            "roe": null,
            "roe_4q": 0,
            "gross_profit": null,
            "gross_margin": null,
            "gross_margin_4q_avg": 0,
            "net_income": null,
            "revenue": null,
            "common_shares": null,
            "book_valuer_per_share": null,
            "book_valuer_per_share_4q_avg": 0,
            "equity": null,
            "current_ratio": null,
            "debt_ratio": null,
            "inventory_turnover_ratio": null,
            "account_receivable_turnover_ratio": null,
            "reinvestment_rate": null,
            "research_to_sale_ratio": null,
            "price_fair": 0,
            "eps_avg_yearly": 0,
            "eps_latest_yearly": 0,
            "eps_growth_yearly": 0
        },
        "20024": {
            "year_quarter": 20024,
            "year": 2002,
            "quarter": 4,
            "eps": null,
            "eps_growth_year": null,
            "eps_4q": null,
            "eps_4q_growth_year": null,
            "roe": null,
            "roe_4q": 0,
            "gross_profit": null,
            "gross_margin": null,
            "gross_margin_4q_avg": 0,
            "net_income": null,
            "revenue": null,
            "common_shares": 200000,
            "book_valuer_per_share": 12.67,
            "book_valuer_per_share_4q_avg": 3.17,
            "equity": 253358,
            "current_ratio": 146.3,
            "debt_ratio": 62.14,
            "inventory_turnover_ratio": null,
            "account_receivable_turnover_ratio": null,
            "reinvestment_rate": null,
            "research_to_sale_ratio": null,
            "price_fair": 0,
            "eps_avg_yearly": 0,
            "eps_latest_yearly": 0,
            "eps_growth_yearly": 0
        },
        "20031": {
            "year_quarter": 20031,
            "year": 2003,
            "quarter": 1,
            "eps": null,
            "eps_growth_year": null,
            "eps_4q": null,
            "eps_4q_growth_year": null,
            "roe": null,
            "roe_4q": 0,
            "gross_profit": null,
            "gross_margin": null,
            "gross_margin_4q_avg": 0,
            "net_income": null,
            "revenue": null,
            "common_shares": null,
            "book_valuer_per_share": null,
            "book_valuer_per_share_4q_avg": 3.17,
            "equity": null,
            "current_ratio": null,
            "debt_ratio": null,
            "inventory_turnover_ratio": null,
            "account_receivable_turnover_ratio": null,
            "reinvestment_rate": null,
            "research_to_sale_ratio": null,
            "price_fair": 0,
            "eps_avg_yearly": 0,
            "eps_latest_yearly": 0,
            "eps_growth_yearly": 0
        },
        "20032": {
            "year_quarter": 20032,
            "year": 2003,
            "quarter": 2,
            "eps": null,
            "eps_growth_year": null,
            "eps_4q": null,
            "eps_4q_growth_year": null,
            "roe": null,
            "roe_4q": 0,
            "gross_profit": null,
            "gross_margin": null,
            "gross_margin_4q_avg": 0,
            "net_income": null,
            "revenue": null,
            "common_shares": null,
            "book_valuer_per_share": null,
            "book_valuer_per_share_4q_avg": 3.17,
            "equity": null,
            "current_ratio": null,
            "debt_ratio": null,
            "inventory_turnover_ratio": null,
            "account_receivable_turnover_ratio": null,
            "reinvestment_rate": null,
            "research_to_sale_ratio": null,
            "price_fair": 0,
            "eps_avg_yearly": 0,
            "eps_latest_yearly": 0,
            "eps_growth_yearly": 0
        },
        "20033": {
            "year_quarter": 20033,
            "year": 2003,
            "quarter": 3,
            "eps": null,
            "eps_growth_year": null,
            "eps_4q": null,
            "eps_4q_growth_year": null,
            "roe": null,
            "roe_4q": 0,
            "gross_profit": null,
            "gross_margin": null,
            "gross_margin_4q_avg": 0,
            "net_income": null,
            "revenue": null,
            "common_shares": null,
            "book_valuer_per_share": null,
            "book_valuer_per_share_4q_avg": 3.17,
            "equity": null,
            "current_ratio": null,
            "debt_ratio": null,
            "inventory_turnover_ratio": null,
            "account_receivable_turnover_ratio": null,
            "reinvestment_rate": null,
            "research_to_sale_ratio": null,
            "price_fair": 0,
            "eps_avg_yearly": 0,
            "eps_latest_yearly": 0,
            "eps_growth_yearly": 0
        },
        "20034": {
            "year_quarter": 20034,
            "year": 2003,
            "quarter": 4,
            "eps": null,
            "eps_growth_year": null,
            "eps_4q": null,
            "eps_4q_growth_year": null,
            "roe": null,
            "roe_4q": 0,
            "gross_profit": null,
            "gross_margin": null,
            "gross_margin_4q_avg": 0,
            "net_income": null,
            "revenue": null,
            "common_shares": 242000,
            "book_valuer_per_share": 26.05,
            "book_valuer_per_share_4q_avg": 6.51,
            "equity": 630525,
            "current_ratio": 119.15,
            "debt_ratio": 45.05,
            "inventory_turnover_ratio": null,
            "account_receivable_turnover_ratio": null,
            "reinvestment_rate": null,
            "research_to_sale_ratio": null,
            "price_fair": 0,
            "eps_avg_yearly": 0,
            "eps_latest_yearly": 0,
            "eps_growth_yearly": 0
        },
        "20041": {
            "year_quarter": 20041,
            "year": 2004,
            "quarter": 1,
            "eps": null,
            "eps_growth_year": null,
            "eps_4q": null,
            "eps_4q_growth_year": null,
            "roe": null,
            "roe_4q": 0,
            "gross_profit": null,
            "gross_margin": null,
            "gross_margin_4q_avg": 0,
            "net_income": null,
            "revenue": null,
            "common_shares": null,
            "book_valuer_per_share": null,
            "book_valuer_per_share_4q_avg": 6.51,
            "equity": null,
            "current_ratio": null,
            "debt_ratio": null,
            "inventory_turnover_ratio": null,
            "account_receivable_turnover_ratio": null,
            "reinvestment_rate": null,
            "research_to_sale_ratio": null,
            "price_fair": 0,
            "eps_avg_yearly": 0,
            "eps_latest_yearly": 0,
            "eps_growth_yearly": 0
        },
        "20042": {
            "year_quarter": 20042,
            "year": 2004,
            "quarter": 2,
            "eps": null,
            "eps_growth_year": null,
            "eps_4q": null,
            "eps_4q_growth_year": null,
            "roe": null,
            "roe_4q": 0,
            "gross_profit": null,
            "gross_margin": null,
            "gross_margin_4q_avg": 0,
            "net_income": null,
            "revenue": null,
            "common_shares": null,
            "book_valuer_per_share": null,
            "book_valuer_per_share_4q_avg": 6.51,
            "equity": null,
            "current_ratio": null,
            "debt_ratio": null,
            "inventory_turnover_ratio": null,
            "account_receivable_turnover_ratio": null,
            "reinvestment_rate": null,
            "research_to_sale_ratio": null,
            "price_fair": 0,
            "eps_avg_yearly": 0,
            "eps_latest_yearly": 0,
            "eps_growth_yearly": 0
        },
        "20043": {
            "year_quarter": 20043,
            "year": 2004,
            "quarter": 3,
            "eps": null,
            "eps_growth_year": null,
            "eps_4q": null,
            "eps_4q_growth_year": null,
            "roe": null,
            "roe_4q": 0,
            "gross_profit": null,
            "gross_margin": null,
            "gross_margin_4q_avg": 0,
            "net_income": null,
            "revenue": null,
            "common_shares": null,
            "book_valuer_per_share": null,
            "book_valuer_per_share_4q_avg": 6.51,
            "equity": null,
            "current_ratio": null,
            "debt_ratio": null,
            "inventory_turnover_ratio": null,
            "account_receivable_turnover_ratio": null,
            "reinvestment_rate": null,
            "research_to_sale_ratio": null,
            "price_fair": 0,
            "eps_avg_yearly": 0,
            "eps_latest_yearly": 0,
            "eps_growth_yearly": 0
        },
        "20044": {
            "year_quarter": 20044,
            "year": 2004,
            "quarter": 4,
            "eps": null,
            "eps_growth_year": null,
            "eps_4q": null,
            "eps_4q_growth_year": null,
            "roe": null,
            "roe_4q": 0,
            "gross_profit": null,
            "gross_margin": null,
            "gross_margin_4q_avg": 0,
            "net_income": null,
            "revenue": null,
            "common_shares": 429000,
            "book_valuer_per_share": 28.22,
            "book_valuer_per_share_4q_avg": 7.06,
            "equity": 1210805,
            "current_ratio": 140.07,
            "debt_ratio": 73.54,
            "inventory_turnover_ratio": null,
            "account_receivable_turnover_ratio": null,
            "reinvestment_rate": null,
            "research_to_sale_ratio": null,
            "price_fair": 0,
            "eps_avg_yearly": 0,
            "eps_latest_yearly": 0,
            "eps_growth_yearly": 0
        },
        "20051": {
            "year_quarter": 20051,
            "year": 2005,
            "quarter": 1,
            "eps": null,
            "eps_growth_year": null,
            "eps_4q": null,
            "eps_4q_growth_year": null,
            "roe": null,
            "roe_4q": 0,
            "gross_profit": null,
            "gross_margin": null,
            "gross_margin_4q_avg": 0,
            "net_income": null,
            "revenue": null,
            "common_shares": null,
            "book_valuer_per_share": null,
            "book_valuer_per_share_4q_avg": 7.06,
            "equity": null,
            "current_ratio": null,
            "debt_ratio": null,
            "inventory_turnover_ratio": null,
            "account_receivable_turnover_ratio": null,
            "reinvestment_rate": null,
            "research_to_sale_ratio": null,
            "price_fair": 0,
            "eps_avg_yearly": 0,
            "eps_latest_yearly": 0,
            "eps_growth_yearly": 0
        },
        "20052": {
            "year_quarter": 20052,
            "year": 2005,
            "quarter": 2,
            "eps": null,
            "eps_growth_year": null,
            "eps_4q": null,
            "eps_4q_growth_year": null,
            "roe": null,
            "roe_4q": 0,
            "gross_profit": null,
            "gross_margin": null,
            "gross_margin_4q_avg": 0,
            "net_income": null,
            "revenue": null,
            "common_shares": null,
            "book_valuer_per_share": null,
            "book_valuer_per_share_4q_avg": 7.06,
            "equity": null,
            "current_ratio": null,
            "debt_ratio": null,
            "inventory_turnover_ratio": null,
            "account_receivable_turnover_ratio": null,
            "reinvestment_rate": null,
            "research_to_sale_ratio": null,
            "price_fair": 0,
            "eps_avg_yearly": 0,
            "eps_latest_yearly": 0,
            "eps_growth_yearly": 0
        },
        "20053": {
            "year_quarter": 20053,
            "year": 2005,
            "quarter": 3,
            "eps": null,
            "eps_growth_year": null,
            "eps_4q": null,
            "eps_4q_growth_year": null,
            "roe": null,
            "roe_4q": 0,
            "gross_profit": null,
            "gross_margin": null,
            "gross_margin_4q_avg": 0,
            "net_income": null,
            "revenue": null,
            "common_shares": null,
            "book_valuer_per_share": null,
            "book_valuer_per_share_4q_avg": 7.06,
            "equity": null,
            "current_ratio": null,
            "debt_ratio": null,
            "inventory_turnover_ratio": null,
            "account_receivable_turnover_ratio": null,
            "reinvestment_rate": null,
            "research_to_sale_ratio": null,
            "price_fair": 0,
            "eps_avg_yearly": 0,
            "eps_latest_yearly": 0,
            "eps_growth_yearly": 0
        },
        "20054": {
            "year_quarter": 20054,
            "year": 2005,
            "quarter": 4,
            "eps": null,
            "eps_growth_year": null,
            "eps_4q": null,
            "eps_4q_growth_year": null,
            "roe": null,
            "roe_4q": 0,
            "gross_profit": null,
            "gross_margin": null,
            "gross_margin_4q_avg": 0,
            "net_income": null,
            "revenue": null,
            "common_shares": 585700,
            "book_valuer_per_share": 47.52,
            "book_valuer_per_share_4q_avg": 11.88,
            "equity": 2783047,
            "current_ratio": 163.4,
            "debt_ratio": 62.97,
            "inventory_turnover_ratio": null,
            "account_receivable_turnover_ratio": null,
            "reinvestment_rate": null,
            "research_to_sale_ratio": null,
            "price_fair": 0,
            "eps_avg_yearly": 0,
            "eps_latest_yearly": 0,
            "eps_growth_yearly": 0
        },
        "20061": {
            "year_quarter": 20061,
            "year": 2006,
            "quarter": 1,
            "eps": 7.65,
            "eps_growth_year": null,
            "eps_4q": null,
            "eps_4q_growth_year": null,
            "roe": 14.94,
            "roe_4q": 14.94,
            "gross_profit": 534069,
            "gross_margin": 14.7,
            "gross_margin_4q_avg": 3.68,
            "net_income": 448198,
            "revenue": 3632763,
            "common_shares": 585700,
            "book_valuer_per_share": 54.95,
            "book_valuer_per_share_4q_avg": 25.62,
            "equity": 3218638,
            "current_ratio": 254.59,
            "debt_ratio": 33.46,
            "inventory_turnover_ratio": 1.27,
            "account_receivable_turnover_ratio": null,
            "reinvestment_rate": null,
            "research_to_sale_ratio": null,
            "price_fair": 0,
            "eps_avg_yearly": 0,
            "eps_latest_yearly": 0,
            "eps_growth_yearly": 0
        },
        "20062": {
            "year_quarter": 20062,
            "year": 2006,
            "quarter": 2,
            "eps": 2.15,
            "eps_growth_year": null,
            "eps_4q": null,
            "eps_4q_growth_year": null,
            "roe": 4.24,
            "roe_4q": 19.18,
            "gross_profit": 336439,
            "gross_margin": 13.37,
            "gross_margin_4q_avg": 7.02,
            "net_income": 125808,
            "revenue": 2515820,
            "common_shares": 585700,
            "book_valuer_per_share": 46.45,
            "book_valuer_per_share_4q_avg": 37.23,
            "equity": 2720608,
            "current_ratio": 219.06,
            "debt_ratio": 37.39,
            "inventory_turnover_ratio": 3.15,
            "account_receivable_turnover_ratio": null,
            "reinvestment_rate": null,
            "research_to_sale_ratio": null,
            "price_fair": 25.8,
            "eps_avg_yearly": 8.6,
            "eps_latest_yearly": 8.6,
            "eps_growth_yearly": -287.58
        },
        "20063": {
            "year_quarter": 20063,
            "year": 2006,
            "quarter": 3,
            "eps": 10.33,
            "eps_growth_year": null,
            "eps_4q": null,
            "eps_4q_growth_year": null,
            "roe": 24.62,
            "roe_4q": 43.8,
            "gross_profit": 503074,
            "gross_margin": 14.38,
            "gross_margin_4q_avg": 10.61,
            "net_income": 767927,
            "revenue": 3497739,
            "common_shares": 743090,
            "book_valuer_per_share": 47.34,
            "book_valuer_per_share_4q_avg": 49.07,
            "equity": 3518051,
            "current_ratio": 186.86,
            "debt_ratio": 40.31,
            "inventory_turnover_ratio": 3.35,
            "account_receivable_turnover_ratio": null,
            "reinvestment_rate": null,
            "research_to_sale_ratio": null,
            "price_fair": 873.6,
            "eps_avg_yearly": 24.96,
            "eps_latest_yearly": 41.32,
            "eps_growth_yearly": 617.14
        },
        "20064": {
            "year_quarter": 20064,
            "year": 2006,
            "quarter": 4,
            "eps": 5.88,
            "eps_growth_year": null,
            "eps_4q": 23.94,
            "eps_4q_growth_year": null,
            "roe": 11.72,
            "roe_4q": 55.52,
            "gross_profit": 1149554,
            "gross_margin": 36.01,
            "gross_margin_4q_avg": 19.62,
            "net_income": 436943,
            "revenue": 3192247,
            "common_shares": 743090,
            "book_valuer_per_share": 52.99,
            "book_valuer_per_share_4q_avg": 50.43,
            "equity": 3937338,
            "current_ratio": 295.4,
            "debt_ratio": 36.52,
            "inventory_turnover_ratio": 0.87,
            "account_receivable_turnover_ratio": null,
            "reinvestment_rate": null,
            "research_to_sale_ratio": null,
            "price_fair": 856.8,
            "eps_avg_yearly": 24.48,
            "eps_latest_yearly": 23.52,
            "eps_growth_yearly": 353.99
        },
        "20071": {
            "year_quarter": 20071,
            "year": 2007,
            "quarter": 1,
            "eps": 8.38,
            "eps_growth_year": 9.54,
            "eps_4q": 26.29,
            "eps_4q_growth_year": null,
            "roe": 14.62,
            "roe_4q": 55.2,
            "gross_profit": 814454,
            "gross_margin": 25.93,
            "gross_margin_4q_avg": 22.42,
            "net_income": 622645,
            "revenue": 3140540,
            "common_shares": 743090,
            "book_valuer_per_share": 61.65,
            "book_valuer_per_share_4q_avg": 52.11,
            "equity": 4581404,
            "current_ratio": 518.73,
            "debt_ratio": 18.92,
            "inventory_turnover_ratio": 1.19,
            "account_receivable_turnover_ratio": null,
            "reinvestment_rate": null,
            "research_to_sale_ratio": null,
            "price_fair": 935.9,
            "eps_avg_yearly": 26.74,
            "eps_latest_yearly": 33.52,
            "eps_growth_yearly": 308.01
        },
        "20072": {
            "year_quarter": 20072,
            "year": 2007,
            "quarter": 2,
            "eps": 5.73,
            "eps_growth_year": 166.51,
            "eps_4q": 30.32,
            "eps_4q_growth_year": null,
            "roe": 10.46,
            "roe_4q": 61.42,
            "gross_profit": 588646,
            "gross_margin": 27.36,
            "gross_margin_4q_avg": 25.92,
            "net_income": 425909,
            "revenue": 2151511,
            "common_shares": 743090,
            "book_valuer_per_share": 47.96,
            "book_valuer_per_share_4q_avg": 52.49,
            "equity": 3563674,
            "current_ratio": 205.46,
            "debt_ratio": 41.8,
            "inventory_turnover_ratio": 3.67,
            "account_receivable_turnover_ratio": null,
            "reinvestment_rate": null,
            "research_to_sale_ratio": null,
            "price_fair": 909.16,
            "eps_avg_yearly": 25.98,
            "eps_latest_yearly": 22.92,
            "eps_growth_yearly": 221.11
        },
        "20073": {
            "year_quarter": 20073,
            "year": 2007,
            "quarter": 3,
            "eps": 3.75,
            "eps_growth_year": -63.7,
            "eps_4q": 20.12,
            "eps_4q_growth_year": null,
            "roe": 9.13,
            "roe_4q": 45.93,
            "gross_profit": 496891,
            "gross_margin": 23.68,
            "gross_margin_4q_avg": 28.25,
            "net_income": 340297,
            "revenue": 2098576,
            "common_shares": 908208,
            "book_valuer_per_share": 42.87,
            "book_valuer_per_share_4q_avg": 51.37,
            "equity": 3893805,
            "current_ratio": 191.05,
            "debt_ratio": 34.26,
            "inventory_turnover_ratio": 2.87,
            "account_receivable_turnover_ratio": null,
            "reinvestment_rate": null,
            "research_to_sale_ratio": null,
            "price_fair": 845.13,
            "eps_avg_yearly": 24.15,
            "eps_latest_yearly": 15,
            "eps_growth_yearly": 161.22
        },
        "20074": {
            "year_quarter": 20074,
            "year": 2007,
            "quarter": 4,
            "eps": 3.07,
            "eps_growth_year": -47.79,
            "eps_4q": 18.09,
            "eps_4q_growth_year": -24.45,
            "roe": 5.2,
            "roe_4q": 39.410000000000004,
            "gross_profit": 311312,
            "gross_margin": 18.31,
            "gross_margin_4q_avg": 23.82,
            "net_income": 283959,
            "revenue": 1700383,
            "common_shares": 1022638,
            "book_valuer_per_share": 68.73,
            "book_valuer_per_share_4q_avg": 55.3,
            "equity": 7028205,
            "current_ratio": 761.73,
            "debt_ratio": 15.35,
            "inventory_turnover_ratio": 0.75,
            "account_receivable_turnover_ratio": null,
            "reinvestment_rate": null,
            "research_to_sale_ratio": null,
            "price_fair": 785.8,
            "eps_avg_yearly": 22.45,
            "eps_latest_yearly": 12.28,
            "eps_growth_yearly": 127.83
        },
        "20081": {
            "year_quarter": 20081,
            "year": 2008,
            "quarter": 1,
            "eps": 2.67,
            "eps_growth_year": -68.14,
            "eps_4q": 12.93,
            "eps_4q_growth_year": -50.83,
            "roe": 3.86,
            "roe_4q": 28.650000000000002,
            "gross_profit": 453689,
            "gross_margin": 26.84,
            "gross_margin_4q_avg": 24.05,
            "net_income": 273365,
            "revenue": 1690282,
            "common_shares": 1022638,
            "book_valuer_per_share": 69.93,
            "book_valuer_per_share_4q_avg": 57.37,
            "equity": 7150981,
            "current_ratio": 866.13,
            "debt_ratio": 13.8,
            "inventory_turnover_ratio": 0.45,
            "account_receivable_turnover_ratio": null,
            "reinvestment_rate": null,
            "research_to_sale_ratio": null,
            "price_fair": 734.3,
            "eps_avg_yearly": 20.98,
            "eps_latest_yearly": 10.68,
            "eps_growth_yearly": 105.33
        },
        "20082": {
            "year_quarter": 20082,
            "year": 2008,
            "quarter": 2,
            "eps": 1,
            "eps_growth_year": -82.55,
            "eps_4q": 9.78,
            "eps_4q_growth_year": -67.74,
            "roe": 1.6,
            "roe_4q": 19.79,
            "gross_profit": 212505,
            "gross_margin": 16.87,
            "gross_margin_4q_avg": 21.43,
            "net_income": 102225,
            "revenue": 1259583,
            "common_shares": 1022638,
            "book_valuer_per_share": 55.29,
            "book_valuer_per_share_4q_avg": 59.21,
            "equity": 5653684,
            "current_ratio": 359.13,
            "debt_ratio": 30.01,
            "inventory_turnover_ratio": 0.43,
            "account_receivable_turnover_ratio": null,
            "reinvestment_rate": null,
            "research_to_sale_ratio": null,
            "price_fair": 668.27,
            "eps_avg_yearly": 19.09,
            "eps_latest_yearly": 4,
            "eps_growth_yearly": 65.83
        },
        "20083": {
            "year_quarter": 20083,
            "year": 2008,
            "quarter": 3,
            "eps": 1.44,
            "eps_growth_year": -61.6,
            "eps_4q": 7.44,
            "eps_4q_growth_year": -63.04,
            "roe": 2.73,
            "roe_4q": 13.39,
            "gross_profit": 283022,
            "gross_margin": 16.38,
            "gross_margin_4q_avg": 19.6,
            "net_income": 158402,
            "revenue": 1728139,
            "common_shares": 1100270,
            "book_valuer_per_share": 54.01,
            "book_valuer_per_share_4q_avg": 61.99,
            "equity": 5942426,
            "current_ratio": 612.61,
            "debt_ratio": 18.83,
            "inventory_turnover_ratio": 0.65,
            "account_receivable_turnover_ratio": null,
            "reinvestment_rate": null,
            "research_to_sale_ratio": null,
            "price_fair": 621.6,
            "eps_avg_yearly": 17.76,
            "eps_latest_yearly": 5.76,
            "eps_growth_yearly": 76.85
        },
        "20084": {
            "year_quarter": 20084,
            "year": 2008,
            "quarter": 4,
            "eps": 1.29,
            "eps_growth_year": -57.98,
            "eps_4q": 6.14,
            "eps_4q_growth_year": -66.07,
            "roe": 2.36,
            "roe_4q": 10.549999999999999,
            "gross_profit": 226115,
            "gross_margin": 18.28,
            "gross_margin_4q_avg": 19.59,
            "net_income": 142118,
            "revenue": 1236994,
            "common_shares": 1100270,
            "book_valuer_per_share": 55.61,
            "book_valuer_per_share_4q_avg": 58.71,
            "equity": 6118177,
            "current_ratio": 751.59,
            "debt_ratio": 15.86,
            "inventory_turnover_ratio": 0.47,
            "account_receivable_turnover_ratio": 7.58,
            "reinvestment_rate": null,
            "research_to_sale_ratio": null,
            "price_fair": 581.51,
            "eps_avg_yearly": 16.61,
            "eps_latest_yearly": 5.16,
            "eps_growth_yearly": 66.07
        },
        "20091": {
            "year_quarter": 20091,
            "year": 2009,
            "quarter": 1,
            "eps": 1.91,
            "eps_growth_year": -28.46,
            "eps_4q": 5.6,
            "eps_4q_growth_year": -56.71,
            "roe": 3.34,
            "roe_4q": 10.03,
            "gross_profit": 362979,
            "gross_margin": 18.38,
            "gross_margin_4q_avg": 17.48,
            "net_income": 208658,
            "revenue": 1975384,
            "common_shares": 1091190,
            "book_valuer_per_share": 58.44,
            "book_valuer_per_share_4q_avg": 55.84,
            "equity": 6377416,
            "current_ratio": 631.17,
            "debt_ratio": 18.19,
            "inventory_turnover_ratio": 0.84,
            "account_receivable_turnover_ratio": 4.2,
            "reinvestment_rate": null,
            "research_to_sale_ratio": null,
            "price_fair": 555.33,
            "eps_avg_yearly": 15.87,
            "eps_latest_yearly": 7.64,
            "eps_growth_yearly": 76.59
        },
        "20092": {
            "year_quarter": 20092,
            "year": 2009,
            "quarter": 2,
            "eps": 2.21,
            "eps_growth_year": 121,
            "eps_4q": 6.66,
            "eps_4q_growth_year": -31.94,
            "roe": 4.18,
            "roe_4q": 12.61,
            "gross_profit": 407910,
            "gross_margin": 19.49,
            "gross_margin_4q_avg": 18.13,
            "net_income": 253050,
            "revenue": 2093414,
            "common_shares": 1091190,
            "book_valuer_per_share": 52.4,
            "book_valuer_per_share_4q_avg": 55.12,
            "equity": 5717328,
            "current_ratio": 311.47,
            "debt_ratio": 33.65,
            "inventory_turnover_ratio": 0.93,
            "account_receivable_turnover_ratio": 3.04,
            "reinvestment_rate": null,
            "research_to_sale_ratio": null,
            "price_fair": 536.42,
            "eps_avg_yearly": 15.33,
            "eps_latest_yearly": 8.84,
            "eps_growth_yearly": 75.53
        },
        "20093": {
            "year_quarter": 20093,
            "year": 2009,
            "quarter": 3,
            "eps": 3,
            "eps_growth_year": 108.33,
            "eps_4q": 8.26,
            "eps_4q_growth_year": 11.13,
            "roe": 5.87,
            "roe_4q": 15.75,
            "gross_profit": 627687,
            "gross_margin": 21.8,
            "gross_margin_4q_avg": 19.49,
            "net_income": 344168,
            "revenue": 2879425,
            "common_shares": 1150416,
            "book_valuer_per_share": 52.27,
            "book_valuer_per_share_4q_avg": 54.68,
            "equity": 6013684,
            "current_ratio": 335.22,
            "debt_ratio": 31.38,
            "inventory_turnover_ratio": 1.11,
            "account_receivable_turnover_ratio": 3.25,
            "reinvestment_rate": null,
            "research_to_sale_ratio": null,
            "price_fair": 528.1,
            "eps_avg_yearly": 15.09,
            "eps_latest_yearly": 12,
            "eps_growth_yearly": 80.35
        },
        "20094": {
            "year_quarter": 20094,
            "year": 2009,
            "quarter": 4,
            "eps": 2.71,
            "eps_growth_year": 110.08,
            "eps_4q": 9.71,
            "eps_4q_growth_year": 58.2,
            "roe": 5.05,
            "roe_4q": 18.439999999999998,
            "gross_profit": 560127,
            "gross_margin": 20.95,
            "gross_margin_4q_avg": 20.16,
            "net_income": 311039,
            "revenue": 2673535,
            "common_shares": 1150416,
            "book_valuer_per_share": 54.83,
            "book_valuer_per_share_4q_avg": 54.49,
            "equity": 6308193,
            "current_ratio": 379.69,
            "debt_ratio": 27.88,
            "inventory_turnover_ratio": 0.93,
            "account_receivable_turnover_ratio": 6.5,
            "reinvestment_rate": 51.51,
            "research_to_sale_ratio": null,
            "price_fair": 518.19,
            "eps_avg_yearly": 14.81,
            "eps_latest_yearly": 10.84,
            "eps_growth_yearly": 72.41
        },
        "20101": {
            "year_quarter": 20101,
            "year": 2010,
            "quarter": 1,
            "eps": 2.93,
            "eps_growth_year": 53.4,
            "eps_4q": 10.83,
            "eps_4q_growth_year": 93.45,
            "roe": 5.22,
            "roe_4q": 20.32,
            "gross_profit": 560147,
            "gross_margin": 20.98,
            "gross_margin_4q_avg": 20.81,
            "net_income": 337254,
            "revenue": 2669639,
            "common_shares": 1150416,
            "book_valuer_per_share": 57.51,
            "book_valuer_per_share_4q_avg": 54.25,
            "equity": 6616410,
            "current_ratio": 406.3,
            "debt_ratio": 26.12,
            "inventory_turnover_ratio": 0.83,
            "account_receivable_turnover_ratio": 3.16,
            "reinvestment_rate": 55.11,
            "research_to_sale_ratio": 2.26,
            "price_fair": 511.44,
            "eps_avg_yearly": 14.61,
            "eps_latest_yearly": 11.72,
            "eps_growth_yearly": 69.92
        },
        "20102": {
            "year_quarter": 20102,
            "year": 2010,
            "quarter": 2,
            "eps": 2.21,
            "eps_growth_year": -0.19,
            "eps_4q": 10.83,
            "eps_4q_growth_year": 62.73,
            "roe": 4.09,
            "roe_4q": 20.23,
            "gross_profit": 420940,
            "gross_margin": 21.44,
            "gross_margin_4q_avg": 21.29,
            "net_income": 253763,
            "revenue": 1963372,
            "common_shares": 1150416,
            "book_valuer_per_share": 50.34,
            "book_valuer_per_share_4q_avg": 53.74,
            "equity": 5791086,
            "current_ratio": 272.19,
            "debt_ratio": 37.83,
            "inventory_turnover_ratio": 0.51,
            "account_receivable_turnover_ratio": 2.42,
            "reinvestment_rate": 55.9,
            "research_to_sale_ratio": 3.09,
            "price_fair": 511.96,
            "eps_avg_yearly": 14.63,
            "eps_latest_yearly": 8.84,
            "eps_growth_yearly": 81.75
        },
        "20103": {
            "year_quarter": 20103,
            "year": 2010,
            "quarter": 3,
            "eps": 2.42,
            "eps_growth_year": -19.42,
            "eps_4q": 10.26,
            "eps_4q_growth_year": 24.14,
            "roe": 4.71,
            "roe_4q": 19.07,
            "gross_profit": 479369,
            "gross_margin": 16.92,
            "gross_margin_4q_avg": 20.07,
            "net_income": 278103,
            "revenue": 2832990,
            "common_shares": 1150416,
            "book_valuer_per_share": 52.23,
            "book_valuer_per_share_4q_avg": 53.73,
            "equity": 6009170,
            "current_ratio": 428.16,
            "debt_ratio": 25.05,
            "inventory_turnover_ratio": 0.75,
            "account_receivable_turnover_ratio": 3.21,
            "reinvestment_rate": 61.76,
            "research_to_sale_ratio": 2.56,
            "price_fair": 37.95,
            "eps_avg_yearly": 12.65,
            "eps_latest_yearly": 9.68,
            "eps_growth_yearly": -10.99
        },
        "20104": {
            "year_quarter": 20104,
            "year": 2010,
            "quarter": 4,
            "eps": 2.22,
            "eps_growth_year": -18.1,
            "eps_4q": 9.77,
            "eps_4q_growth_year": 0.67,
            "roe": 4.23,
            "roe_4q": 18.25,
            "gross_profit": 337497,
            "gross_margin": 13.44,
            "gross_margin_4q_avg": 18.2,
            "net_income": 255331,
            "revenue": 2510402,
            "common_shares": 1150416,
            "book_valuer_per_share": 52.77,
            "book_valuer_per_share_4q_avg": 53.21,
            "equity": 6070508,
            "current_ratio": 401.02,
            "debt_ratio": 24.98,
            "inventory_turnover_ratio": 0.79,
            "account_receivable_turnover_ratio": 2.85,
            "reinvestment_rate": 56.51,
            "research_to_sale_ratio": 1.4,
            "price_fair": 35.21,
            "eps_avg_yearly": 11.74,
            "eps_latest_yearly": 8.88,
            "eps_growth_yearly": -2.29
        },
        "20111": {
            "year_quarter": 20111,
            "year": 2011,
            "quarter": 1,
            "eps": 2.82,
            "eps_growth_year": -3.75,
            "eps_4q": 9.66,
            "eps_4q_growth_year": -10.76,
            "roe": 5.19,
            "roe_4q": 18.220000000000002,
            "gross_profit": 574215,
            "gross_margin": 20.76,
            "gross_margin_4q_avg": 18.14,
            "net_income": 324274,
            "revenue": 2765386,
            "common_shares": 1150416,
            "book_valuer_per_share": 55.91,
            "book_valuer_per_share_4q_avg": 52.81,
            "equity": 6431778,
            "current_ratio": 314.25,
            "debt_ratio": 31.7,
            "inventory_turnover_ratio": 0.76,
            "account_receivable_turnover_ratio": 3.05,
            "reinvestment_rate": 64.33,
            "research_to_sale_ratio": 2.91,
            "price_fair": 31.04,
            "eps_avg_yearly": 10.35,
            "eps_latest_yearly": 11.28,
            "eps_growth_yearly": -6.16
        },
        "20112": {
            "year_quarter": 20112,
            "year": 2011,
            "quarter": 2,
            "eps": 2.73,
            "eps_growth_year": 23.9,
            "eps_4q": 10.19,
            "eps_4q_growth_year": -5.95,
            "roe": 5.2,
            "roe_4q": 19.330000000000002,
            "gross_profit": 561568,
            "gross_margin": 22.6,
            "gross_margin_4q_avg": 18.43,
            "net_income": 314403,
            "revenue": 2485061,
            "common_shares": 1150416,
            "book_valuer_per_share": 49.13,
            "book_valuer_per_share_4q_avg": 52.51,
            "equity": 5652075,
            "current_ratio": 249.77,
            "debt_ratio": 39.03,
            "inventory_turnover_ratio": 0.55,
            "account_receivable_turnover_ratio": 2.76,
            "reinvestment_rate": 70.28,
            "research_to_sale_ratio": 2.28,
            "price_fair": 95.95,
            "eps_avg_yearly": 9.6,
            "eps_latest_yearly": 10.92,
            "eps_growth_yearly": 0.95
        },
        "20113": {
            "year_quarter": 20113,
            "year": 2011,
            "quarter": 3,
            "eps": 3.19,
            "eps_growth_year": 31.95,
            "eps_4q": 10.96,
            "eps_4q_growth_year": 6.85,
            "roe": 6.2,
            "roe_4q": 20.82,
            "gross_profit": 624406,
            "gross_margin": 21.39,
            "gross_margin_4q_avg": 19.55,
            "net_income": 366957,
            "revenue": 2919133,
            "common_shares": 1150416,
            "book_valuer_per_share": 53.7,
            "book_valuer_per_share_4q_avg": 52.88,
            "equity": 6177505,
            "current_ratio": 286.7,
            "debt_ratio": 33.47,
            "inventory_turnover_ratio": 0.57,
            "account_receivable_turnover_ratio": 3.26,
            "reinvestment_rate": 80.83,
            "research_to_sale_ratio": 4.04,
            "price_fair": 225.01,
            "eps_avg_yearly": 9.46,
            "eps_latest_yearly": 12.76,
            "eps_growth_yearly": 13.8
        },
        "20114": {
            "year_quarter": 20114,
            "year": 2011,
            "quarter": 4,
            "eps": 2.62,
            "eps_growth_year": 18.21,
            "eps_4q": 11.37,
            "eps_4q_growth_year": 16.27,
            "roe": 4.78,
            "roe_4q": 21.37,
            "gross_profit": 562502,
            "gross_margin": 21.51,
            "gross_margin_4q_avg": 21.57,
            "net_income": 301815,
            "revenue": 2614523,
            "common_shares": 1150416,
            "book_valuer_per_share": 56.02,
            "book_valuer_per_share_4q_avg": 53.69,
            "equity": 6444757,
            "current_ratio": 340.37,
            "debt_ratio": 28.98,
            "inventory_turnover_ratio": 0.5,
            "account_receivable_turnover_ratio": 2.95,
            "reinvestment_rate": 73.52,
            "research_to_sale_ratio": 1.14,
            "price_fair": 222.95,
            "eps_avg_yearly": 9.34,
            "eps_latest_yearly": 10.48,
            "eps_growth_yearly": 13.86
        },
        "20121": {
            "year_quarter": 20121,
            "year": 2012,
            "quarter": 1,
            "eps": 2.54,
            "eps_growth_year": -9.93,
            "eps_4q": 11.09,
            "eps_4q_growth_year": 14.75,
            "roe": 4.46,
            "roe_4q": 20.64,
            "gross_profit": 539385,
            "gross_margin": 19.85,
            "gross_margin_4q_avg": 21.34,
            "net_income": 292206,
            "revenue": 2717076,
            "common_shares": 1150416,
            "book_valuer_per_share": 57.87,
            "book_valuer_per_share_4q_avg": 54.18,
            "equity": 6657895,
            "current_ratio": 377.74,
            "debt_ratio": 26.24,
            "inventory_turnover_ratio": 0.57,
            "account_receivable_turnover_ratio": 3.29,
            "reinvestment_rate": 73.14,
            "research_to_sale_ratio": 3.51,
            "price_fair": 245.39,
            "eps_avg_yearly": 9.31,
            "eps_latest_yearly": 10.16,
            "eps_growth_yearly": 16.36
        },
        "20122": {
            "year_quarter": 20122,
            "year": 2012,
            "quarter": 2,
            "eps": 2.04,
            "eps_growth_year": -25.52,
            "eps_4q": 10.39,
            "eps_4q_growth_year": 1.97,
            "roe": 3.8,
            "roe_4q": 19.24,
            "gross_profit": 471644,
            "gross_margin": 20.89,
            "gross_margin_4q_avg": 20.91,
            "net_income": 234176,
            "revenue": 2258258,
            "common_shares": 1150416,
            "book_valuer_per_share": 49.29,
            "book_valuer_per_share_4q_avg": 54.22,
            "equity": 5670574,
            "current_ratio": 249.98,
            "debt_ratio": 39.44,
            "inventory_turnover_ratio": 0.46,
            "account_receivable_turnover_ratio": 2.75,
            "reinvestment_rate": 73.85,
            "research_to_sale_ratio": 2.76,
            "price_fair": 334.95,
            "eps_avg_yearly": 9.57,
            "eps_latest_yearly": 8.16,
            "eps_growth_yearly": 27.07
        },
        "20123": {
            "year_quarter": 20123,
            "year": 2012,
            "quarter": 3,
            "eps": 2.31,
            "eps_growth_year": -27.47,
            "eps_4q": 9.51,
            "eps_4q_growth_year": -13.21,
            "roe": 4.61,
            "roe_4q": 17.650000000000002,
            "gross_profit": 517848,
            "gross_margin": 17.3,
            "gross_margin_4q_avg": 19.89,
            "net_income": 266154,
            "revenue": 2993385,
            "common_shares": 1150416,
            "book_valuer_per_share": 51.05,
            "book_valuer_per_share_4q_avg": 53.56,
            "equity": 5872565,
            "current_ratio": 322.95,
            "debt_ratio": 30.76,
            "inventory_turnover_ratio": 0.64,
            "account_receivable_turnover_ratio": 3.45,
            "reinvestment_rate": 72.11,
            "research_to_sale_ratio": 4.34,
            "price_fair": 287.58,
            "eps_avg_yearly": 9.79,
            "eps_latest_yearly": 9.24,
            "eps_growth_yearly": 19.38
        },
        "20124": {
            "year_quarter": 20124,
            "year": 2012,
            "quarter": 4,
            "eps": 2.11,
            "eps_growth_year": -19.5,
            "eps_4q": 9,
            "eps_4q_growth_year": -20.8,
            "roe": 4.05,
            "roe_4q": 16.92,
            "gross_profit": 521284,
            "gross_margin": 19.38,
            "gross_margin_4q_avg": 19.36,
            "net_income": 242956,
            "revenue": 2689518,
            "common_shares": 1150416,
            "book_valuer_per_share": 53.19,
            "book_valuer_per_share_4q_avg": 52.85,
            "equity": 6118492,
            "current_ratio": 355.47,
            "debt_ratio": 27.93,
            "inventory_turnover_ratio": 0.58,
            "account_receivable_turnover_ratio": 1.99,
            "reinvestment_rate": 69.7,
            "research_to_sale_ratio": 0.67,
            "price_fair": 297.99,
            "eps_avg_yearly": 9.99,
            "eps_latest_yearly": 8.44,
            "eps_growth_yearly": 19.82
        },
        "20131": {
            "year_quarter": 20131,
            "year": 2013,
            "quarter": 1,
            "eps": 2.51,
            "eps_growth_year": -1.18,
            "eps_4q": 8.97,
            "eps_4q_growth_year": -19.11,
            "roe": 4.59,
            "roe_4q": 17.05,
            "gross_profit": 601782,
            "gross_margin": 20.1,
            "gross_margin_4q_avg": 19.42,
            "net_income": 288344,
            "revenue": 2993375,
            "common_shares": 1150416,
            "book_valuer_per_share": 56.11,
            "book_valuer_per_share_4q_avg": 52.41,
            "equity": 6454469,
            "current_ratio": 362.09,
            "debt_ratio": 27.09,
            "inventory_turnover_ratio": 0.7,
            "account_receivable_turnover_ratio": 2.34,
            "reinvestment_rate": 3.31,
            "research_to_sale_ratio": 3.08,
            "price_fair": 228.67,
            "eps_avg_yearly": 10.14,
            "eps_latest_yearly": 10.04,
            "eps_growth_yearly": 12.55
        },
        "20132": {
            "year_quarter": 20132,
            "year": 2013,
            "quarter": 2,
            "eps": 2.5,
            "eps_growth_year": 22.82,
            "eps_4q": 9.43,
            "eps_4q_growth_year": -9.19,
            "roe": 4.66,
            "roe_4q": 17.91,
            "gross_profit": 561569,
            "gross_margin": 24.58,
            "gross_margin_4q_avg": 20.34,
            "net_income": 287483,
            "revenue": 2284875,
            "common_shares": 1150416,
            "book_valuer_per_share": 50.66,
            "book_valuer_per_share_4q_avg": 52.75,
            "equity": 5886156,
            "current_ratio": 270.85,
            "debt_ratio": 36.09,
            "inventory_turnover_ratio": 0.55,
            "account_receivable_turnover_ratio": 2.52,
            "reinvestment_rate": 3.47,
            "research_to_sale_ratio": 4.05,
            "price_fair": 189.17,
            "eps_avg_yearly": 10.22,
            "eps_latest_yearly": 10,
            "eps_growth_yearly": 8.52
        },
        "20133": {
            "year_quarter": 20133,
            "year": 2013,
            "quarter": 3,
            "eps": 2.36,
            "eps_growth_year": 2.01,
            "eps_4q": 9.48,
            "eps_4q_growth_year": -0.37,
            "roe": 4.5,
            "roe_4q": 17.8,
            "gross_profit": 581771,
            "gross_margin": 21.9,
            "gross_margin_4q_avg": 21.49,
            "net_income": 269719,
            "revenue": 2656349,
            "common_shares": 1150416,
            "book_valuer_per_share": 52.55,
            "book_valuer_per_share_4q_avg": 53.13,
            "equity": 6102361,
            "current_ratio": 376.62,
            "debt_ratio": 25.98,
            "inventory_turnover_ratio": 0.68,
            "account_receivable_turnover_ratio": 2.62,
            "reinvestment_rate": 3.75,
            "research_to_sale_ratio": 3.8,
            "price_fair": 30.17,
            "eps_avg_yearly": 10.06,
            "eps_latest_yearly": 9.44,
            "eps_growth_yearly": -1.82
        },
        "20134": {
            "year_quarter": 20134,
            "year": 2013,
            "quarter": 4,
            "eps": 1.86,
            "eps_growth_year": -11.88,
            "eps_4q": 9.23,
            "eps_4q_growth_year": 2.5,
            "roe": 3.41,
            "roe_4q": 17.16,
            "gross_profit": 484291,
            "gross_margin": 19.96,
            "gross_margin_4q_avg": 21.64,
            "net_income": 212491,
            "revenue": 2426381,
            "common_shares": 1150416,
            "book_valuer_per_share": 54.7,
            "book_valuer_per_share_4q_avg": 53.51,
            "equity": 6347640,
            "current_ratio": 325.16,
            "debt_ratio": 29.5,
            "inventory_turnover_ratio": 0.6,
            "account_receivable_turnover_ratio": 2.43,
            "reinvestment_rate": -52.51,
            "research_to_sale_ratio": 6.84,
            "price_fair": 29.53,
            "eps_avg_yearly": 9.84,
            "eps_latest_yearly": 7.44,
            "eps_growth_yearly": -4.7
        },
        "20141": {
            "year_quarter": 20141,
            "year": 2014,
            "quarter": 1,
            "eps": 2.21,
            "eps_growth_year": -11.95,
            "eps_4q": 8.93,
            "eps_4q_growth_year": -0.46,
            "roe": 3.86,
            "roe_4q": 16.43,
            "gross_profit": 556717,
            "gross_margin": 20.85,
            "gross_margin_4q_avg": 21.82,
            "net_income": 251548,
            "revenue": 2670653,
            "common_shares": 1150416,
            "book_valuer_per_share": 57.63,
            "book_valuer_per_share_4q_avg": 53.89,
            "equity": 6683064,
            "current_ratio": 382,
            "debt_ratio": 24.57,
            "inventory_turnover_ratio": 0.63,
            "account_receivable_turnover_ratio": 2.93,
            "reinvestment_rate": -50.5,
            "research_to_sale_ratio": 4.06,
            "price_fair": 28.99,
            "eps_avg_yearly": 9.66,
            "eps_latest_yearly": 8.84,
            "eps_growth_yearly": -2.02
        },
        "20142": {
            "year_quarter": 20142,
            "year": 2014,
            "quarter": 2,
            "eps": -0.12,
            "eps_growth_year": -104.8,
            "eps_4q": 6.31,
            "eps_4q_growth_year": -33.12,
            "roe": -0.32,
            "roe_4q": 11.45,
            "gross_profit": 385079,
            "gross_margin": 19.31,
            "gross_margin_4q_avg": 20.51,
            "net_income": -19316,
            "revenue": 1994180,
            "common_shares": 1150416,
            "book_valuer_per_share": 47.3,
            "book_valuer_per_share_4q_avg": 53.05,
            "equity": 5487782,
            "current_ratio": 264.79,
            "debt_ratio": 35.34,
            "inventory_turnover_ratio": 0.47,
            "account_receivable_turnover_ratio": 2.47,
            "reinvestment_rate": -57.03,
            "research_to_sale_ratio": 5.23,
            "price_fair": 139.89,
            "eps_avg_yearly": 9.72,
            "eps_latest_yearly": 8.84,
            "eps_growth_yearly": 4.4
        },
        "20143": {
            "year_quarter": 20143,
            "year": 2014,
            "quarter": 3,
            "eps": 1.31,
            "eps_growth_year": -44.49,
            "eps_4q": 5.26,
            "eps_4q_growth_year": -44.53,
            "roe": 2.6,
            "roe_4q": 9.55,
            "gross_profit": 419506,
            "gross_margin": 18.01,
            "gross_margin_4q_avg": 19.53,
            "net_income": 145497,
            "revenue": 2329836,
            "common_shares": 1150416,
            "book_valuer_per_share": 49.17,
            "book_valuer_per_share_4q_avg": 52.2,
            "equity": 5698910,
            "current_ratio": 349.13,
            "debt_ratio": 24.3,
            "inventory_turnover_ratio": 0.53,
            "account_receivable_turnover_ratio": 2.74,
            "reinvestment_rate": -43.79,
            "research_to_sale_ratio": 5.56,
            "price_fair": 116.59,
            "eps_avg_yearly": 9.72,
            "eps_latest_yearly": 8.84,
            "eps_growth_yearly": 1.99
        },
        "20144": {
            "year_quarter": 20144,
            "year": 2014,
            "quarter": 4,
            "eps": 1,
            "eps_growth_year": -46.06,
            "eps_4q": 4.4,
            "eps_4q_growth_year": -52.32,
            "roe": 1.89,
            "roe_4q": 8.03,
            "gross_profit": 275943,
            "gross_margin": 14.43,
            "gross_margin_4q_avg": 18.15,
            "net_income": 110477,
            "revenue": 1912320,
            "common_shares": 1150416,
            "book_valuer_per_share": 51.51,
            "book_valuer_per_share_4q_avg": 51.4,
            "equity": 5962856,
            "current_ratio": 416.66,
            "debt_ratio": 22.41,
            "inventory_turnover_ratio": 0.44,
            "account_receivable_turnover_ratio": 1.99,
            "reinvestment_rate": -53.9,
            "research_to_sale_ratio": 6.63,
            "price_fair": 28.11,
            "eps_avg_yearly": 9.37,
            "eps_latest_yearly": 4,
            "eps_growth_yearly": -2.41
        },
        "20151": {
            "year_quarter": 20151,
            "year": 2015,
            "quarter": 1,
            "eps": 0.77,
            "eps_growth_year": -65.16,
            "eps_4q": 2.97,
            "eps_4q_growth_year": -66.78,
            "roe": 1.3,
            "roe_4q": 5.47,
            "gross_profit": 394954,
            "gross_margin": 21.53,
            "gross_margin_4q_avg": 18.32,
            "net_income": 77840,
            "revenue": 1834163,
            "common_shares": 1150416,
            "book_valuer_per_share": 51.91,
            "book_valuer_per_share_4q_avg": 49.97,
            "equity": 6001237,
            "current_ratio": 496.13,
            "debt_ratio": 18.74,
            "inventory_turnover_ratio": 0.42,
            "account_receivable_turnover_ratio": 2.14,
            "reinvestment_rate": -60.04,
            "research_to_sale_ratio": 7.03,
            "price_fair": 26.36,
            "eps_avg_yearly": 8.79,
            "eps_latest_yearly": 3.08,
            "eps_growth_yearly": -16.7
        },
        "20152": {
            "year_quarter": 20152,
            "year": 2015,
            "quarter": 2,
            "eps": 0.28,
            "eps_growth_year": null,
            "eps_4q": 3.36,
            "eps_4q_growth_year": -46.82,
            "roe": 0.42,
            "roe_4q": 6.21,
            "gross_profit": 313899,
            "gross_margin": 20.94,
            "gross_margin_4q_avg": 18.73,
            "net_income": 24367,
            "revenue": 1498775,
            "common_shares": 1150416,
            "book_valuer_per_share": 47.72,
            "book_valuer_per_share_4q_avg": 50.08,
            "equity": 5511176,
            "current_ratio": 344.06,
            "debt_ratio": 28.63,
            "inventory_turnover_ratio": 0.41,
            "account_receivable_turnover_ratio": 1.84,
            "reinvestment_rate": -80.51,
            "research_to_sale_ratio": 8.49,
            "price_fair": 24.26,
            "eps_avg_yearly": 8.09,
            "eps_latest_yearly": 1.12,
            "eps_growth_yearly": -33.97
        },
        "20153": {
            "year_quarter": 20153,
            "year": 2015,
            "quarter": 3,
            "eps": 0.55,
            "eps_growth_year": -58.02,
            "eps_4q": 2.6,
            "eps_4q_growth_year": -50.59,
            "roe": 0.88,
            "roe_4q": 4.49,
            "gross_profit": 408363,
            "gross_margin": 21.79,
            "gross_margin_4q_avg": 19.67,
            "net_income": 49667,
            "revenue": 1873994,
            "common_shares": 1150416,
            "book_valuer_per_share": 50.43,
            "book_valuer_per_share_4q_avg": 50.39,
            "equity": 5809745,
            "current_ratio": 312.77,
            "debt_ratio": 31.14,
            "inventory_turnover_ratio": 0.5,
            "account_receivable_turnover_ratio": 1.96,
            "reinvestment_rate": -102.89,
            "research_to_sale_ratio": 8.07,
            "price_fair": 21.99,
            "eps_avg_yearly": 7.33,
            "eps_latest_yearly": 2.2,
            "eps_growth_yearly": -11.23
        },
        "20154": {
            "year_quarter": 20154,
            "year": 2015,
            "quarter": 4,
            "eps": 0.5,
            "eps_growth_year": -50.27,
            "eps_4q": 2.09,
            "eps_4q_growth_year": -52.43,
            "roe": 0.93,
            "roe_4q": 3.5300000000000002,
            "gross_profit": 325282,
            "gross_margin": 16.18,
            "gross_margin_4q_avg": 20.11,
            "net_income": 54257,
            "revenue": 2010438,
            "common_shares": 1150416,
            "book_valuer_per_share": 50.86,
            "book_valuer_per_share_4q_avg": 50.23,
            "equity": 5856539,
            "current_ratio": 348.07,
            "debt_ratio": 27.97,
            "inventory_turnover_ratio": 0.53,
            "account_receivable_turnover_ratio": 1.94,
            "reinvestment_rate": -103.59,
            "research_to_sale_ratio": 5.6,
            "price_fair": 20.18,
            "eps_avg_yearly": 6.73,
            "eps_latest_yearly": 2,
            "eps_growth_yearly": -8.72
        },
        "20161": {
            "year_quarter": 20161,
            "year": 2016,
            "quarter": 1,
            "eps": 0.67,
            "eps_growth_year": -12.99,
            "eps_4q": 1.99,
            "eps_4q_growth_year": -33,
            "roe": 1.13,
            "roe_4q": 3.36,
            "gross_profit": 386934,
            "gross_margin": 21.07,
            "gross_margin_4q_avg": 20,
            "net_income": 66017,
            "revenue": 1836166,
            "common_shares": 1150416,
            "book_valuer_per_share": 50.83,
            "book_valuer_per_share_4q_avg": 49.96,
            "equity": 5842733,
            "current_ratio": 376.03,
            "debt_ratio": 25.81,
            "inventory_turnover_ratio": 0.46,
            "account_receivable_turnover_ratio": 2.02,
            "reinvestment_rate": -111.91,
            "research_to_sale_ratio": 8.14,
            "price_fair": 73.45,
            "eps_avg_yearly": 6.19,
            "eps_latest_yearly": 2.68,
            "eps_growth_yearly": 1.86
        },
        "20162": {
            "year_quarter": 20162,
            "year": 2016,
            "quarter": 2,
            "eps": 0.13,
            "eps_growth_year": -53.57,
            "eps_4q": 1.84,
            "eps_4q_growth_year": -45.02,
            "roe": 0.17,
            "roe_4q": 3.11,
            "gross_profit": 304512,
            "gross_margin": 18.8,
            "gross_margin_4q_avg": 19.46,
            "net_income": 9482,
            "revenue": 1619383,
            "common_shares": 1150416,
            "book_valuer_per_share": 48.57,
            "book_valuer_per_share_4q_avg": 50.17,
            "equity": 5576121,
            "current_ratio": 372.6,
            "debt_ratio": 26.17,
            "inventory_turnover_ratio": 0.44,
            "account_receivable_turnover_ratio": 1.98,
            "reinvestment_rate": -127.38,
            "research_to_sale_ratio": 8.81,
            "price_fair": 16.94,
            "eps_avg_yearly": 5.65,
            "eps_latest_yearly": 0.52,
            "eps_growth_yearly": -15.54
        },
        "20163": {
            "year_quarter": 20163,
            "year": 2016,
            "quarter": 3,
            "eps": 0.51,
            "eps_growth_year": -7.27,
            "eps_4q": 1.81,
            "eps_4q_growth_year": -30.37,
            "roe": 0.89,
            "roe_4q": 3.12,
            "gross_profit": 367937,
            "gross_margin": 21.01,
            "gross_margin_4q_avg": 19.27,
            "net_income": 49522,
            "revenue": 1750987,
            "common_shares": 1150416,
            "book_valuer_per_share": 48.08,
            "book_valuer_per_share_4q_avg": 49.59,
            "equity": 5510427,
            "current_ratio": 341.38,
            "debt_ratio": 28.41,
            "inventory_turnover_ratio": 0.49,
            "account_receivable_turnover_ratio": 2.1,
            "reinvestment_rate": -139.93,
            "research_to_sale_ratio": 9.07,
            "price_fair": 179.6,
            "eps_avg_yearly": 5.13,
            "eps_latest_yearly": 2.04,
            "eps_growth_yearly": 64.19
        },
        "20164": {
            "year_quarter": 20164,
            "year": 2016,
            "quarter": 4,
            "eps": 0.08,
            "eps_growth_year": -84.32,
            "eps_4q": 1.39,
            "eps_4q_growth_year": -33.7,
            "roe": -0.03,
            "roe_4q": 2.16,
            "gross_profit": 304087,
            "gross_margin": 15.89,
            "gross_margin_4q_avg": 19.19,
            "net_income": -1646,
            "revenue": 1914084,
            "common_shares": 1150416,
            "book_valuer_per_share": 49.19,
            "book_valuer_per_share_4q_avg": 49.17,
            "equity": 5627480,
            "current_ratio": 317.84,
            "debt_ratio": 30.37,
            "inventory_turnover_ratio": 0.59,
            "account_receivable_turnover_ratio": 1.82,
            "reinvestment_rate": -154.33,
            "research_to_sale_ratio": 7.98,
            "price_fair": 159.3,
            "eps_avg_yearly": 4.55,
            "eps_latest_yearly": 0.32,
            "eps_growth_yearly": 42.58
        },
        "20171": {
            "year_quarter": 20171,
            "year": 2017,
            "quarter": 1,
            "eps": 0.82,
            "eps_growth_year": 22.39,
            "eps_4q": 1.54,
            "eps_4q_growth_year": -22.34,
            "roe": 1.58,
            "roe_4q": 2.61,
            "gross_profit": 417852,
            "gross_margin": 21.34,
            "gross_margin_4q_avg": 19.26,
            "net_income": 87917,
            "revenue": 1958064,
            "common_shares": 1150416,
            "book_valuer_per_share": 47.91,
            "book_valuer_per_share_4q_avg": 48.44,
            "equity": 5474338,
            "current_ratio": 307.77,
            "debt_ratio": 31.39,
            "inventory_turnover_ratio": 0.58,
            "account_receivable_turnover_ratio": 1.58,
            "reinvestment_rate": -0.56,
            "research_to_sale_ratio": 9.32,
            "price_fair": 142.4,
            "eps_avg_yearly": 4.07,
            "eps_latest_yearly": 3.28,
            "eps_growth_yearly": 301.45
        },
        "20172": {
            "year_quarter": 20172,
            "year": 2017,
            "quarter": 2,
            "eps": 0.7,
            "eps_growth_year": 438.46,
            "eps_4q": 2.11,
            "eps_4q_growth_year": 14.46,
            "roe": 1.18,
            "roe_4q": 3.62,
            "gross_profit": 405319,
            "gross_margin": 17.05,
            "gross_margin_4q_avg": 18.82,
            "net_income": 64125,
            "revenue": 2377598,
            "common_shares": 1150416,
            "book_valuer_per_share": 46.82,
            "book_valuer_per_share_4q_avg": 48,
            "equity": 5359795,
            "current_ratio": 231.82,
            "debt_ratio": 41.68,
            "inventory_turnover_ratio": 0.69,
            "account_receivable_turnover_ratio": 1.59,
            "reinvestment_rate": -0.15,
            "research_to_sale_ratio": 7.59,
            "price_fair": 124.4,
            "eps_avg_yearly": 3.55,
            "eps_latest_yearly": 2.8,
            "eps_growth_yearly": 297.38
        },
        "20173": {
            "year_quarter": 20173,
            "year": 2017,
            "quarter": 3,
            "eps": 1.52,
            "eps_growth_year": 198.04,
            "eps_4q": 2.98,
            "eps_4q_growth_year": 64.79,
            "roe": 3.14,
            "roe_4q": 5.87,
            "gross_profit": 579347,
            "gross_margin": 23.95,
            "gross_margin_4q_avg": 19.56,
            "net_income": 171872,
            "revenue": 2419218,
            "common_shares": 1207456,
            "book_valuer_per_share": 46.61,
            "book_valuer_per_share_4q_avg": 47.63,
            "equity": 5597024,
            "current_ratio": 255.87,
            "debt_ratio": 37.78,
            "inventory_turnover_ratio": 0.59,
            "account_receivable_turnover_ratio": 1.46,
            "reinvestment_rate": -0.56,
            "research_to_sale_ratio": 8.39,
            "price_fair": 116,
            "eps_avg_yearly": 3.31,
            "eps_latest_yearly": 6.08,
            "eps_growth_yearly": 332.45
        },
        "20174": {
            "year_quarter": 20174,
            "year": 2017,
            "quarter": 4,
            "eps": 0.98,
            "eps_growth_year": 1149.63,
            "eps_4q": 3.88,
            "eps_4q_growth_year": 179.91,
            "roe": 2.1,
            "roe_4q": 8,
            "gross_profit": 556032,
            "gross_margin": 22.63,
            "gross_margin_4q_avg": 21.24,
            "net_income": 118573,
            "revenue": 2456767,
            "common_shares": 1207456,
            "book_valuer_per_share": 47.39,
            "book_valuer_per_share_4q_avg": 47.18,
            "equity": 5691993,
            "current_ratio": 264.59,
            "debt_ratio": 36.52,
            "inventory_turnover_ratio": 0.59,
            "account_receivable_turnover_ratio": 1.66,
            "reinvestment_rate": -10.68,
            "research_to_sale_ratio": 8.92,
            "price_fair": 107.2,
            "eps_avg_yearly": 3.06,
            "eps_latest_yearly": 3.92,
            "eps_growth_yearly": 328.35
        },
        "20181": {
            "year_quarter": 20181,
            "year": 2018,
            "quarter": 1,
            "eps": 1.56,
            "eps_growth_year": 90.24,
            "eps_4q": 4.66,
            "eps_4q_growth_year": 202.3,
            "roe": 3.1,
            "roe_4q": 9.52,
            "gross_profit": 678680,
            "gross_margin": 25.74,
            "gross_margin_4q_avg": 22.34,
            "net_income": 178448,
            "revenue": 2636382,
            "common_shares": 1207456,
            "book_valuer_per_share": 48.63,
            "book_valuer_per_share_4q_avg": 47.36,
            "equity": 5831888,
            "current_ratio": 251.55,
            "debt_ratio": 37.31,
            "inventory_turnover_ratio": 0.55,
            "account_receivable_turnover_ratio": 1.86,
            "reinvestment_rate": -25.72,
            "research_to_sale_ratio": 9.17,
            "price_fair": 100.7,
            "eps_avg_yearly": 2.88,
            "eps_latest_yearly": 6.24,
            "eps_growth_yearly": 339.89
        },
        "20182": {
            "year_quarter": 20182,
            "year": 2018,
            "quarter": 2,
            "eps": 1.35,
            "eps_growth_year": 92.86,
            "eps_4q": 5.34,
            "eps_4q_growth_year": 153,
            "roe": 2.79,
            "roe_4q": 11.13,
            "gross_profit": 543933,
            "gross_margin": 22.91,
            "gross_margin_4q_avg": 23.81,
            "net_income": 161730,
            "revenue": 2374510,
            "common_shares": 1207456,
            "book_valuer_per_share": 48,
            "book_valuer_per_share_4q_avg": 47.66,
            "equity": 5754969,
            "current_ratio": 226.64,
            "debt_ratio": 39.62,
            "inventory_turnover_ratio": 0.44,
            "account_receivable_turnover_ratio": 1.59,
            "reinvestment_rate": -20.61,
            "research_to_sale_ratio": 8,
            "price_fair": 106.59,
            "eps_avg_yearly": 3.05,
            "eps_latest_yearly": 5.4,
            "eps_growth_yearly": 313.64
        },
        "20183": {
            "year_quarter": 20183,
            "year": 2018,
            "quarter": 3,
            "eps": 1.19,
            "eps_growth_year": -21.71,
            "eps_4q": 5.08,
            "eps_4q_growth_year": 70.44,
            "roe": 2.51,
            "roe_4q": 10.5,
            "gross_profit": 543782,
            "gross_margin": 22.36,
            "gross_margin_4q_avg": 23.41,
            "net_income": 147225,
            "revenue": 2432361,
            "common_shares": 1207456,
            "book_valuer_per_share": 49.49,
            "book_valuer_per_share_4q_avg": 48.38,
            "equity": 5963892,
            "current_ratio": 250.74,
            "debt_ratio": 37.24,
            "inventory_turnover_ratio": 0.39,
            "account_receivable_turnover_ratio": 1.38,
            "reinvestment_rate": -62.71,
            "research_to_sale_ratio": 8.98,
            "price_fair": 110.34,
            "eps_avg_yearly": 3.15,
            "eps_latest_yearly": 4.76,
            "eps_growth_yearly": 291.07
        },
        "20184": {
            "year_quarter": 20184,
            "year": 2018,
            "quarter": 4,
            "eps": 0.81,
            "eps_growth_year": -17.26,
            "eps_4q": 4.91,
            "eps_4q_growth_year": 26.48,
            "roe": 1.75,
            "roe_4q": 10.15,
            "gross_profit": 501368,
            "gross_margin": 18.23,
            "gross_margin_4q_avg": 22.31,
            "net_income": 105393,
            "revenue": 2749902,
            "common_shares": 1207456,
            "book_valuer_per_share": 50.67,
            "book_valuer_per_share_4q_avg": 49.2,
            "equity": 6111488,
            "current_ratio": 268.59,
            "debt_ratio": 34.74,
            "inventory_turnover_ratio": 0.44,
            "account_receivable_turnover_ratio": 1.52,
            "reinvestment_rate": -21.18,
            "research_to_sale_ratio": 7.1,
            "price_fair": 108.68,
            "eps_avg_yearly": 3.11,
            "eps_latest_yearly": 3.24,
            "eps_growth_yearly": 289
        },
        "20191": {
            "year_quarter": 20191,
            "year": 2019,
            "quarter": 1,
            "eps": 0.81,
            "eps_growth_year": -48.08,
            "eps_4q": 4.16,
            "eps_4q_growth_year": -10.86,
            "roe": 1.65,
            "roe_4q": 8.7,
            "gross_profit": 481816,
            "gross_margin": 17.07,
            "gross_margin_4q_avg": 20.14,
            "net_income": 101671,
            "revenue": 2823035,
            "common_shares": 1206976,
            "book_valuer_per_share": 51.81,
            "book_valuer_per_share_4q_avg": 49.99,
            "equity": 6247773,
            "current_ratio": 261.47,
            "debt_ratio": 36.31,
            "inventory_turnover_ratio": 0.46,
            "account_receivable_turnover_ratio": 1.65,
            "reinvestment_rate": -20.98,
            "research_to_sale_ratio": 6.49,
            "price_fair": 109.03,
            "eps_avg_yearly": 3.12,
            "eps_latest_yearly": 3.24,
            "eps_growth_yearly": 294.75
        },
        "20192": {
            "year_quarter": 20192,
            "year": 2019,
            "quarter": 2,
            "eps": 0.82,
            "eps_growth_year": -39.26,
            "eps_4q": 3.63,
            "eps_4q_growth_year": -32.1,
            "roe": 1.86,
            "roe_4q": 7.77,
            "gross_profit": 537963,
            "gross_margin": 18.8,
            "gross_margin_4q_avg": 19.12,
            "net_income": 113457,
            "revenue": 2861597,
            "common_shares": 1206976,
            "book_valuer_per_share": 49.06,
            "book_valuer_per_share_4q_avg": 50.26,
            "equity": 5930385,
            "current_ratio": 230.74,
            "debt_ratio": 42.27,
            "inventory_turnover_ratio": 0.46,
            "account_receivable_turnover_ratio": 1.44,
            "reinvestment_rate": 2.35,
            "research_to_sale_ratio": 7.58,
            "price_fair": 113.75,
            "eps_avg_yearly": 3.25,
            "eps_latest_yearly": 3.28,
            "eps_growth_yearly": 310.97
        },
        "20193": {
            "year_quarter": 20193,
            "year": 2019,
            "quarter": 3,
            "eps": 1.72,
            "eps_growth_year": 44.54,
            "eps_4q": 4.16,
            "eps_4q_growth_year": -18.18,
            "roe": 3.74,
            "roe_4q": 9,
            "gross_profit": 693959,
            "gross_margin": 17.94,
            "gross_margin_4q_avg": 18.01,
            "net_income": 229784,
            "revenue": 3867590,
            "common_shares": 1206790,
            "book_valuer_per_share": 50.83,
            "book_valuer_per_share_4q_avg": 50.59,
            "equity": 6368674,
            "current_ratio": 255.55,
            "debt_ratio": 38.07,
            "inventory_turnover_ratio": 0.66,
            "account_receivable_turnover_ratio": 1.8,
            "reinvestment_rate": 0.88,
            "research_to_sale_ratio": 5.65,
            "price_fair": 123.99,
            "eps_avg_yearly": 3.54,
            "eps_latest_yearly": 6.88,
            "eps_growth_yearly": 314.3
        },
        "20194": {
            "year_quarter": 20194,
            "year": 2019,
            "quarter": 4,
            "eps": 1.6,
            "eps_growth_year": 98.26,
            "eps_4q": 4.95,
            "eps_4q_growth_year": 0.81,
            "roe": 3.2,
            "roe_4q": 10.450000000000001,
            "gross_profit": 725595,
            "gross_margin": 18.78,
            "gross_margin_4q_avg": 18.15,
            "net_income": 205147,
            "revenue": 3862868,
            "common_shares": 1206472,
            "book_valuer_per_share": 51.37,
            "book_valuer_per_share_4q_avg": 50.77,
            "equity": 6454467,
            "current_ratio": 259.03,
            "debt_ratio": 37.13,
            "inventory_turnover_ratio": 0.64,
            "account_receivable_turnover_ratio": 2.07,
            "reinvestment_rate": 0.76,
            "research_to_sale_ratio": 5.25,
            "price_fair": 133.61,
            "eps_avg_yearly": 3.82,
            "eps_latest_yearly": 6.4,
            "eps_growth_yearly": 314.83
        },
        "20201": {
            "year_quarter": 20201,
            "year": 2020,
            "quarter": 1,
            "eps": 1.55,
            "eps_growth_year": 91.36,
            "eps_4q": 5.69,
            "eps_4q_growth_year": 36.96,
            "roe": 3.17,
            "roe_4q": 11.969999999999999,
            "gross_profit": 641674,
            "gross_margin": 17.84,
            "gross_margin_4q_avg": 18.34,
            "net_income": 200940,
            "revenue": 3596289,
            "common_shares": 1206472,
            "book_valuer_per_share": 49.27,
            "book_valuer_per_share_4q_avg": 50.13,
            "equity": 6214644,
            "current_ratio": 232.45,
            "debt_ratio": 41.35,
            "inventory_turnover_ratio": 0.59,
            "account_receivable_turnover_ratio": 2.24,
            "reinvestment_rate": 0.67,
            "research_to_sale_ratio": 6.07,
            "price_fair": 141.31,
            "eps_avg_yearly": 4.04,
            "eps_latest_yearly": 6.2,
            "eps_growth_yearly": 305.55
        },
        "20202": {
            "year_quarter": 20202,
            "year": 2020,
            "quarter": 2,
            "eps": 2.75,
            "eps_growth_year": 235.37,
            "eps_4q": 7.62,
            "eps_4q_growth_year": 110.2,
            "roe": 6.35,
            "roe_4q": 16.46,
            "gross_profit": 998133,
            "gross_margin": 21.16,
            "gross_margin_4q_avg": 18.93,
            "net_income": 405262,
            "revenue": 4717460,
            "common_shares": 1206424,
            "book_valuer_per_share": 51.48,
            "book_valuer_per_share_4q_avg": 50.74,
            "equity": 6554288,
            "current_ratio": 213.29,
            "debt_ratio": 45.24,
            "inventory_turnover_ratio": 0.72,
            "account_receivable_turnover_ratio": 2.34,
            "reinvestment_rate": 0.51,
            "research_to_sale_ratio": 5.48,
            "price_fair": 164.24,
            "eps_avg_yearly": 4.69,
            "eps_latest_yearly": 11,
            "eps_growth_yearly": 345.06
        },
        "20203": {
            "year_quarter": 20203,
            "year": 2020,
            "quarter": 3,
            "eps": 4.04,
            "eps_growth_year": 134.88,
            "eps_4q": 9.95,
            "eps_4q_growth_year": 139.29,
            "roe": 7.85,
            "roe_4q": 20.569999999999997,
            "gross_profit": 1203645,
            "gross_margin": 23.15,
            "gross_margin_4q_avg": 20.23,
            "net_income": 533017,
            "revenue": 5199482,
            "common_shares": 1206424,
            "book_valuer_per_share": 54.93,
            "book_valuer_per_share_4q_avg": 51.76,
            "equity": 7022900,
            "current_ratio": 225.58,
            "debt_ratio": 42.76,
            "inventory_turnover_ratio": 0.72,
            "account_receivable_turnover_ratio": 2.24,
            "reinvestment_rate": 0.84,
            "research_to_sale_ratio": 5.81,
            "price_fair": 195.13,
            "eps_avg_yearly": 5.58,
            "eps_latest_yearly": 16.16,
            "eps_growth_yearly": 283.71
        },
        "20204": {
            "year_quarter": 20204,
            "year": 2020,
            "quarter": 4,
            "eps": 2.96,
            "eps_growth_year": 84.33,
            "eps_4q": 11.3,
            "eps_4q_growth_year": 128.15,
            "roe": 5.15,
            "roe_4q": 22.520000000000003,
            "gross_profit": 1008569,
            "gross_margin": 22.93,
            "gross_margin_4q_avg": 21.27,
            "net_income": 369364,
            "revenue": 4398353,
            "common_shares": 1206424,
            "book_valuer_per_share": 57.2,
            "book_valuer_per_share_4q_avg": 53.22,
            "equity": 7308436,
            "current_ratio": 256.83,
            "debt_ratio": 37.62,
            "inventory_turnover_ratio": 0.58,
            "account_receivable_turnover_ratio": 2.29,
            "reinvestment_rate": 0.36,
            "research_to_sale_ratio": 5.93,
            "price_fair": 220.33,
            "eps_avg_yearly": 6.3,
            "eps_latest_yearly": 11.84,
            "eps_growth_yearly": 298.1
        },
        "20211": {
            "year_quarter": 20211,
            "year": 2021,
            "quarter": 1,
            "eps": 4.14,
            "eps_growth_year": 167.1,
            "eps_4q": 13.89,
            "eps_4q_growth_year": 143.91,
            "roe": 7.21,
            "roe_4q": 26.560000000000002,
            "gross_profit": 1180808,
            "gross_margin": 25.25,
            "gross_margin_4q_avg": 23.12,
            "net_income": 510874,
            "revenue": 4675963,
            "common_shares": 1206424,
            "book_valuer_per_share": 53.39,
            "book_valuer_per_share_4q_avg": 54.25,
            "equity": 6859763,
            "current_ratio": 214.12,
            "debt_ratio": 45.01,
            "inventory_turnover_ratio": 0.58,
            "account_receivable_turnover_ratio": 2.54,
            "reinvestment_rate": 0.69,
            "research_to_sale_ratio": 5.75,
            "price_fair": 249.38,
            "eps_avg_yearly": 7.13,
            "eps_latest_yearly": 16.56,
            "eps_growth_yearly": 76.82
        },
        "20212": {
            "year_quarter": 20212,
            "year": 2021,
            "quarter": 2,
            "eps": 6.59,
            "eps_growth_year": 139.64,
            "eps_4q": 17.74,
            "eps_4q_growth_year": 132.61,
            "roe": 11.31,
            "roe_4q": 31.520000000000003,
            "gross_profit": 1636220,
            "gross_margin": 30.42,
            "gross_margin_4q_avg": 25.44,
            "net_income": 817495,
            "revenue": 5378140,
            "common_shares": 1206424,
            "book_valuer_per_share": 59.25,
            "book_valuer_per_share_4q_avg": 56.19,
            "equity": 7595363,
            "current_ratio": 205.44,
            "debt_ratio": 45.44,
            "inventory_turnover_ratio": 0.59,
            "account_receivable_turnover_ratio": 2.77,
            "reinvestment_rate": 0.12,
            "research_to_sale_ratio": 5.64,
            "price_fair": 300.91,
            "eps_avg_yearly": 8.6,
            "eps_latest_yearly": 26.36,
            "eps_growth_yearly": 95.27
        },
        "20213": {
            "year_quarter": 20213,
            "year": 2021,
            "quarter": 3,
            "eps": 3.36,
            "eps_growth_year": -16.83,
            "eps_4q": 17.05,
            "eps_4q_growth_year": 71.47,
            "roe": 5.51,
            "roe_4q": 29.18,
            "gross_profit": 1140286,
            "gross_margin": 28.01,
            "gross_margin_4q_avg": 26.65,
            "net_income": 430602,
            "revenue": 4071509,
            "common_shares": 1206424,
            "book_valuer_per_share": 62.7,
            "book_valuer_per_share_4q_avg": 58.14,
            "equity": 8032778,
            "current_ratio": 240.27,
            "debt_ratio": 38.58,
            "inventory_turnover_ratio": 0.41,
            "account_receivable_turnover_ratio": 2.44,
            "reinvestment_rate": 0.13,
            "research_to_sale_ratio": 7.86,
            "price_fair": 317.01,
            "eps_avg_yearly": 9.06,
            "eps_latest_yearly": 13.44,
            "eps_growth_yearly": 53.73
        },
        "20214": {
            "year_quarter": 20214,
            "year": 2021,
            "quarter": 4,
            "eps": 5.54,
            "eps_growth_year": 87.18,
            "eps_4q": 19.37,
            "eps_4q_growth_year": 71.44,
            "roe": 8.33,
            "roe_4q": 32.36,
            "gross_profit": 1606711,
            "gross_margin": 28.5,
            "gross_margin_4q_avg": 28.05,
            "net_income": 700967,
            "revenue": 5637060,
            "common_shares": 1229254,
            "book_valuer_per_share": 67.29,
            "book_valuer_per_share_4q_avg": 60.66,
            "equity": 8788844,
            "current_ratio": 219.9,
            "debt_ratio": 44.7,
            "inventory_turnover_ratio": 0.46,
            "account_receivable_turnover_ratio": 3.33,
            "reinvestment_rate": -0.19,
            "research_to_sale_ratio": 6.6,
            "price_fair": 356.91,
            "eps_avg_yearly": 10.2,
            "eps_latest_yearly": 22.16,
            "eps_growth_yearly": 78.83
        },
        "20221": {
            "year_quarter": 20221,
            "year": 2022,
            "quarter": 1,
            "eps": 5,
            "eps_growth_year": 20.77,
            "eps_4q": 20.31,
            "eps_4q_growth_year": 46.2,
            "roe": 7.73,
            "roe_4q": 32.88,
            "gross_profit": 1370142,
            "gross_margin": 27.19,
            "gross_margin_4q_avg": 28.53,
            "net_income": 648627,
            "revenue": 5038348,
            "common_shares": 1229254,
            "book_valuer_per_share": 60.62,
            "book_valuer_per_share_4q_avg": 62.47,
            "equity": 7991449,
            "current_ratio": 198.76,
            "debt_ratio": 49.28,
            "inventory_turnover_ratio": 0.36,
            "account_receivable_turnover_ratio": 2.76,
            "reinvestment_rate": -0.04,
            "research_to_sale_ratio": 7.06,
            "price_fair": 387.01,
            "eps_avg_yearly": 11.06,
            "eps_latest_yearly": 20,
            "eps_growth_yearly": 61.6
        },
        "20222": {
            "year_quarter": 20222,
            "year": 2022,
            "quarter": 2,
            "eps": 2.02,
            "eps_growth_year": -69.35,
            "eps_4q": 15.86,
            "eps_4q_growth_year": -10.59,
            "roe": 3.58,
            "roe_4q": 25.15,
            "gross_profit": 823857,
            "gross_margin": 22.77,
            "gross_margin_4q_avg": 26.62,
            "net_income": 294729,
            "revenue": 3617465,
            "common_shares": 1229254,
            "book_valuer_per_share": 64.14,
            "book_valuer_per_share_4q_avg": 63.69,
            "equity": 8470657,
            "current_ratio": 238.4,
            "debt_ratio": 40.7,
            "inventory_turnover_ratio": 0.28,
            "account_receivable_turnover_ratio": 2.24,
            "reinvestment_rate": 1.87,
            "research_to_sale_ratio": 8.63,
            "price_fair": 392.88,
            "eps_avg_yearly": 11.23,
            "eps_latest_yearly": 8.08,
            "eps_growth_yearly": 50.07
        },
        "20223": {
            "year_quarter": 20223,
            "year": 2022,
            "quarter": 3,
            "eps": 1.46,
            "eps_growth_year": -56.55,
            "eps_4q": 14.13,
            "eps_4q_growth_year": -17.16,
            "roe": 2.69,
            "roe_4q": 22.33,
            "gross_profit": 655055,
            "gross_margin": 18.37,
            "gross_margin_4q_avg": 24.21,
            "net_income": 234153,
            "revenue": 3565647,
            "common_shares": 1229254,
            "book_valuer_per_share": 67.84,
            "book_valuer_per_share_4q_avg": 64.97,
            "equity": 8932143,
            "current_ratio": 251.14,
            "debt_ratio": 38.66,
            "inventory_turnover_ratio": 0.31,
            "account_receivable_turnover_ratio": 2.26,
            "reinvestment_rate": 2.85,
            "research_to_sale_ratio": 8.04,
            "price_fair": 395.24,
            "eps_avg_yearly": 11.29,
            "eps_latest_yearly": 5.84,
            "eps_growth_yearly": 46.1
        },
        "20224": {
            "year_quarter": 20224,
            "year": 2022,
            "quarter": 4,
            "eps": 0.19,
            "eps_growth_year": -96.55,
            "eps_4q": 8.74,
            "eps_4q_growth_year": -54.88,
            "roe": 0.55,
            "roe_4q": 14.55,
            "gross_profit": 851503,
            "gross_margin": 17.38,
            "gross_margin_4q_avg": 21.43,
            "net_income": 49291,
            "revenue": 4899459,
            "common_shares": 1219930,
            "book_valuer_per_share": 67.15,
            "book_valuer_per_share_4q_avg": 64.94,
            "equity": 8893927,
            "current_ratio": 240.7,
            "debt_ratio": 39.77,
            "inventory_turnover_ratio": 0.47,
            "account_receivable_turnover_ratio": 2.95,
            "reinvestment_rate": 3.68,
            "research_to_sale_ratio": 6.24,
            "price_fair": 389.81,
            "eps_avg_yearly": 11.14,
            "eps_latest_yearly": 0.76,
            "eps_growth_yearly": 32.33
        },
        "20231": {
            "year_quarter": 20231,
            "year": 2023,
            "quarter": 1,
            "eps": 1.03,
            "eps_growth_year": -79.4,
            "eps_4q": 4.73,
            "eps_4q_growth_year": -76.72,
            "roe": 1.28,
            "roe_4q": 8.1,
            "gross_profit": 730226,
            "gross_margin": 16.61,
            "gross_margin_4q_avg": 18.78,
            "net_income": 107968,
            "revenue": 4395071,
            "common_shares": 1219894,
            "book_valuer_per_share": 60.01,
            "book_valuer_per_share_4q_avg": 64.79,
            "equity": 8005466,
            "current_ratio": 227.44,
            "debt_ratio": 42.1,
            "inventory_turnover_ratio": 0.47,
            "account_receivable_turnover_ratio": 2.68,
            "reinvestment_rate": 3.12,
            "research_to_sale_ratio": 6.52,
            "price_fair": 391.74,
            "eps_avg_yearly": 11.19,
            "eps_latest_yearly": 4.12,
            "eps_growth_yearly": 142.86
        }
    },
    "months": {
        "2006-09": {
            "month": "2006-09",
            "price": "400.32",
            "revenue": 1569573
        },
        "2006-10": {
            "month": "2006-10",
            "price": "429.00",
            "revenue": 1182235
        },
        "2006-12": {
            "month": "2006-12",
            "price": "430.00",
            "revenue": 908472
        },
        "2007-01": {
            "month": "2007-01",
            "price": "411.50",
            "revenue": 1099741
        },
        "2007-02": {
            "month": "2007-02",
            "price": "400.50",
            "revenue": 991755
        },
        "2007-03": {
            "month": "2007-03",
            "price": "396.80",
            "revenue": 1049044
        },
        "2007-04": {
            "month": "2007-04",
            "price": "395.95",
            "revenue": 821398
        },
        "2007-05": {
            "month": "2007-05",
            "price": "408.88",
            "revenue": 655624
        },
        "2007-06": {
            "month": "2007-06",
            "price": "477.63",
            "revenue": 674488
        },
        "2007-07": {
            "month": "2007-07",
            "price": "514.24",
            "revenue": 603280
        },
        "2007-08": {
            "month": "2007-08",
            "price": "484.58",
            "revenue": 780824
        },
        "2007-09": {
            "month": "2007-09",
            "price": "401.26",
            "revenue": 714471
        },
        "2007-10": {
            "month": "2007-10",
            "price": "344.18",
            "revenue": 722130
        },
        "2007-11": {
            "month": "2007-11",
            "price": "212.68",
            "revenue": 672123
        },
        "2007-12": {
            "month": "2007-12",
            "price": "188.17",
            "revenue": 519303
        },
        "2008-01": {
            "month": "2008-01",
            "price": "145.77",
            "revenue": 675192
        },
        "2008-02": {
            "month": "2008-02",
            "price": "133.64",
            "revenue": 535724
        },
        "2008-03": {
            "month": "2008-03",
            "price": "138.07",
            "revenue": 473750
        },
        "2008-04": {
            "month": "2008-04",
            "price": "153.57",
            "revenue": 408426
        },
        "2008-05": {
            "month": "2008-05",
            "price": "169.69",
            "revenue": 395605
        },
        "2008-06": {
            "month": "2008-06",
            "price": "143.40",
            "revenue": 411804
        },
        "2008-07": {
            "month": "2008-07",
            "price": "121.02",
            "revenue": 633615
        },
        "2008-08": {
            "month": "2008-08",
            "price": "98.40",
            "revenue": 443627
        },
        "2008-09": {
            "month": "2008-09",
            "price": "67.97",
            "revenue": 521576
        },
        "2008-10": {
            "month": "2008-10",
            "price": "71.24",
            "revenue": 421002
        },
        "2008-11": {
            "month": "2008-11",
            "price": "52.41",
            "revenue": 371140
        },
        "2008-12": {
            "month": "2008-12",
            "price": "47.22",
            "revenue": 373756
        },
        "2009-01": {
            "month": "2009-01",
            "price": "48.94",
            "revenue": 602821
        },
        "2009-02": {
            "month": "2009-02",
            "price": "54.67",
            "revenue": 623949
        },
        "2009-03": {
            "month": "2009-03",
            "price": "60.80",
            "revenue": 766377
        },
        "2009-04": {
            "month": "2009-04",
            "price": "74.75",
            "revenue": 663902
        },
        "2009-05": {
            "month": "2009-05",
            "price": "97.58",
            "revenue": 771611
        },
        "2009-06": {
            "month": "2009-06",
            "price": "96.74",
            "revenue": 796474
        },
        "2009-07": {
            "month": "2009-07",
            "price": "122.52",
            "revenue": 1033120
        },
        "2009-08": {
            "month": "2009-08",
            "price": "127.08",
            "revenue": 856427
        },
        "2009-09": {
            "month": "2009-09",
            "price": "129.25",
            "revenue": 1124764
        },
        "2009-10": {
            "month": "2009-10",
            "price": "127.18",
            "revenue": 970312
        },
        "2009-11": {
            "month": "2009-11",
            "price": "128.33",
            "revenue": 991795
        },
        "2009-12": {
            "month": "2009-12",
            "price": "133.15",
            "revenue": 780227
        },
        "2010-01": {
            "month": "2010-01",
            "price": "140.88",
            "revenue": 969778
        },
        "2010-02": {
            "month": "2010-02",
            "price": "125.07",
            "revenue": 726442
        },
        "2010-03": {
            "month": "2010-03",
            "price": "130.24",
            "revenue": 971071
        },
        "2010-04": {
            "month": "2010-04",
            "price": "135.21",
            "revenue": 685877
        },
        "2010-05": {
            "month": "2010-05",
            "price": "129.90",
            "revenue": 606502
        },
        "2010-06": {
            "month": "2010-06",
            "price": "125.45",
            "revenue": 647680
        },
        "2010-07": {
            "month": "2010-07",
            "price": "124.02",
            "revenue": 842032
        },
        "2010-08": {
            "month": "2010-08",
            "price": "125.30",
            "revenue": 882178
        },
        "2010-09": {
            "month": "2010-09",
            "price": "113.05",
            "revenue": 998712
        },
        "2010-10": {
            "month": "2010-10",
            "price": "111.48",
            "revenue": 990844
        },
        "2010-11": {
            "month": "2010-11",
            "price": "109.32",
            "revenue": 955965
        },
        "2010-12": {
            "month": "2010-12",
            "price": "112.41",
            "revenue": 683899
        },
        "2011-01": {
            "month": "2011-01",
            "price": "106.40",
            "revenue": 1049655
        },
        "2011-02": {
            "month": "2011-02",
            "price": "100.81",
            "revenue": 659445
        },
        "2011-03": {
            "month": "2011-03",
            "price": "98.88",
            "revenue": 1050941
        },
        "2011-04": {
            "month": "2011-04",
            "price": "106.09",
            "revenue": 1052163
        },
        "2011-05": {
            "month": "2011-05",
            "price": "115.57",
            "revenue": 701800
        },
        "2011-06": {
            "month": "2011-06",
            "price": "119.38",
            "revenue": 726859
        },
        "2011-07": {
            "month": "2011-07",
            "price": "118.02",
            "revenue": 845323
        },
        "2011-08": {
            "month": "2011-08",
            "price": "107.29",
            "revenue": 1008694
        },
        "2011-09": {
            "month": "2011-09",
            "price": "97.52",
            "revenue": 1066476
        },
        "2011-10": {
            "month": "2011-10",
            "price": "95.78",
            "revenue": 1013114
        },
        "2011-11": {
            "month": "2011-11",
            "price": "97.70",
            "revenue": 963660
        },
        "2011-12": {
            "month": "2011-12",
            "price": "95.93",
            "revenue": 734036
        },
        "2012-01": {
            "month": "2012-01",
            "price": "97.46",
            "revenue": 748878
        },
        "2012-02": {
            "month": "2012-02",
            "price": "108.15",
            "revenue": 925252
        },
        "2012-03": {
            "month": "2012-03",
            "price": "121.26",
            "revenue": 1043029
        },
        "2012-04": {
            "month": "2012-04",
            "price": "113.55",
            "revenue": 656212
        },
        "2012-05": {
            "month": "2012-05",
            "price": "115.95",
            "revenue": 848116
        },
        "2012-06": {
            "month": "2012-06",
            "price": "113.69",
            "revenue": 766540
        },
        "2012-07": {
            "month": "2012-07",
            "price": "113.77",
            "revenue": 879090
        },
        "2012-08": {
            "month": "2012-08",
            "price": "107.75",
            "revenue": 1024920
        },
        "2012-09": {
            "month": "2012-09",
            "price": "106.45",
            "revenue": 1079741
        },
        "2012-10": {
            "month": "2012-10",
            "price": "104.36",
            "revenue": 911723
        },
        "2012-11": {
            "month": "2012-11",
            "price": "99.09",
            "revenue": 985787
        },
        "2012-12": {
            "month": "2012-12",
            "price": "99.20",
            "revenue": 811936
        },
        "2013-01": {
            "month": "2013-01",
            "price": "101.90",
            "revenue": 1271538
        },
        "2013-02": {
            "month": "2013-02",
            "price": "105.85",
            "revenue": 789097
        },
        "2013-03": {
            "month": "2013-03",
            "price": "107.10",
            "revenue": 914841
        },
        "2013-04": {
            "month": "2013-04",
            "price": "106.65",
            "revenue": 683395
        },
        "2013-05": {
            "month": "2013-05",
            "price": "106.50",
            "revenue": 915750
        },
        "2013-06": {
            "month": "2013-06",
            "price": "103.89",
            "revenue": 680999
        },
        "2013-07": {
            "month": "2013-07",
            "price": "104.93",
            "revenue": 785846
        },
        "2013-08": {
            "month": "2013-08",
            "price": "100.30",
            "revenue": 916819
        },
        "2013-09": {
            "month": "2013-09",
            "price": "99.48",
            "revenue": 952039
        },
        "2013-10": {
            "month": "2013-10",
            "price": "98.97",
            "revenue": 822717
        },
        "2013-11": {
            "month": "2013-11",
            "price": "100.06",
            "revenue": 883673
        },
        "2013-12": {
            "month": "2013-12",
            "price": "110.73",
            "revenue": 802704
        },
        "2014-01": {
            "month": "2014-01",
            "price": "115.00",
            "revenue": 1009573
        },
        "2014-02": {
            "month": "2014-02",
            "price": "115.15",
            "revenue": 725264
        },
        "2014-03": {
            "month": "2014-03",
            "price": "115.67",
            "revenue": 917617
        },
        "2014-04": {
            "month": "2014-04",
            "price": "117.76",
            "revenue": 757601
        },
        "2014-05": {
            "month": "2014-05",
            "price": "120.33",
            "revenue": 632794
        },
        "2014-06": {
            "month": "2014-06",
            "price": "120.95",
            "revenue": 607122
        },
        "2014-07": {
            "month": "2014-07",
            "price": "118.11",
            "revenue": 720197
        },
        "2014-08": {
            "month": "2014-08",
            "price": "103.68",
            "revenue": 741116
        },
        "2014-09": {
            "month": "2014-09",
            "price": "91.57",
            "revenue": 861132
        },
        "2014-10": {
            "month": "2014-10",
            "price": "85.33",
            "revenue": 744687
        },
        "2014-11": {
            "month": "2014-11",
            "price": "78.22",
            "revenue": 656711
        },
        "2014-12": {
            "month": "2014-12",
            "price": "72.12",
            "revenue": 574463
        },
        "2015-01": {
            "month": "2015-01",
            "price": "72.43",
            "revenue": 697081
        },
        "2015-02": {
            "month": "2015-02",
            "price": "72.65",
            "revenue": 504600
        },
        "2015-03": {
            "month": "2015-03",
            "price": "74.80",
            "revenue": 636294
        },
        "2015-04": {
            "month": "2015-04",
            "price": "73.90",
            "revenue": 526779
        },
        "2015-05": {
            "month": "2015-05",
            "price": "67.62",
            "revenue": 465324
        },
        "2015-06": {
            "month": "2015-06",
            "price": "56.98",
            "revenue": 511252
        },
        "2015-07": {
            "month": "2015-07",
            "price": "54.24",
            "revenue": 548066
        },
        "2015-08": {
            "month": "2015-08",
            "price": "43.40",
            "revenue": 617409
        },
        "2015-09": {
            "month": "2015-09",
            "price": "38.89",
            "revenue": 706272
        },
        "2015-10": {
            "month": "2015-10",
            "price": "39.86",
            "revenue": 787773
        },
        "2015-11": {
            "month": "2015-11",
            "price": "48.77",
            "revenue": 683020
        },
        "2015-12": {
            "month": "2015-12",
            "price": "40.47",
            "revenue": 589324
        },
        "2016-01": {
            "month": "2016-01",
            "price": "38.03",
            "revenue": 709944
        },
        "2016-02": {
            "month": "2016-02",
            "price": "41.13",
            "revenue": 513346
        },
        "2016-03": {
            "month": "2016-03",
            "price": "44.08",
            "revenue": 619103
        },
        "2016-04": {
            "month": "2016-04",
            "price": "44.39",
            "revenue": 550419
        },
        "2016-05": {
            "month": "2016-05",
            "price": "41.37",
            "revenue": 512108
        },
        "2016-06": {
            "month": "2016-06",
            "price": "40.54",
            "revenue": 559366
        },
        "2016-07": {
            "month": "2016-07",
            "price": "42.46",
            "revenue": 579473
        },
        "2016-08": {
            "month": "2016-08",
            "price": "43.34",
            "revenue": 548417
        },
        "2016-09": {
            "month": "2016-09",
            "price": "39.43",
            "revenue": 622272
        },
        "2016-10": {
            "month": "2016-10",
            "price": "37.97",
            "revenue": 636473
        },
        "2016-11": {
            "month": "2016-11",
            "price": "37.26",
            "revenue": 665066
        },
        "2016-12": {
            "month": "2016-12",
            "price": "37.75",
            "revenue": 612908
        },
        "2017-01": {
            "month": "2017-01",
            "price": "38.11",
            "revenue": 677211
        },
        "2017-02": {
            "month": "2017-02",
            "price": "39.66",
            "revenue": 583609
        },
        "2017-03": {
            "month": "2017-03",
            "price": "42.56",
            "revenue": 707589
        },
        "2017-04": {
            "month": "2017-04",
            "price": "40.57",
            "revenue": 656920
        },
        "2017-05": {
            "month": "2017-05",
            "price": "52.19",
            "revenue": 797271
        },
        "2017-06": {
            "month": "2017-06",
            "price": "59.61",
            "revenue": 919515
        },
        "2017-07": {
            "month": "2017-07",
            "price": "64.99",
            "revenue": 900129
        },
        "2017-08": {
            "month": "2017-08",
            "price": "85.47",
            "revenue": 826094
        },
        "2017-09": {
            "month": "2017-09",
            "price": "77.31",
            "revenue": 699914
        },
        "2017-10": {
            "month": "2017-10",
            "price": "80.74",
            "revenue": 850370
        },
        "2017-11": {
            "month": "2017-11",
            "price": "77.14",
            "revenue": 851302
        },
        "2017-12": {
            "month": "2017-12",
            "price": "72.21",
            "revenue": 752472
        },
        "2018-01": {
            "month": "2018-01",
            "price": "72.86",
            "revenue": 914545
        },
        "2018-02": {
            "month": "2018-02",
            "price": "71.13",
            "revenue": 749608
        },
        "2018-03": {
            "month": "2018-03",
            "price": "92.48",
            "revenue": 972928
        },
        "2018-04": {
            "month": "2018-04",
            "price": "83.09",
            "revenue": 785354
        },
        "2018-05": {
            "month": "2018-05",
            "price": "76.80",
            "revenue": 753928
        },
        "2018-06": {
            "month": "2018-06",
            "price": "73.22",
            "revenue": 832096
        },
        "2018-07": {
            "month": "2018-07",
            "price": "66.04",
            "revenue": 842206
        },
        "2018-08": {
            "month": "2018-08",
            "price": "65.61",
            "revenue": 803501
        },
        "2018-09": {
            "month": "2018-09",
            "price": "55.22",
            "revenue": 784184
        },
        "2018-10": {
            "month": "2018-10",
            "price": "50.40",
            "revenue": 906641
        },
        "2018-11": {
            "month": "2018-11",
            "price": "50.95",
            "revenue": 1183562
        },
        "2018-12": {
            "month": "2018-12",
            "price": "53.79",
            "revenue": 665439
        },
        "2019-01": {
            "month": "2019-01",
            "price": "53.89",
            "revenue": 999864
        },
        "2019-02": {
            "month": "2019-02",
            "price": "59.60",
            "revenue": 850043
        },
        "2019-03": {
            "month": "2019-03",
            "price": "62.58",
            "revenue": 973045
        },
        "2019-04": {
            "month": "2019-04",
            "price": "63.94",
            "revenue": 902442
        },
        "2019-05": {
            "month": "2019-05",
            "price": "60.08",
            "revenue": 987344
        },
        "2019-06": {
            "month": "2019-06",
            "price": "61.04",
            "revenue": 971082
        },
        "2019-07": {
            "month": "2019-07",
            "price": "59.49",
            "revenue": 1269205
        },
        "2019-08": {
            "month": "2019-08",
            "price": "58.46",
            "revenue": 1322380
        },
        "2019-09": {
            "month": "2019-09",
            "price": "66.18",
            "revenue": 1278155
        },
        "2019-10": {
            "month": "2019-10",
            "price": "75.05",
            "revenue": 1338733
        },
        "2019-11": {
            "month": "2019-11",
            "price": "76.16",
            "revenue": 1460755
        },
        "2019-12": {
            "month": "2019-12",
            "price": "77.33",
            "revenue": 1056602
        },
        "2020-01": {
            "month": "2020-01",
            "price": "80.88",
            "revenue": 1410743
        },
        "2020-02": {
            "month": "2020-02",
            "price": "107.09",
            "revenue": 1049725
        },
        "2020-03": {
            "month": "2020-03",
            "price": "96.60",
            "revenue": 1135097
        },
        "2020-04": {
            "month": "2020-04",
            "price": "121.32",
            "revenue": 1331555
        },
        "2020-05": {
            "month": "2020-05",
            "price": "128.50",
            "revenue": 1652360
        },
        "2020-06": {
            "month": "2020-06",
            "price": "142.30",
            "revenue": 1733265
        },
        "2020-07": {
            "month": "2020-07",
            "price": "166.00",
            "revenue": 1879657
        },
        "2020-08": {
            "month": "2020-08",
            "price": "183.88",
            "revenue": 1733370
        },
        "2020-09": {
            "month": "2020-09",
            "price": "186.68",
            "revenue": 1576766
        },
        "2020-10": {
            "month": "2020-10",
            "price": "169.18",
            "revenue": 1513305
        },
        "2020-11": {
            "month": "2020-11",
            "price": "166.17",
            "revenue": 1541350
        },
        "2020-12": {
            "month": "2020-12",
            "price": "161.72",
            "revenue": 1328131
        },
        "2021-01": {
            "month": "2021-01",
            "price": "154.28",
            "revenue": 1649931
        },
        "2021-02": {
            "month": "2021-02",
            "price": "148.19",
            "revenue": 1255300
        },
        "2021-03": {
            "month": "2021-03",
            "price": "157.11",
            "revenue": 1771307
        },
        "2021-04": {
            "month": "2021-04",
            "price": "160.82",
            "revenue": 1945465
        },
        "2021-05": {
            "month": "2021-05",
            "price": "161.76",
            "revenue": 1838910
        },
        "2021-06": {
            "month": "2021-06",
            "price": "184.74",
            "revenue": 1592956
        },
        "2021-07": {
            "month": "2021-07",
            "price": "176.07",
            "revenue": 1284226
        },
        "2021-08": {
            "month": "2021-08",
            "price": "146.39",
            "revenue": 1439479
        },
        "2021-09": {
            "month": "2021-09",
            "price": "147.55",
            "revenue": 1351697
        },
        "2021-10": {
            "month": "2021-10",
            "price": "165.20",
            "revenue": 1485075
        },
        "2021-11": {
            "month": "2021-11",
            "price": "220.20",
            "revenue": 1945576
        },
        "2021-12": {
            "month": "2021-12",
            "price": "270.02",
            "revenue": 2204812
        },
        "2022-01": {
            "month": "2022-01",
            "price": "253.75",
            "revenue": 2223025
        },
        "2022-02": {
            "month": "2022-02",
            "price": "231.03",
            "revenue": 1258447
        },
        "2022-03": {
            "month": "2022-03",
            "price": "208.91",
            "revenue": 1552531
        },
        "2022-04": {
            "month": "2022-04",
            "price": "175.42",
            "revenue": 1169369
        },
        "2022-05": {
            "month": "2022-05",
            "price": "154.74",
            "revenue": 1371420
        },
        "2022-06": {
            "month": "2022-06",
            "price": "132.86",
            "revenue": 1051396
        },
        "2022-07": {
            "month": "2022-07",
            "price": "102.84",
            "revenue": 989566
        },
        "2022-08": {
            "month": "2022-08",
            "price": "97.79",
            "revenue": 1192075
        },
        "2022-09": {
            "month": "2022-09",
            "price": "94.98",
            "revenue": 1380203
        },
        "2022-10": {
            "month": "2022-10",
            "price": "91.84",
            "revenue": 1544870
        },
        "2022-11": {
            "month": "2022-11",
            "price": "114.99",
            "revenue": 1995046
        },
        "2022-12": {
            "month": "2022-12",
            "price": "135.59",
            "revenue": 1411594
        },
        "2023-01": {
            "month": "2023-01",
            "price": "149.23",
            "revenue": 1432028
        },
        "2023-02": {
            "month": "2023-02",
            "price": "151.94",
            "revenue": 1325353
        },
        "2023-03": {
            "month": "2023-03",
            "price": "143.54",
            "revenue": 1638100
        },
        "2023-04": {
            "month": "2023-04",
            "price": "138.24",
            "revenue": 1261559
        },
        "2023-05": {
            "month": "2023-05",
            "price": "138.77",
            "revenue": 1261430
        }
    }
}
