{
    "summary": {
        "stock_name": "亞帝歐",
        "stock_id": "3516",
        "category": "光電",
        "main_business": "照明產品設計組裝",
        "website_url": "http://www.adotek.com.tw",
        "ceo": "廖書尉",
        "pe_ratio": 22,
        "report_year_from": 2006,
        "report_year_to": 2023,
        "age": 17,
        "eps_negative_percentage": 50,
        "eps_growth_avg": {
            "last_all": -12.7,
            "last_2y": 75,
            "last_4y": 31.25,
            "last_8y": 31.25,
            "last_12y": 5,
            "last_16y": null,
            "last_20y": null,
            "at_2006_last_3y": null,
            "at_2007_last_3y": null,
            "at_2008_last_3y": null,
            "at_2009_last_3y": null,
            "at_2010_last_3y": -71.29,
            "at_2011_last_3y": -100,
            "at_2012_last_3y": -100,
            "at_2013_last_3y": -100,
            "at_2014_last_3y": null,
            "at_2015_last_3y": null,
            "at_2016_last_3y": null,
            "at_2017_last_3y": null,
            "at_2018_last_3y": -100,
            "at_2019_last_3y": -100,
            "at_2020_last_3y": 0,
            "at_2021_last_3y": 33.33,
            "at_2022_last_3y": 75,
            "at_2023_last_3y": 75,
            "at_2006_last_all": null,
            "at_2007_last_all": null,
            "at_2008_last_all": -56.94,
            "at_2009_last_all": -56.94,
            "at_2010_last_all": -71.29,
            "at_2011_last_all": -71.29,
            "at_2012_last_all": -71.29,
            "at_2013_last_all": -71.29,
            "at_2014_last_all": -71.29,
            "at_2015_last_all": -71.29,
            "at_2016_last_all": -71.29,
            "at_2017_last_all": -71.29,
            "at_2018_last_all": -78.47,
            "at_2019_last_all": -78.47,
            "at_2020_last_all": -42.78,
            "at_2021_last_all": -18.98,
            "at_2022_last_all": -12.7,
            "at_2023_last_all": -12.7
        },
        "latest_eps": 0.85,
        "latest_price": 18.3,
        "latest_roe": 3.51,
        "latest_gross_margin": 14.16,
        "latest_equity": 1438964,
        "latest_revenue": 239972,
        "latest_gross_profit": 33991,
        "latest_net_income": 3330,
        "latest_debt_ratio": 38.98,
        "latest_current_ratio": 213.67,
        "latest_account_receivable_turnover_ratio": 0.71,
        "latest_inventory_turnover_ratio": 1.07,
        "latest_reinvestment_rate": 108.71,
        "latest_research_to_sale_ratio": 3.14
    },
    "eps_dividends": {
        "2001": {
            "cash": 0,
            "stock": 0,
            "eps": 0
        },
        "2002": {
            "cash": 0,
            "stock": 0,
            "eps": 0
        },
        "2003": {
            "cash": 0,
            "stock": 0,
            "eps": 0
        },
        "2004": {
            "cash": 0,
            "stock": 0,
            "eps": 0
        },
        "2005": {
            "cash": 0,
            "stock": 0,
            "eps": 0
        },
        "2006": {
            "cash": 2,
            "stock": 1,
            "eps": 4.18
        },
        "2007": {
            "cash": 2.5,
            "stock": 0.5,
            "eps": 3.6
        },
        "2008": {
            "cash": 2,
            "stock": 0.3,
            "eps": -1.02
        },
        "2009": {
            "cash": 0,
            "stock": 0,
            "eps": 0.15
        },
        "2010": {
            "cash": 0.5,
            "stock": 0,
            "eps": -0.72
        },
        "2011": {
            "cash": 0,
            "stock": 0,
            "eps": -2.72
        },
        "2012": {
            "cash": 0,
            "stock": 0,
            "eps": -3.97
        },
        "2013": {
            "cash": 0,
            "stock": 0,
            "eps": -1.56
        },
        "2014": {
            "cash": 0,
            "stock": 0,
            "eps": -2.79
        },
        "2015": {
            "cash": 0,
            "stock": 0,
            "eps": -0.67
        },
        "2016": {
            "cash": 0,
            "stock": 0,
            "eps": -2.55
        },
        "2017": {
            "cash": 0,
            "stock": 0,
            "eps": 0.2
        },
        "2018": {
            "cash": 0,
            "stock": 0,
            "eps": -1.06
        },
        "2019": {
            "cash": 0,
            "stock": 0,
            "eps": 0.04
        },
        "2020": {
            "cash": 0,
            "stock": 0,
            "eps": 0.35
        },
        "2021": {
            "cash": 0.2,
            "stock": 0,
            "eps": 0.88
        },
        "2022": {
            "cash": 0.2,
            "stock": 0,
            "eps": 1.1
        },
        "2023": {
            "cash": 0.2,
            "stock": 0.4,
            "eps": 0.03
        }
    },
    "dividends": {
        "2006-05-09": {
            "cash": 2,
            "stock": 1
        },
        "2007-04-12": {
            "cash": 2.5,
            "stock": 0.5
        },
        "2008-03-27": {
            "cash": 2,
            "stock": 0.3
        },
        "2010-04-07": {
            "cash": 0.5,
            "stock": 0
        },
        "2021-10-26": {
            "cash": 0.2,
            "stock": 0
        },
        "2022-08-10": {
            "cash": 0.2,
            "stock": 0
        },
        "2023-03-20": {
            "cash": 0.2,
            "stock": 0.4
        }
    },
    "prices": {
        "200101": "無",
        "200102": "無",
        "200103": "無",
        "200104": "無",
        "200105": "無",
        "200106": "無",
        "200107": "無",
        "200108": "無",
        "200109": "無",
        "200110": "無",
        "200111": "無",
        "200112": "無",
        "200201": "無",
        "200202": "無",
        "200203": "無",
        "200204": "無",
        "200205": "無",
        "200206": "無",
        "200207": "無",
        "200208": "無",
        "200209": "無",
        "200210": "無",
        "200211": "無",
        "200212": "無",
        "200301": "無",
        "200302": "無",
        "200303": "無",
        "200304": "無",
        "200305": "無",
        "200306": "無",
        "200307": "無",
        "200308": "無",
        "200309": "無",
        "200310": "無",
        "200311": "無",
        "200312": "無",
        "200401": "無",
        "200402": "無",
        "200403": "無",
        "200404": "無",
        "200405": "無",
        "200406": "無",
        "200407": "無",
        "200408": "無",
        "200409": "無",
        "200410": "無",
        "200411": "無",
        "200412": "無",
        "200501": "無",
        "200502": "無",
        "200503": "無",
        "200504": "無",
        "200505": "無",
        "200506": "無",
        "200507": "無",
        "200508": "無",
        "200509": "無",
        "200510": "無",
        "200511": "無",
        "200512": "無",
        "200601": "無",
        "200602": "無",
        "200603": "無",
        "200604": "無",
        "200605": "無",
        "200606": "無",
        "200607": "無",
        "200608": "無",
        "200609": "105.52",
        "200610": "93.83",
        "200611": "85.91",
        "200612": "84.98",
        "200701": "79.72",
        "200702": "74.93",
        "200703": "67.97",
        "200704": "65.10",
        "200705": "63.00",
        "200706": "68.44",
        "200707": "75.73",
        "200708": "69.83",
        "200709": "60.54",
        "200710": "54.60",
        "200711": "38.00",
        "200712": "37.43",
        "200801": "32.22",
        "200802": "31.24",
        "200803": "31.14",
        "200804": "32.73",
        "200805": "34.36",
        "200806": "28.32",
        "200807": "20.76",
        "200808": "19.89",
        "200809": "13.06",
        "200810": "10.20",
        "200811": "7.51",
        "200812": "7.04",
        "200901": "7.12",
        "200902": "7.68",
        "200903": "9.72",
        "200904": "10.77",
        "200905": "11.30",
        "200906": "15.02",
        "200907": "16.90",
        "200908": "15.96",
        "200909": "16.65",
        "200910": "17.13",
        "200911": "17.25",
        "200912": "19.64",
        "201001": "21.29",
        "201002": "17.56",
        "201003": "18.90",
        "201004": "19.36",
        "201005": "16.07",
        "201006": "15.28",
        "201007": "16.45",
        "201008": "16.37",
        "201009": "15.24",
        "201010": "14.98",
        "201011": "13.70",
        "201012": "13.77",
        "201101": "14.20",
        "201102": "14.84",
        "201103": "17.84",
        "201104": "16.89",
        "201105": "14.00",
        "201106": "13.37",
        "201107": "12.38",
        "201108": "10.65",
        "201109": "10.33",
        "201110": "10.13",
        "201111": "9.97",
        "201112": "8.94",
        "201201": "8.71",
        "201202": "10.05",
        "201203": "9.88",
        "201204": "8.92",
        "201205": "9.83",
        "201206": "9.75",
        "201207": "9.29",
        "201208": "8.75",
        "201209": "9.43",
        "201210": "9.42",
        "201211": "8.93",
        "201212": "8.99",
        "201301": "9.58",
        "201302": "12.24",
        "201303": "16.75",
        "201304": "15.33",
        "201305": "15.67",
        "201306": "13.98",
        "201307": "12.86",
        "201308": "12.30",
        "201309": "12.26",
        "201310": "11.40",
        "201311": "10.69",
        "201312": "11.07",
        "201401": "12.48",
        "201402": "13.21",
        "201403": "13.85",
        "201404": "12.17",
        "201405": "11.35",
        "201406": "11.80",
        "201407": "12.05",
        "201408": "11.57",
        "201409": "11.14",
        "201410": "10.30",
        "201411": "10.34",
        "201412": "10.50",
        "201501": "10.80",
        "201502": "10.92",
        "201503": "10.86",
        "201504": "10.29",
        "201505": "9.55",
        "201506": "9.23",
        "201507": "8.70",
        "201508": "8.03",
        "201509": "8.19",
        "201510": "8.71",
        "201511": "9.05",
        "201512": "8.89",
        "201601": "8.08",
        "201602": "8.05",
        "201603": "8.43",
        "201604": "8.31",
        "201605": "8.05",
        "201606": "8.27",
        "201607": "9.41",
        "201608": "9.45",
        "201609": "9.25",
        "201610": "9.01",
        "201611": "8.64",
        "201612": "8.42",
        "201701": "8.86",
        "201702": "9.61",
        "201703": "10.00",
        "201704": "9.98",
        "201705": "9.76",
        "201706": "10.13",
        "201707": "10.03",
        "201708": "9.94",
        "201709": "10.55",
        "201710": "10.89",
        "201711": "14.72",
        "201712": "14.05",
        "201801": "14.06",
        "201802": "13.54",
        "201803": "14.31",
        "201804": "14.85",
        "201805": "13.85",
        "201806": "13.05",
        "201807": "12.68",
        "201808": "12.87",
        "201809": "12.52",
        "201810": "11.84",
        "201811": "11.93",
        "201812": "11.97",
        "201901": "11.83",
        "201902": "12.65",
        "201903": "13.08",
        "201904": "12.70",
        "201905": "11.27",
        "201906": "10.61",
        "201907": "10.38",
        "201908": "10.70",
        "201909": "11.47",
        "201910": "11.59",
        "201911": "11.89",
        "201912": "12.06",
        "202001": "11.98",
        "202002": "11.83",
        "202003": "10.68",
        "202004": "10.40",
        "202005": "10.74",
        "202006": "11.24",
        "202007": "11.71",
        "202008": "12.93",
        "202009": "15.39",
        "202010": "15.08",
        "202011": "15.06",
        "202012": "14.87",
        "202101": "14.46",
        "202102": "16.45",
        "202103": "20.56",
        "202104": "19.70",
        "202105": "16.66",
        "202106": "16.01",
        "202107": "17.20",
        "202108": "15.78",
        "202109": "15.49",
        "202110": "15.58",
        "202111": "16.28",
        "202112": "17.45",
        "202201": "16.99",
        "202202": "16.91",
        "202203": "16.05",
        "202204": "15.92",
        "202205": "16.10",
        "202206": "16.29",
        "202207": "15.75",
        "202208": "16.37",
        "202209": "17.01",
        "202210": "16.77",
        "202211": "16.33",
        "202212": "15.58",
        "202301": "16.15",
        "202302": "16.23",
        "202303": "16.50",
        "202304": "18.37",
        "202305": "17.66",
        "202306": "18.14"
    },
    "quarters": {
        "20011": {
            "year_quarter": 20011,
            "year": 2001,
            "quarter": 1,
            "eps": null,
            "eps_growth_year": null,
            "eps_4q": null,
            "eps_4q_growth_year": null,
            "roe": null,
            "roe_4q": 0,
            "gross_profit": null,
            "gross_margin": null,
            "gross_margin_4q_avg": 0,
            "net_income": null,
            "revenue": null,
            "common_shares": null,
            "book_valuer_per_share": null,
            "book_valuer_per_share_4q_avg": 0,
            "equity": null,
            "current_ratio": null,
            "debt_ratio": null,
            "inventory_turnover_ratio": null,
            "account_receivable_turnover_ratio": null,
            "reinvestment_rate": null,
            "research_to_sale_ratio": null,
            "price_fair": 0,
            "eps_avg_yearly": 0,
            "eps_latest_yearly": 0,
            "eps_growth_yearly": 0
        },
        "20012": {
            "year_quarter": 20012,
            "year": 2001,
            "quarter": 2,
            "eps": null,
            "eps_growth_year": null,
            "eps_4q": null,
            "eps_4q_growth_year": null,
            "roe": null,
            "roe_4q": 0,
            "gross_profit": null,
            "gross_margin": null,
            "gross_margin_4q_avg": 0,
            "net_income": null,
            "revenue": null,
            "common_shares": null,
            "book_valuer_per_share": null,
            "book_valuer_per_share_4q_avg": 0,
            "equity": null,
            "current_ratio": null,
            "debt_ratio": null,
            "inventory_turnover_ratio": null,
            "account_receivable_turnover_ratio": null,
            "reinvestment_rate": null,
            "research_to_sale_ratio": null,
            "price_fair": 0,
            "eps_avg_yearly": 0,
            "eps_latest_yearly": 0,
            "eps_growth_yearly": 0
        },
        "20013": {
            "year_quarter": 20013,
            "year": 2001,
            "quarter": 3,
            "eps": null,
            "eps_growth_year": null,
            "eps_4q": null,
            "eps_4q_growth_year": null,
            "roe": null,
            "roe_4q": 0,
            "gross_profit": null,
            "gross_margin": null,
            "gross_margin_4q_avg": 0,
            "net_income": null,
            "revenue": null,
            "common_shares": null,
            "book_valuer_per_share": null,
            "book_valuer_per_share_4q_avg": 0,
            "equity": null,
            "current_ratio": null,
            "debt_ratio": null,
            "inventory_turnover_ratio": null,
            "account_receivable_turnover_ratio": null,
            "reinvestment_rate": null,
            "research_to_sale_ratio": null,
            "price_fair": 0,
            "eps_avg_yearly": 0,
            "eps_latest_yearly": 0,
            "eps_growth_yearly": 0
        },
        "20014": {
            "year_quarter": 20014,
            "year": 2001,
            "quarter": 4,
            "eps": null,
            "eps_growth_year": null,
            "eps_4q": null,
            "eps_4q_growth_year": null,
            "roe": null,
            "roe_4q": 0,
            "gross_profit": null,
            "gross_margin": null,
            "gross_margin_4q_avg": 0,
            "net_income": null,
            "revenue": null,
            "common_shares": 25000,
            "book_valuer_per_share": 33.43,
            "book_valuer_per_share_4q_avg": 8.36,
            "equity": 83568,
            "current_ratio": 157.37,
            "debt_ratio": 75.42,
            "inventory_turnover_ratio": null,
            "account_receivable_turnover_ratio": null,
            "reinvestment_rate": null,
            "research_to_sale_ratio": null,
            "price_fair": 0,
            "eps_avg_yearly": 0,
            "eps_latest_yearly": 0,
            "eps_growth_yearly": 0
        },
        "20021": {
            "year_quarter": 20021,
            "year": 2002,
            "quarter": 1,
            "eps": null,
            "eps_growth_year": null,
            "eps_4q": null,
            "eps_4q_growth_year": null,
            "roe": null,
            "roe_4q": 0,
            "gross_profit": null,
            "gross_margin": null,
            "gross_margin_4q_avg": 0,
            "net_income": null,
            "revenue": null,
            "common_shares": null,
            "book_valuer_per_share": null,
            "book_valuer_per_share_4q_avg": 8.36,
            "equity": null,
            "current_ratio": null,
            "debt_ratio": null,
            "inventory_turnover_ratio": null,
            "account_receivable_turnover_ratio": null,
            "reinvestment_rate": null,
            "research_to_sale_ratio": null,
            "price_fair": 0,
            "eps_avg_yearly": 0,
            "eps_latest_yearly": 0,
            "eps_growth_yearly": 0
        },
        "20022": {
            "year_quarter": 20022,
            "year": 2002,
            "quarter": 2,
            "eps": null,
            "eps_growth_year": null,
            "eps_4q": null,
            "eps_4q_growth_year": null,
            "roe": null,
            "roe_4q": 0,
            "gross_profit": null,
            "gross_margin": null,
            "gross_margin_4q_avg": 0,
            "net_income": null,
            "revenue": null,
            "common_shares": null,
            "book_valuer_per_share": null,
            "book_valuer_per_share_4q_avg": 8.36,
            "equity": null,
            "current_ratio": null,
            "debt_ratio": null,
            "inventory_turnover_ratio": null,
            "account_receivable_turnover_ratio": null,
            "reinvestment_rate": null,
            "research_to_sale_ratio": null,
            "price_fair": 0,
            "eps_avg_yearly": 0,
            "eps_latest_yearly": 0,
            "eps_growth_yearly": 0
        },
        "20023": {
            "year_quarter": 20023,
            "year": 2002,
            "quarter": 3,
            "eps": null,
            "eps_growth_year": null,
            "eps_4q": null,
            "eps_4q_growth_year": null,
            "roe": null,
            "roe_4q": 0,
            "gross_profit": null,
            "gross_margin": null,
            "gross_margin_4q_avg": 0,
            "net_income": null,
            "revenue": null,
            "common_shares": null,
            "book_valuer_per_share": null,
            "book_valuer_per_share_4q_avg": 8.36,
            "equity": null,
            "current_ratio": null,
            "debt_ratio": null,
            "inventory_turnover_ratio": null,
            "account_receivable_turnover_ratio": null,
            "reinvestment_rate": null,
            "research_to_sale_ratio": null,
            "price_fair": 0,
            "eps_avg_yearly": 0,
            "eps_latest_yearly": 0,
            "eps_growth_yearly": 0
        },
        "20024": {
            "year_quarter": 20024,
            "year": 2002,
            "quarter": 4,
            "eps": null,
            "eps_growth_year": null,
            "eps_4q": null,
            "eps_4q_growth_year": null,
            "roe": null,
            "roe_4q": 0,
            "gross_profit": null,
            "gross_margin": null,
            "gross_margin_4q_avg": 0,
            "net_income": null,
            "revenue": null,
            "common_shares": 60000,
            "book_valuer_per_share": 46.45,
            "book_valuer_per_share_4q_avg": 11.61,
            "equity": 278689,
            "current_ratio": 156.91,
            "debt_ratio": 50.29,
            "inventory_turnover_ratio": null,
            "account_receivable_turnover_ratio": null,
            "reinvestment_rate": null,
            "research_to_sale_ratio": null,
            "price_fair": 0,
            "eps_avg_yearly": 0,
            "eps_latest_yearly": 0,
            "eps_growth_yearly": 0
        },
        "20031": {
            "year_quarter": 20031,
            "year": 2003,
            "quarter": 1,
            "eps": null,
            "eps_growth_year": null,
            "eps_4q": null,
            "eps_4q_growth_year": null,
            "roe": null,
            "roe_4q": 0,
            "gross_profit": null,
            "gross_margin": null,
            "gross_margin_4q_avg": 0,
            "net_income": null,
            "revenue": null,
            "common_shares": null,
            "book_valuer_per_share": null,
            "book_valuer_per_share_4q_avg": 11.61,
            "equity": null,
            "current_ratio": null,
            "debt_ratio": null,
            "inventory_turnover_ratio": null,
            "account_receivable_turnover_ratio": null,
            "reinvestment_rate": null,
            "research_to_sale_ratio": null,
            "price_fair": 0,
            "eps_avg_yearly": 0,
            "eps_latest_yearly": 0,
            "eps_growth_yearly": 0
        },
        "20032": {
            "year_quarter": 20032,
            "year": 2003,
            "quarter": 2,
            "eps": null,
            "eps_growth_year": null,
            "eps_4q": null,
            "eps_4q_growth_year": null,
            "roe": null,
            "roe_4q": 0,
            "gross_profit": null,
            "gross_margin": null,
            "gross_margin_4q_avg": 0,
            "net_income": null,
            "revenue": null,
            "common_shares": null,
            "book_valuer_per_share": null,
            "book_valuer_per_share_4q_avg": 11.61,
            "equity": null,
            "current_ratio": null,
            "debt_ratio": null,
            "inventory_turnover_ratio": null,
            "account_receivable_turnover_ratio": null,
            "reinvestment_rate": null,
            "research_to_sale_ratio": null,
            "price_fair": 0,
            "eps_avg_yearly": 0,
            "eps_latest_yearly": 0,
            "eps_growth_yearly": 0
        },
        "20033": {
            "year_quarter": 20033,
            "year": 2003,
            "quarter": 3,
            "eps": null,
            "eps_growth_year": null,
            "eps_4q": null,
            "eps_4q_growth_year": null,
            "roe": null,
            "roe_4q": 0,
            "gross_profit": null,
            "gross_margin": null,
            "gross_margin_4q_avg": 0,
            "net_income": null,
            "revenue": null,
            "common_shares": null,
            "book_valuer_per_share": null,
            "book_valuer_per_share_4q_avg": 11.61,
            "equity": null,
            "current_ratio": null,
            "debt_ratio": null,
            "inventory_turnover_ratio": null,
            "account_receivable_turnover_ratio": null,
            "reinvestment_rate": null,
            "research_to_sale_ratio": null,
            "price_fair": 0,
            "eps_avg_yearly": 0,
            "eps_latest_yearly": 0,
            "eps_growth_yearly": 0
        },
        "20034": {
            "year_quarter": 20034,
            "year": 2003,
            "quarter": 4,
            "eps": null,
            "eps_growth_year": null,
            "eps_4q": null,
            "eps_4q_growth_year": null,
            "roe": null,
            "roe_4q": 0,
            "gross_profit": null,
            "gross_margin": null,
            "gross_margin_4q_avg": 0,
            "net_income": null,
            "revenue": null,
            "common_shares": 60000,
            "book_valuer_per_share": 30.38,
            "book_valuer_per_share_4q_avg": 7.6,
            "equity": 182260,
            "current_ratio": 146.94,
            "debt_ratio": 66.89,
            "inventory_turnover_ratio": null,
            "account_receivable_turnover_ratio": null,
            "reinvestment_rate": null,
            "research_to_sale_ratio": null,
            "price_fair": 0,
            "eps_avg_yearly": 0,
            "eps_latest_yearly": 0,
            "eps_growth_yearly": 0
        },
        "20041": {
            "year_quarter": 20041,
            "year": 2004,
            "quarter": 1,
            "eps": null,
            "eps_growth_year": null,
            "eps_4q": null,
            "eps_4q_growth_year": null,
            "roe": null,
            "roe_4q": 0,
            "gross_profit": null,
            "gross_margin": null,
            "gross_margin_4q_avg": 0,
            "net_income": null,
            "revenue": null,
            "common_shares": null,
            "book_valuer_per_share": null,
            "book_valuer_per_share_4q_avg": 7.6,
            "equity": null,
            "current_ratio": null,
            "debt_ratio": null,
            "inventory_turnover_ratio": null,
            "account_receivable_turnover_ratio": null,
            "reinvestment_rate": null,
            "research_to_sale_ratio": null,
            "price_fair": 0,
            "eps_avg_yearly": 0,
            "eps_latest_yearly": 0,
            "eps_growth_yearly": 0
        },
        "20042": {
            "year_quarter": 20042,
            "year": 2004,
            "quarter": 2,
            "eps": null,
            "eps_growth_year": null,
            "eps_4q": null,
            "eps_4q_growth_year": null,
            "roe": null,
            "roe_4q": 0,
            "gross_profit": null,
            "gross_margin": null,
            "gross_margin_4q_avg": 0,
            "net_income": null,
            "revenue": null,
            "common_shares": null,
            "book_valuer_per_share": null,
            "book_valuer_per_share_4q_avg": 7.6,
            "equity": null,
            "current_ratio": null,
            "debt_ratio": null,
            "inventory_turnover_ratio": null,
            "account_receivable_turnover_ratio": null,
            "reinvestment_rate": null,
            "research_to_sale_ratio": null,
            "price_fair": 0,
            "eps_avg_yearly": 0,
            "eps_latest_yearly": 0,
            "eps_growth_yearly": 0
        },
        "20043": {
            "year_quarter": 20043,
            "year": 2004,
            "quarter": 3,
            "eps": null,
            "eps_growth_year": null,
            "eps_4q": null,
            "eps_4q_growth_year": null,
            "roe": null,
            "roe_4q": 0,
            "gross_profit": null,
            "gross_margin": null,
            "gross_margin_4q_avg": 0,
            "net_income": null,
            "revenue": null,
            "common_shares": null,
            "book_valuer_per_share": null,
            "book_valuer_per_share_4q_avg": 7.6,
            "equity": null,
            "current_ratio": null,
            "debt_ratio": null,
            "inventory_turnover_ratio": null,
            "account_receivable_turnover_ratio": null,
            "reinvestment_rate": null,
            "research_to_sale_ratio": null,
            "price_fair": 0,
            "eps_avg_yearly": 0,
            "eps_latest_yearly": 0,
            "eps_growth_yearly": 0
        },
        "20044": {
            "year_quarter": 20044,
            "year": 2004,
            "quarter": 4,
            "eps": null,
            "eps_growth_year": null,
            "eps_4q": null,
            "eps_4q_growth_year": null,
            "roe": null,
            "roe_4q": 0,
            "gross_profit": null,
            "gross_margin": null,
            "gross_margin_4q_avg": 0,
            "net_income": null,
            "revenue": null,
            "common_shares": 250000,
            "book_valuer_per_share": 17.59,
            "book_valuer_per_share_4q_avg": 4.4,
            "equity": 439801,
            "current_ratio": 159.42,
            "debt_ratio": 46.96,
            "inventory_turnover_ratio": null,
            "account_receivable_turnover_ratio": null,
            "reinvestment_rate": null,
            "research_to_sale_ratio": null,
            "price_fair": 0,
            "eps_avg_yearly": 0,
            "eps_latest_yearly": 0,
            "eps_growth_yearly": 0
        },
        "20051": {
            "year_quarter": 20051,
            "year": 2005,
            "quarter": 1,
            "eps": null,
            "eps_growth_year": null,
            "eps_4q": null,
            "eps_4q_growth_year": null,
            "roe": null,
            "roe_4q": 0,
            "gross_profit": null,
            "gross_margin": null,
            "gross_margin_4q_avg": 0,
            "net_income": null,
            "revenue": null,
            "common_shares": null,
            "book_valuer_per_share": null,
            "book_valuer_per_share_4q_avg": 4.4,
            "equity": null,
            "current_ratio": null,
            "debt_ratio": null,
            "inventory_turnover_ratio": null,
            "account_receivable_turnover_ratio": null,
            "reinvestment_rate": null,
            "research_to_sale_ratio": null,
            "price_fair": 0,
            "eps_avg_yearly": 0,
            "eps_latest_yearly": 0,
            "eps_growth_yearly": 0
        },
        "20052": {
            "year_quarter": 20052,
            "year": 2005,
            "quarter": 2,
            "eps": null,
            "eps_growth_year": null,
            "eps_4q": null,
            "eps_4q_growth_year": null,
            "roe": null,
            "roe_4q": 0,
            "gross_profit": null,
            "gross_margin": null,
            "gross_margin_4q_avg": 0,
            "net_income": null,
            "revenue": null,
            "common_shares": null,
            "book_valuer_per_share": null,
            "book_valuer_per_share_4q_avg": 4.4,
            "equity": null,
            "current_ratio": null,
            "debt_ratio": null,
            "inventory_turnover_ratio": null,
            "account_receivable_turnover_ratio": null,
            "reinvestment_rate": null,
            "research_to_sale_ratio": null,
            "price_fair": 0,
            "eps_avg_yearly": 0,
            "eps_latest_yearly": 0,
            "eps_growth_yearly": 0
        },
        "20053": {
            "year_quarter": 20053,
            "year": 2005,
            "quarter": 3,
            "eps": null,
            "eps_growth_year": null,
            "eps_4q": null,
            "eps_4q_growth_year": null,
            "roe": null,
            "roe_4q": 0,
            "gross_profit": null,
            "gross_margin": null,
            "gross_margin_4q_avg": 0,
            "net_income": null,
            "revenue": null,
            "common_shares": null,
            "book_valuer_per_share": null,
            "book_valuer_per_share_4q_avg": 4.4,
            "equity": null,
            "current_ratio": null,
            "debt_ratio": null,
            "inventory_turnover_ratio": null,
            "account_receivable_turnover_ratio": null,
            "reinvestment_rate": null,
            "research_to_sale_ratio": null,
            "price_fair": 0,
            "eps_avg_yearly": 0,
            "eps_latest_yearly": 0,
            "eps_growth_yearly": 0
        },
        "20054": {
            "year_quarter": 20054,
            "year": 2005,
            "quarter": 4,
            "eps": null,
            "eps_growth_year": null,
            "eps_4q": null,
            "eps_4q_growth_year": null,
            "roe": null,
            "roe_4q": 0,
            "gross_profit": null,
            "gross_margin": null,
            "gross_margin_4q_avg": 0,
            "net_income": null,
            "revenue": null,
            "common_shares": 440000,
            "book_valuer_per_share": 36.31,
            "book_valuer_per_share_4q_avg": 9.08,
            "equity": 1597618,
            "current_ratio": 124.91,
            "debt_ratio": 59.47,
            "inventory_turnover_ratio": null,
            "account_receivable_turnover_ratio": null,
            "reinvestment_rate": null,
            "research_to_sale_ratio": null,
            "price_fair": 0,
            "eps_avg_yearly": 0,
            "eps_latest_yearly": 0,
            "eps_growth_yearly": 0
        },
        "20061": {
            "year_quarter": 20061,
            "year": 2006,
            "quarter": 1,
            "eps": 3.78,
            "eps_growth_year": null,
            "eps_4q": null,
            "eps_4q_growth_year": null,
            "roe": 9.9,
            "roe_4q": 9.9,
            "gross_profit": 150515,
            "gross_margin": 18.58,
            "gross_margin_4q_avg": 4.65,
            "net_income": 185053,
            "revenue": 810179,
            "common_shares": 490000,
            "book_valuer_per_share": 43.69,
            "book_valuer_per_share_4q_avg": 20,
            "equity": 2140580,
            "current_ratio": 213.87,
            "debt_ratio": 37.9,
            "inventory_turnover_ratio": 1.71,
            "account_receivable_turnover_ratio": null,
            "reinvestment_rate": null,
            "research_to_sale_ratio": null,
            "price_fair": 0,
            "eps_avg_yearly": 0,
            "eps_latest_yearly": 0,
            "eps_growth_yearly": 0
        },
        "20062": {
            "year_quarter": 20062,
            "year": 2006,
            "quarter": 2,
            "eps": 0.6,
            "eps_growth_year": null,
            "eps_4q": null,
            "eps_4q_growth_year": null,
            "roe": 1.56,
            "roe_4q": 11.46,
            "gross_profit": 67815,
            "gross_margin": 11.96,
            "gross_margin_4q_avg": 7.64,
            "net_income": 32775,
            "revenue": 567087,
            "common_shares": 555000,
            "book_valuer_per_share": 37.09,
            "book_valuer_per_share_4q_avg": 29.27,
            "equity": 2058502,
            "current_ratio": 185.04,
            "debt_ratio": 38.26,
            "inventory_turnover_ratio": 2.66,
            "account_receivable_turnover_ratio": null,
            "reinvestment_rate": null,
            "research_to_sale_ratio": null,
            "price_fair": 7.2,
            "eps_avg_yearly": 2.4,
            "eps_latest_yearly": 2.4,
            "eps_growth_yearly": -336.51
        },
        "20063": {
            "year_quarter": 20063,
            "year": 2006,
            "quarter": 3,
            "eps": 2.12,
            "eps_growth_year": null,
            "eps_4q": null,
            "eps_4q_growth_year": null,
            "roe": 5.44,
            "roe_4q": 16.9,
            "gross_profit": 37458,
            "gross_margin": 14.83,
            "gross_margin_4q_avg": 11.34,
            "net_income": 127431,
            "revenue": 252585,
            "common_shares": 604800,
            "book_valuer_per_share": 43.45,
            "book_valuer_per_share_4q_avg": 40.14,
            "equity": 2627887,
            "current_ratio": 287.91,
            "debt_ratio": 23.94,
            "inventory_turnover_ratio": 1.19,
            "account_receivable_turnover_ratio": null,
            "reinvestment_rate": null,
            "research_to_sale_ratio": null,
            "price_fair": 190.4,
            "eps_avg_yearly": 5.44,
            "eps_latest_yearly": 8.48,
            "eps_growth_yearly": 338.41
        },
        "20064": {
            "year_quarter": 20064,
            "year": 2006,
            "quarter": 4,
            "eps": -2.32,
            "eps_growth_year": null,
            "eps_4q": 3.75,
            "eps_4q_growth_year": null,
            "roe": -5.17,
            "roe_4q": 11.73,
            "gross_profit": 49134,
            "gross_margin": 21.08,
            "gross_margin_4q_avg": 16.61,
            "net_income": -131875,
            "revenue": 233103,
            "common_shares": 604800,
            "book_valuer_per_share": 40.95,
            "book_valuer_per_share_4q_avg": 41.3,
            "equity": 2476682,
            "current_ratio": 155.47,
            "debt_ratio": 53.33,
            "inventory_turnover_ratio": 0.41,
            "account_receivable_turnover_ratio": null,
            "reinvestment_rate": null,
            "research_to_sale_ratio": null,
            "price_fair": 190.4,
            "eps_avg_yearly": 5.44,
            "eps_latest_yearly": 8.48,
            "eps_growth_yearly": 338.41
        },
        "20071": {
            "year_quarter": 20071,
            "year": 2007,
            "quarter": 1,
            "eps": 0.91,
            "eps_growth_year": -75.93,
            "eps_4q": 1.38,
            "eps_4q_growth_year": null,
            "roe": 2.19,
            "roe_4q": 4.0200000000000005,
            "gross_profit": 43445,
            "gross_margin": 22.81,
            "gross_margin_4q_avg": 17.67,
            "net_income": 55112,
            "revenue": 190476,
            "common_shares": 604800,
            "book_valuer_per_share": 42.3,
            "book_valuer_per_share_4q_avg": 40.95,
            "equity": 2558442,
            "current_ratio": 314.17,
            "debt_ratio": 16.58,
            "inventory_turnover_ratio": 0.34,
            "account_receivable_turnover_ratio": null,
            "reinvestment_rate": null,
            "research_to_sale_ratio": null,
            "price_fair": 190.4,
            "eps_avg_yearly": 5.44,
            "eps_latest_yearly": 8.48,
            "eps_growth_yearly": 338.41
        },
        "20072": {
            "year_quarter": 20072,
            "year": 2007,
            "quarter": 2,
            "eps": 0.82,
            "eps_growth_year": 36.67,
            "eps_4q": 1.66,
            "eps_4q_growth_year": null,
            "roe": 1.98,
            "roe_4q": 4.44,
            "gross_profit": 43395,
            "gross_margin": 19.77,
            "gross_margin_4q_avg": 19.62,
            "net_income": 49480,
            "revenue": 219478,
            "common_shares": 604800,
            "book_valuer_per_share": 40.28,
            "book_valuer_per_share_4q_avg": 41.75,
            "equity": 2435934,
            "current_ratio": 189.55,
            "debt_ratio": 22.41,
            "inventory_turnover_ratio": 1.42,
            "account_receivable_turnover_ratio": null,
            "reinvestment_rate": null,
            "research_to_sale_ratio": null,
            "price_fair": 165.2,
            "eps_avg_yearly": 4.72,
            "eps_latest_yearly": 3.28,
            "eps_growth_yearly": 212.42
        },
        "20073": {
            "year_quarter": 20073,
            "year": 2007,
            "quarter": 3,
            "eps": 1.39,
            "eps_growth_year": -34.43,
            "eps_4q": 0.97,
            "eps_4q_growth_year": null,
            "roe": 3.67,
            "roe_4q": 2.67,
            "gross_profit": 55995,
            "gross_margin": 19.12,
            "gross_margin_4q_avg": 20.7,
            "net_income": 91032,
            "revenue": 292919,
            "common_shares": 653040,
            "book_valuer_per_share": 38.67,
            "book_valuer_per_share_4q_avg": 40.55,
            "equity": 2525504,
            "current_ratio": 174.29,
            "debt_ratio": 25.84,
            "inventory_turnover_ratio": 2.32,
            "account_receivable_turnover_ratio": null,
            "reinvestment_rate": null,
            "research_to_sale_ratio": null,
            "price_fair": 172.55,
            "eps_avg_yearly": 4.93,
            "eps_latest_yearly": 5.56,
            "eps_growth_yearly": 228.83
        },
        "20074": {
            "year_quarter": 20074,
            "year": 2007,
            "quarter": 4,
            "eps": 0.48,
            "eps_growth_year": null,
            "eps_4q": 3.44,
            "eps_4q_growth_year": -8.24,
            "roe": 1.18,
            "roe_4q": 9.02,
            "gross_profit": 51861,
            "gross_margin": 18.34,
            "gross_margin_4q_avg": 20.01,
            "net_income": 31713,
            "revenue": 282784,
            "common_shares": 726930,
            "book_valuer_per_share": 39.16,
            "book_valuer_per_share_4q_avg": 40.1,
            "equity": 2846327,
            "current_ratio": 165.52,
            "debt_ratio": 51.23,
            "inventory_turnover_ratio": 0.57,
            "account_receivable_turnover_ratio": null,
            "reinvestment_rate": null,
            "research_to_sale_ratio": null,
            "price_fair": 151.48,
            "eps_avg_yearly": 4.33,
            "eps_latest_yearly": 1.92,
            "eps_growth_yearly": 130.69
        },
        "20081": {
            "year_quarter": 20081,
            "year": 2008,
            "quarter": 1,
            "eps": 0.74,
            "eps_growth_year": -18.68,
            "eps_4q": 3.12,
            "eps_4q_growth_year": 126.24,
            "roe": 1.91,
            "roe_4q": 8.74,
            "gross_profit": 155156,
            "gross_margin": 8.29,
            "gross_margin_4q_avg": 16.38,
            "net_income": 53614,
            "revenue": 1870842,
            "common_shares": 726930,
            "book_valuer_per_share": 38.08,
            "book_valuer_per_share_4q_avg": 39.05,
            "equity": 2767923,
            "current_ratio": 162.95,
            "debt_ratio": 51.72,
            "inventory_turnover_ratio": 2.66,
            "account_receivable_turnover_ratio": null,
            "reinvestment_rate": null,
            "research_to_sale_ratio": null,
            "price_fair": 143.5,
            "eps_avg_yearly": 4.1,
            "eps_latest_yearly": 2.96,
            "eps_growth_yearly": 145.02
        },
        "20082": {
            "year_quarter": 20082,
            "year": 2008,
            "quarter": 2,
            "eps": -0.1,
            "eps_growth_year": -112.2,
            "eps_4q": 2.33,
            "eps_4q_growth_year": 40.47,
            "roe": -0.26,
            "roe_4q": 6.5,
            "gross_profit": 71038,
            "gross_margin": 4.39,
            "gross_margin_4q_avg": 12.54,
            "net_income": -6890,
            "revenue": 1619474,
            "common_shares": 726930,
            "book_valuer_per_share": 36.08,
            "book_valuer_per_share_4q_avg": 38,
            "equity": 2622910,
            "current_ratio": 152.23,
            "debt_ratio": 52.34,
            "inventory_turnover_ratio": 2.92,
            "account_receivable_turnover_ratio": null,
            "reinvestment_rate": null,
            "research_to_sale_ratio": null,
            "price_fair": 143.5,
            "eps_avg_yearly": 4.1,
            "eps_latest_yearly": 2.96,
            "eps_growth_yearly": 145.02
        },
        "20083": {
            "year_quarter": 20083,
            "year": 2008,
            "quarter": 3,
            "eps": -0.14,
            "eps_growth_year": -110.07,
            "eps_4q": 0.89,
            "eps_4q_growth_year": -8.92,
            "roe": -0.39,
            "roe_4q": 2.4399999999999995,
            "gross_profit": 60919,
            "gross_margin": 4.33,
            "gross_margin_4q_avg": 8.84,
            "net_income": -10390,
            "revenue": 1406406,
            "common_shares": 767517,
            "book_valuer_per_share": 35.57,
            "book_valuer_per_share_4q_avg": 37.22,
            "equity": 2730080,
            "current_ratio": 155.81,
            "debt_ratio": 51.3,
            "inventory_turnover_ratio": 2.85,
            "account_receivable_turnover_ratio": null,
            "reinvestment_rate": null,
            "research_to_sale_ratio": null,
            "price_fair": 143.5,
            "eps_avg_yearly": 4.1,
            "eps_latest_yearly": 2.96,
            "eps_growth_yearly": 145.02
        },
        "20084": {
            "year_quarter": 20084,
            "year": 2008,
            "quarter": 4,
            "eps": -1.52,
            "eps_growth_year": -416.67,
            "eps_4q": -1.04,
            "eps_4q_growth_year": -130.22,
            "roe": -4.3,
            "roe_4q": -3.039999999999999,
            "gross_profit": -40528,
            "gross_margin": -5.28,
            "gross_margin_4q_avg": 2.93,
            "net_income": -115785,
            "revenue": 767142,
            "common_shares": 767517,
            "book_valuer_per_share": 34.62,
            "book_valuer_per_share_4q_avg": 36.09,
            "equity": 2657015,
            "current_ratio": 148.02,
            "debt_ratio": 41.13,
            "inventory_turnover_ratio": 2.07,
            "account_receivable_turnover_ratio": 1.05,
            "reinvestment_rate": null,
            "research_to_sale_ratio": null,
            "price_fair": 143.5,
            "eps_avg_yearly": 4.1,
            "eps_latest_yearly": 2.96,
            "eps_growth_yearly": 145.02
        },
        "20091": {
            "year_quarter": 20091,
            "year": 2009,
            "quarter": 1,
            "eps": -0.29,
            "eps_growth_year": -139.19,
            "eps_4q": -2.02,
            "eps_4q_growth_year": -164.92,
            "roe": -0.83,
            "roe_4q": -5.779999999999999,
            "gross_profit": 12262,
            "gross_margin": 1.78,
            "gross_margin_4q_avg": 1.31,
            "net_income": -22243,
            "revenue": 688794,
            "common_shares": 767517,
            "book_valuer_per_share": 35.09,
            "book_valuer_per_share_4q_avg": 35.34,
            "equity": 2692887,
            "current_ratio": 193.72,
            "debt_ratio": 36.24,
            "inventory_turnover_ratio": 2.29,
            "account_receivable_turnover_ratio": 0.55,
            "reinvestment_rate": null,
            "research_to_sale_ratio": null,
            "price_fair": 143.5,
            "eps_avg_yearly": 4.1,
            "eps_latest_yearly": 2.96,
            "eps_growth_yearly": 145.02
        },
        "20092": {
            "year_quarter": 20092,
            "year": 2009,
            "quarter": 2,
            "eps": -0.01,
            "eps_growth_year": null,
            "eps_4q": -1.94,
            "eps_4q_growth_year": -183.33,
            "roe": -0.03,
            "roe_4q": -5.55,
            "gross_profit": 70281,
            "gross_margin": 9.09,
            "gross_margin_4q_avg": 2.48,
            "net_income": -677,
            "revenue": 773490,
            "common_shares": 767517,
            "book_valuer_per_share": 34.1,
            "book_valuer_per_share_4q_avg": 34.85,
            "equity": 2616943,
            "current_ratio": 192.26,
            "debt_ratio": 34.72,
            "inventory_turnover_ratio": 2.98,
            "account_receivable_turnover_ratio": 0.75,
            "reinvestment_rate": null,
            "research_to_sale_ratio": null,
            "price_fair": 143.5,
            "eps_avg_yearly": 4.1,
            "eps_latest_yearly": 2.96,
            "eps_growth_yearly": 145.02
        },
        "20093": {
            "year_quarter": 20093,
            "year": 2009,
            "quarter": 3,
            "eps": 0.43,
            "eps_growth_year": null,
            "eps_4q": -1.41,
            "eps_4q_growth_year": -259.13,
            "roe": 1.24,
            "roe_4q": -3.92,
            "gross_profit": 115992,
            "gross_margin": 16.34,
            "gross_margin_4q_avg": 5.48,
            "net_income": 32400,
            "revenue": 709877,
            "common_shares": 767517,
            "book_valuer_per_share": 33.92,
            "book_valuer_per_share_4q_avg": 34.43,
            "equity": 2603187,
            "current_ratio": 192.48,
            "debt_ratio": 30.26,
            "inventory_turnover_ratio": 3.28,
            "account_receivable_turnover_ratio": 0.67,
            "reinvestment_rate": null,
            "research_to_sale_ratio": null,
            "price_fair": 143.5,
            "eps_avg_yearly": 4.1,
            "eps_latest_yearly": 2.96,
            "eps_growth_yearly": 145.02
        },
        "20094": {
            "year_quarter": 20094,
            "year": 2009,
            "quarter": 4,
            "eps": 0.02,
            "eps_growth_year": null,
            "eps_4q": 0.14,
            "eps_4q_growth_year": null,
            "roe": 0.05,
            "roe_4q": 0.43000000000000005,
            "gross_profit": 72520,
            "gross_margin": 13.69,
            "gross_margin_4q_avg": 10.23,
            "net_income": 1289,
            "revenue": 529825,
            "common_shares": 767517,
            "book_valuer_per_share": 34.26,
            "book_valuer_per_share_4q_avg": 34.34,
            "equity": 2604205,
            "current_ratio": 213.26,
            "debt_ratio": 26.4,
            "inventory_turnover_ratio": 2.89,
            "account_receivable_turnover_ratio": 1.18,
            "reinvestment_rate": 165.72,
            "research_to_sale_ratio": null,
            "price_fair": 123.4,
            "eps_avg_yearly": 3.53,
            "eps_latest_yearly": 0.08,
            "eps_growth_yearly": 69.82
        },
        "20101": {
            "year_quarter": 20101,
            "year": 2010,
            "quarter": 1,
            "eps": -0.13,
            "eps_growth_year": null,
            "eps_4q": 0.31,
            "eps_4q_growth_year": null,
            "roe": -0.37,
            "roe_4q": 0.8899999999999999,
            "gross_profit": 58311,
            "gross_margin": 9.92,
            "gross_margin_4q_avg": 12.26,
            "net_income": -9632,
            "revenue": 587740,
            "common_shares": 767517,
            "book_valuer_per_share": 33.75,
            "book_valuer_per_share_4q_avg": 34.01,
            "equity": 2565602,
            "current_ratio": 214.61,
            "debt_ratio": 27.1,
            "inventory_turnover_ratio": 3.51,
            "account_receivable_turnover_ratio": 0.64,
            "reinvestment_rate": 821.37,
            "research_to_sale_ratio": 1.23,
            "price_fair": 123.4,
            "eps_avg_yearly": 3.53,
            "eps_latest_yearly": 0.08,
            "eps_growth_yearly": 69.82
        },
        "20102": {
            "year_quarter": 20102,
            "year": 2010,
            "quarter": 2,
            "eps": 0.11,
            "eps_growth_year": null,
            "eps_4q": 0.42,
            "eps_4q_growth_year": null,
            "roe": 0.32,
            "roe_4q": 1.24,
            "gross_profit": 38232,
            "gross_margin": 8.4,
            "gross_margin_4q_avg": 12.09,
            "net_income": 8116,
            "revenue": 455009,
            "common_shares": 767517,
            "book_valuer_per_share": 33.82,
            "book_valuer_per_share_4q_avg": 33.94,
            "equity": 2571138,
            "current_ratio": 212.41,
            "debt_ratio": 26.84,
            "inventory_turnover_ratio": 2.79,
            "account_receivable_turnover_ratio": 0.52,
            "reinvestment_rate": 931.93,
            "research_to_sale_ratio": 1.65,
            "price_fair": 129.97,
            "eps_avg_yearly": 3.71,
            "eps_latest_yearly": 0.08,
            "eps_growth_yearly": 137.54
        },
        "20103": {
            "year_quarter": 20103,
            "year": 2010,
            "quarter": 3,
            "eps": 0.02,
            "eps_growth_year": -94.24,
            "eps_4q": 0.02,
            "eps_4q_growth_year": null,
            "roe": 0.07,
            "roe_4q": 0.07000000000000002,
            "gross_profit": 35832,
            "gross_margin": 8.07,
            "gross_margin_4q_avg": 10.02,
            "net_income": 1882,
            "revenue": 444009,
            "common_shares": 767517,
            "book_valuer_per_share": 33.22,
            "book_valuer_per_share_4q_avg": 33.76,
            "equity": 2524910,
            "current_ratio": 225.59,
            "debt_ratio": 25.69,
            "inventory_turnover_ratio": 2.38,
            "account_receivable_turnover_ratio": 0.61,
            "reinvestment_rate": 4627.66,
            "research_to_sale_ratio": 1.53,
            "price_fair": 6.94,
            "eps_avg_yearly": 2.31,
            "eps_latest_yearly": 0.08,
            "eps_growth_yearly": -85.9
        },
        "20104": {
            "year_quarter": 20104,
            "year": 2010,
            "quarter": 4,
            "eps": -0.72,
            "eps_growth_year": -3715.14,
            "eps_4q": -0.72,
            "eps_4q_growth_year": -606.95,
            "roe": -2.27,
            "roe_4q": -2.25,
            "gross_profit": 82373,
            "gross_margin": 16.14,
            "gross_margin_4q_avg": 10.63,
            "net_income": -54960,
            "revenue": 510346,
            "common_shares": 767517,
            "book_valuer_per_share": 30.54,
            "book_valuer_per_share_4q_avg": 32.83,
            "equity": 2321227,
            "current_ratio": 216.55,
            "debt_ratio": 27.41,
            "inventory_turnover_ratio": 2.58,
            "account_receivable_turnover_ratio": 0.74,
            "reinvestment_rate": 41.23,
            "research_to_sale_ratio": 1.51,
            "price_fair": 6.94,
            "eps_avg_yearly": 2.31,
            "eps_latest_yearly": 0.08,
            "eps_growth_yearly": -85.9
        },
        "20111": {
            "year_quarter": 20111,
            "year": 2011,
            "quarter": 1,
            "eps": -0.33,
            "eps_growth_year": null,
            "eps_4q": -0.93,
            "eps_4q_growth_year": -400.75,
            "roe": -1.09,
            "roe_4q": -2.9700000000000006,
            "gross_profit": 23464,
            "gross_margin": 6,
            "gross_margin_4q_avg": 9.65,
            "net_income": -25353,
            "revenue": 390902,
            "common_shares": 760137,
            "book_valuer_per_share": 30.72,
            "book_valuer_per_share_4q_avg": 32.08,
            "equity": 2335420,
            "current_ratio": 224.69,
            "debt_ratio": 26.62,
            "inventory_turnover_ratio": 2.39,
            "account_receivable_turnover_ratio": 0.56,
            "reinvestment_rate": 4380.28,
            "research_to_sale_ratio": 1.88,
            "price_fair": 6.94,
            "eps_avg_yearly": 2.31,
            "eps_latest_yearly": 0.08,
            "eps_growth_yearly": -85.9
        },
        "20112": {
            "year_quarter": 20112,
            "year": 2011,
            "quarter": 2,
            "eps": -0.26,
            "eps_growth_year": -344.62,
            "eps_4q": -1.29,
            "eps_4q_growth_year": -405.49,
            "roe": -0.86,
            "roe_4q": -4.15,
            "gross_profit": 24289,
            "gross_margin": 7.2,
            "gross_margin_4q_avg": 9.35,
            "net_income": -19853,
            "revenue": 337193,
            "common_shares": 760137,
            "book_valuer_per_share": 29.87,
            "book_valuer_per_share_4q_avg": 31.09,
            "equity": 2270356,
            "current_ratio": 237.31,
            "debt_ratio": 25.15,
            "inventory_turnover_ratio": 1.86,
            "account_receivable_turnover_ratio": 0.54,
            "reinvestment_rate": null,
            "research_to_sale_ratio": 2.55,
            "price_fair": 6.36,
            "eps_avg_yearly": 2.12,
            "eps_latest_yearly": 0.08,
            "eps_growth_yearly": -95.16
        },
        "20113": {
            "year_quarter": 20113,
            "year": 2011,
            "quarter": 3,
            "eps": -0.52,
            "eps_growth_year": -2216.66,
            "eps_4q": -1.84,
            "eps_4q_growth_year": -8559.49,
            "roe": -1.73,
            "roe_4q": -5.949999999999999,
            "gross_profit": 8574,
            "gross_margin": 2.81,
            "gross_margin_4q_avg": 8.04,
            "net_income": -39836,
            "revenue": 304716,
            "common_shares": 760137,
            "book_valuer_per_share": 30.73,
            "book_valuer_per_share_4q_avg": 30.47,
            "equity": 2335925,
            "current_ratio": 245.9,
            "debt_ratio": 23.79,
            "inventory_turnover_ratio": 1.88,
            "account_receivable_turnover_ratio": 0.56,
            "reinvestment_rate": null,
            "research_to_sale_ratio": 2.18,
            "price_fair": 3.78,
            "eps_avg_yearly": 1.26,
            "eps_latest_yearly": 0.08,
            "eps_growth_yearly": -188.47
        },
        "20114": {
            "year_quarter": 20114,
            "year": 2011,
            "quarter": 4,
            "eps": -1.61,
            "eps_growth_year": null,
            "eps_4q": -2.73,
            "eps_4q_growth_year": null,
            "roe": -5.35,
            "roe_4q": -9.030000000000001,
            "gross_profit": 19865,
            "gross_margin": 6.43,
            "gross_margin_4q_avg": 5.61,
            "net_income": -122709,
            "revenue": 308889,
            "common_shares": 760137,
            "book_valuer_per_share": 29.63,
            "book_valuer_per_share_4q_avg": 30.24,
            "equity": 2252453,
            "current_ratio": 244.93,
            "debt_ratio": 24.55,
            "inventory_turnover_ratio": 1.84,
            "account_receivable_turnover_ratio": 0.62,
            "reinvestment_rate": null,
            "research_to_sale_ratio": 1.98,
            "price_fair": 3.12,
            "eps_avg_yearly": 1.04,
            "eps_latest_yearly": 0.08,
            "eps_growth_yearly": -164
        },
        "20121": {
            "year_quarter": 20121,
            "year": 2012,
            "quarter": 1,
            "eps": -0.54,
            "eps_growth_year": null,
            "eps_4q": -2.94,
            "eps_4q_growth_year": null,
            "roe": -1.85,
            "roe_4q": -9.79,
            "gross_profit": 2939,
            "gross_margin": 1.24,
            "gross_margin_4q_avg": 4.42,
            "net_income": -40994,
            "revenue": 236974,
            "common_shares": 760137,
            "book_valuer_per_share": 28.61,
            "book_valuer_per_share_4q_avg": 29.71,
            "equity": 2174578,
            "current_ratio": 284.8,
            "debt_ratio": 20.98,
            "inventory_turnover_ratio": 1.47,
            "account_receivable_turnover_ratio": 0.55,
            "reinvestment_rate": null,
            "research_to_sale_ratio": 2.34,
            "price_fair": 0.24,
            "eps_avg_yearly": 0.08,
            "eps_latest_yearly": 0.08,
            "eps_growth_yearly": -354.33
        },
        "20122": {
            "year_quarter": 20122,
            "year": 2012,
            "quarter": 2,
            "eps": -0.3,
            "eps_growth_year": null,
            "eps_4q": -2.98,
            "eps_4q_growth_year": null,
            "roe": -1.05,
            "roe_4q": -9.98,
            "gross_profit": 21546,
            "gross_margin": 7.47,
            "gross_margin_4q_avg": 4.49,
            "net_income": -22711,
            "revenue": 288567,
            "common_shares": 760137,
            "book_valuer_per_share": 28.54,
            "book_valuer_per_share_4q_avg": 29.38,
            "equity": 2169098,
            "current_ratio": 291.53,
            "debt_ratio": 20.76,
            "inventory_turnover_ratio": 1.72,
            "account_receivable_turnover_ratio": 0.75,
            "reinvestment_rate": null,
            "research_to_sale_ratio": 2.18,
            "price_fair": 0.24,
            "eps_avg_yearly": 0.08,
            "eps_latest_yearly": 0.08,
            "eps_growth_yearly": -354.33
        },
        "20123": {
            "year_quarter": 20123,
            "year": 2012,
            "quarter": 3,
            "eps": -0.42,
            "eps_growth_year": null,
            "eps_4q": -2.9,
            "eps_4q_growth_year": null,
            "roe": -1.48,
            "roe_4q": -9.73,
            "gross_profit": 7903,
            "gross_margin": 3.43,
            "gross_margin_4q_avg": 4.64,
            "net_income": -31500,
            "revenue": 230435,
            "common_shares": 760137,
            "book_valuer_per_share": 27.92,
            "book_valuer_per_share_4q_avg": 28.68,
            "equity": 2096398,
            "current_ratio": 280.84,
            "debt_ratio": 21.3,
            "inventory_turnover_ratio": 1.33,
            "account_receivable_turnover_ratio": 0.6,
            "reinvestment_rate": null,
            "research_to_sale_ratio": 2.89,
            "price_fair": 0.24,
            "eps_avg_yearly": 0.08,
            "eps_latest_yearly": 0.08,
            "eps_growth_yearly": -354.33
        },
        "20124": {
            "year_quarter": 20124,
            "year": 2012,
            "quarter": 4,
            "eps": -2.71,
            "eps_growth_year": null,
            "eps_4q": -4,
            "eps_4q_growth_year": null,
            "roe": -10.09,
            "roe_4q": -14.47,
            "gross_profit": 611,
            "gross_margin": 0.26,
            "gross_margin_4q_avg": 3.1,
            "net_income": -200146,
            "revenue": 232677,
            "common_shares": 760137,
            "book_valuer_per_share": 25.35,
            "book_valuer_per_share_4q_avg": 27.61,
            "equity": 1870056,
            "current_ratio": 269.59,
            "debt_ratio": 22.5,
            "inventory_turnover_ratio": 1.34,
            "account_receivable_turnover_ratio": 0.62,
            "reinvestment_rate": null,
            "research_to_sale_ratio": 2.79,
            "price_fair": 0.24,
            "eps_avg_yearly": 0.08,
            "eps_latest_yearly": 0.08,
            "eps_growth_yearly": -354.33
        },
        "20131": {
            "year_quarter": 20131,
            "year": 2013,
            "quarter": 1,
            "eps": -0.39,
            "eps_growth_year": null,
            "eps_4q": -3.85,
            "eps_4q_growth_year": null,
            "roe": -1.57,
            "roe_4q": -14.190000000000001,
            "gross_profit": 12473,
            "gross_margin": 5.32,
            "gross_margin_4q_avg": 4.12,
            "net_income": -29520,
            "revenue": 234247,
            "common_shares": 760137,
            "book_valuer_per_share": 25.65,
            "book_valuer_per_share_4q_avg": 26.87,
            "equity": 1892430,
            "current_ratio": 275.02,
            "debt_ratio": 21.41,
            "inventory_turnover_ratio": 1.25,
            "account_receivable_turnover_ratio": 0.66,
            "reinvestment_rate": null,
            "research_to_sale_ratio": 2.98,
            "price_fair": 0.24,
            "eps_avg_yearly": 0.08,
            "eps_latest_yearly": 0.08,
            "eps_growth_yearly": -354.33
        },
        "20132": {
            "year_quarter": 20132,
            "year": 2013,
            "quarter": 2,
            "eps": -0.7,
            "eps_growth_year": null,
            "eps_4q": -4.24,
            "eps_4q_growth_year": null,
            "roe": -2.77,
            "roe_4q": -15.91,
            "gross_profit": -8076,
            "gross_margin": -2.28,
            "gross_margin_4q_avg": 1.68,
            "net_income": -51774,
            "revenue": 353818,
            "common_shares": 760137,
            "book_valuer_per_share": 25.07,
            "book_valuer_per_share_4q_avg": 26,
            "equity": 1849766,
            "current_ratio": 236.89,
            "debt_ratio": 24.54,
            "inventory_turnover_ratio": 1.76,
            "account_receivable_turnover_ratio": 1.08,
            "reinvestment_rate": null,
            "research_to_sale_ratio": 2.39,
            "price_fair": 0.24,
            "eps_avg_yearly": 0.08,
            "eps_latest_yearly": 0.08,
            "eps_growth_yearly": -354.33
        },
        "20133": {
            "year_quarter": 20133,
            "year": 2013,
            "quarter": 3,
            "eps": -0.37,
            "eps_growth_year": null,
            "eps_4q": -4.18,
            "eps_4q_growth_year": null,
            "roe": -1.49,
            "roe_4q": -15.92,
            "gross_profit": 29290,
            "gross_margin": 8.01,
            "gross_margin_4q_avg": 2.83,
            "net_income": -27246,
            "revenue": 365508,
            "common_shares": 760137,
            "book_valuer_per_share": 24.54,
            "book_valuer_per_share_4q_avg": 25.15,
            "equity": 1810351,
            "current_ratio": 228.6,
            "debt_ratio": 25.4,
            "inventory_turnover_ratio": 1.34,
            "account_receivable_turnover_ratio": 1.09,
            "reinvestment_rate": null,
            "research_to_sale_ratio": 1.96,
            "price_fair": 0.24,
            "eps_avg_yearly": 0.08,
            "eps_latest_yearly": 0.08,
            "eps_growth_yearly": -354.33
        },
        "20134": {
            "year_quarter": 20134,
            "year": 2013,
            "quarter": 4,
            "eps": -0.1,
            "eps_growth_year": null,
            "eps_4q": -1.57,
            "eps_4q_growth_year": null,
            "roe": -0.41,
            "roe_4q": -6.24,
            "gross_profit": 12915,
            "gross_margin": 3.61,
            "gross_margin_4q_avg": 3.67,
            "net_income": -7519,
            "revenue": 357518,
            "common_shares": 760137,
            "book_valuer_per_share": 24.74,
            "book_valuer_per_share_4q_avg": 25,
            "equity": 1825234,
            "current_ratio": 242.93,
            "debt_ratio": 23.94,
            "inventory_turnover_ratio": 1.24,
            "account_receivable_turnover_ratio": 1.09,
            "reinvestment_rate": null,
            "research_to_sale_ratio": 1.81,
            "price_fair": 0.24,
            "eps_avg_yearly": 0.08,
            "eps_latest_yearly": 0.08,
            "eps_growth_yearly": -327.27
        },
        "20141": {
            "year_quarter": 20141,
            "year": 2014,
            "quarter": 1,
            "eps": -0.49,
            "eps_growth_year": null,
            "eps_4q": -1.66,
            "eps_4q_growth_year": null,
            "roe": -2,
            "roe_4q": -6.67,
            "gross_profit": 4088,
            "gross_margin": 2.2,
            "gross_margin_4q_avg": 2.89,
            "net_income": -36275,
            "revenue": 186239,
            "common_shares": 760137,
            "book_valuer_per_share": 24.33,
            "book_valuer_per_share_4q_avg": 24.67,
            "equity": 1794776,
            "current_ratio": 261.63,
            "debt_ratio": 22.13,
            "inventory_turnover_ratio": 0.63,
            "account_receivable_turnover_ratio": 0.72,
            "reinvestment_rate": null,
            "research_to_sale_ratio": 3.06,
            "price_fair": 0.24,
            "eps_avg_yearly": 0.08,
            "eps_latest_yearly": 0.08,
            "eps_growth_yearly": -327.27
        },
        "20142": {
            "year_quarter": 20142,
            "year": 2014,
            "quarter": 2,
            "eps": -0.56,
            "eps_growth_year": null,
            "eps_4q": -1.53,
            "eps_4q_growth_year": null,
            "roe": -2.36,
            "roe_4q": -6.26,
            "gross_profit": -4227,
            "gross_margin": -2.17,
            "gross_margin_4q_avg": 2.91,
            "net_income": -41686,
            "revenue": 194573,
            "common_shares": 760137,
            "book_valuer_per_share": 23.5,
            "book_valuer_per_share_4q_avg": 24.28,
            "equity": 1733547,
            "current_ratio": 257.71,
            "debt_ratio": 20.6,
            "inventory_turnover_ratio": 0.75,
            "account_receivable_turnover_ratio": 0.99,
            "reinvestment_rate": null,
            "research_to_sale_ratio": 2.88,
            "price_fair": 0.24,
            "eps_avg_yearly": 0.08,
            "eps_latest_yearly": 0.08,
            "eps_growth_yearly": -327.27
        },
        "20143": {
            "year_quarter": 20143,
            "year": 2014,
            "quarter": 3,
            "eps": -0.48,
            "eps_growth_year": null,
            "eps_4q": -1.64,
            "eps_4q_growth_year": null,
            "roe": -2.05,
            "roe_4q": -6.82,
            "gross_profit": -9612,
            "gross_margin": -4.48,
            "gross_margin_4q_avg": -0.21,
            "net_income": -35468,
            "revenue": 214410,
            "common_shares": 760137,
            "book_valuer_per_share": 23.47,
            "book_valuer_per_share_4q_avg": 24.01,
            "equity": 1729271,
            "current_ratio": 244.79,
            "debt_ratio": 22.23,
            "inventory_turnover_ratio": 1.02,
            "account_receivable_turnover_ratio": 1.02,
            "reinvestment_rate": null,
            "research_to_sale_ratio": 3.56,
            "price_fair": 0,
            "eps_avg_yearly": 0,
            "eps_latest_yearly": 0,
            "eps_growth_yearly": 0
        },
        "20144": {
            "year_quarter": 20144,
            "year": 2014,
            "quarter": 4,
            "eps": -1.26,
            "eps_growth_year": null,
            "eps_4q": -2.84,
            "eps_4q_growth_year": null,
            "roe": -5.38,
            "roe_4q": -11.79,
            "gross_profit": -49457,
            "gross_margin": -26.11,
            "gross_margin_4q_avg": -7.64,
            "net_income": -90994,
            "revenue": 189451,
            "common_shares": 760137,
            "book_valuer_per_share": 22.93,
            "book_valuer_per_share_4q_avg": 23.56,
            "equity": 1653090,
            "current_ratio": 237.25,
            "debt_ratio": 23.19,
            "inventory_turnover_ratio": 1.19,
            "account_receivable_turnover_ratio": 0.7,
            "reinvestment_rate": null,
            "research_to_sale_ratio": 3.5,
            "price_fair": 0,
            "eps_avg_yearly": 0,
            "eps_latest_yearly": 0,
            "eps_growth_yearly": 0
        },
        "20151": {
            "year_quarter": 20151,
            "year": 2015,
            "quarter": 1,
            "eps": -0.27,
            "eps_growth_year": null,
            "eps_4q": -2.61,
            "eps_4q_growth_year": null,
            "roe": -1.21,
            "roe_4q": -11,
            "gross_profit": 6027,
            "gross_margin": 3.08,
            "gross_margin_4q_avg": -7.42,
            "net_income": -19795,
            "revenue": 195617,
            "common_shares": 743147,
            "book_valuer_per_share": 22.5,
            "book_valuer_per_share_4q_avg": 23.1,
            "equity": 1621828,
            "current_ratio": 239.11,
            "debt_ratio": 22.79,
            "inventory_turnover_ratio": 1.06,
            "account_receivable_turnover_ratio": 0.67,
            "reinvestment_rate": null,
            "research_to_sale_ratio": 2.49,
            "price_fair": 0,
            "eps_avg_yearly": 0,
            "eps_latest_yearly": 0,
            "eps_growth_yearly": 0
        },
        "20152": {
            "year_quarter": 20152,
            "year": 2015,
            "quarter": 2,
            "eps": -0.53,
            "eps_growth_year": null,
            "eps_4q": -2.56,
            "eps_4q_growth_year": null,
            "roe": -2.4,
            "roe_4q": -11.04,
            "gross_profit": -4782,
            "gross_margin": -2.61,
            "gross_margin_4q_avg": -7.53,
            "net_income": -38159,
            "revenue": 182976,
            "common_shares": 743147,
            "book_valuer_per_share": 21.64,
            "book_valuer_per_share_4q_avg": 22.64,
            "equity": 1559591,
            "current_ratio": 235.36,
            "debt_ratio": 22.7,
            "inventory_turnover_ratio": 1.13,
            "account_receivable_turnover_ratio": 0.69,
            "reinvestment_rate": null,
            "research_to_sale_ratio": 3.11,
            "price_fair": 0,
            "eps_avg_yearly": 0,
            "eps_latest_yearly": 0,
            "eps_growth_yearly": 0
        },
        "20153": {
            "year_quarter": 20153,
            "year": 2015,
            "quarter": 3,
            "eps": 0.97,
            "eps_growth_year": null,
            "eps_4q": -1.16,
            "eps_4q_growth_year": null,
            "roe": 4.26,
            "roe_4q": -4.73,
            "gross_profit": 10343,
            "gross_margin": 5.96,
            "gross_margin_4q_avg": -4.92,
            "net_income": 68531,
            "revenue": 173514,
            "common_shares": 743147,
            "book_valuer_per_share": 23.88,
            "book_valuer_per_share_4q_avg": 22.74,
            "equity": 1655468,
            "current_ratio": 285.57,
            "debt_ratio": 21.46,
            "inventory_turnover_ratio": 0.89,
            "account_receivable_turnover_ratio": 0.68,
            "reinvestment_rate": null,
            "research_to_sale_ratio": 3.63,
            "price_fair": 0,
            "eps_avg_yearly": 0,
            "eps_latest_yearly": 0,
            "eps_growth_yearly": 0
        },
        "20154": {
            "year_quarter": 20154,
            "year": 2015,
            "quarter": 4,
            "eps": -0.84,
            "eps_growth_year": null,
            "eps_4q": -0.69,
            "eps_4q_growth_year": null,
            "roe": -3.59,
            "roe_4q": -2.94,
            "gross_profit": 1531,
            "gross_margin": 0.88,
            "gross_margin_4q_avg": 1.83,
            "net_income": -58326,
            "revenue": 172994,
            "common_shares": 690837,
            "book_valuer_per_share": 23.09,
            "book_valuer_per_share_4q_avg": 22.78,
            "equity": 1595415,
            "current_ratio": 333.07,
            "debt_ratio": 17.02,
            "inventory_turnover_ratio": 0.81,
            "account_receivable_turnover_ratio": 0.68,
            "reinvestment_rate": null,
            "research_to_sale_ratio": 2.88,
            "price_fair": 0,
            "eps_avg_yearly": 0,
            "eps_latest_yearly": 0,
            "eps_growth_yearly": 0
        },
        "20161": {
            "year_quarter": 20161,
            "year": 2016,
            "quarter": 1,
            "eps": -0.18,
            "eps_growth_year": null,
            "eps_4q": -0.58,
            "eps_4q_growth_year": null,
            "roe": -0.79,
            "roe_4q": -2.52,
            "gross_profit": 10650,
            "gross_margin": 6.71,
            "gross_margin_4q_avg": 2.74,
            "net_income": -12415,
            "revenue": 158755,
            "common_shares": 690837,
            "book_valuer_per_share": 22.61,
            "book_valuer_per_share_4q_avg": 22.81,
            "equity": 1562211,
            "current_ratio": 328.71,
            "debt_ratio": 16.48,
            "inventory_turnover_ratio": 0.68,
            "account_receivable_turnover_ratio": 0.66,
            "reinvestment_rate": null,
            "research_to_sale_ratio": 2.73,
            "price_fair": 0,
            "eps_avg_yearly": 0,
            "eps_latest_yearly": 0,
            "eps_growth_yearly": 0
        },
        "20162": {
            "year_quarter": 20162,
            "year": 2016,
            "quarter": 2,
            "eps": -0.26,
            "eps_growth_year": null,
            "eps_4q": -0.29,
            "eps_4q_growth_year": null,
            "roe": -1.16,
            "roe_4q": -1.2800000000000002,
            "gross_profit": 17761,
            "gross_margin": 9,
            "gross_margin_4q_avg": 5.64,
            "net_income": -17898,
            "revenue": 197433,
            "common_shares": 690837,
            "book_valuer_per_share": 22.08,
            "book_valuer_per_share_4q_avg": 22.92,
            "equity": 1525213,
            "current_ratio": 359.8,
            "debt_ratio": 14.71,
            "inventory_turnover_ratio": 0.93,
            "account_receivable_turnover_ratio": 0.86,
            "reinvestment_rate": null,
            "research_to_sale_ratio": 2.51,
            "price_fair": 0,
            "eps_avg_yearly": 0,
            "eps_latest_yearly": 0,
            "eps_growth_yearly": 0
        },
        "20163": {
            "year_quarter": 20163,
            "year": 2016,
            "quarter": 3,
            "eps": -0.28,
            "eps_growth_year": -128.87,
            "eps_4q": -1.57,
            "eps_4q_growth_year": null,
            "roe": -1.3,
            "roe_4q": -6.84,
            "gross_profit": 9844,
            "gross_margin": 4.93,
            "gross_margin_4q_avg": 5.38,
            "net_income": -19508,
            "revenue": 199798,
            "common_shares": 690837,
            "book_valuer_per_share": 21.36,
            "book_valuer_per_share_4q_avg": 22.29,
            "equity": 1475297,
            "current_ratio": 322.92,
            "debt_ratio": 16.53,
            "inventory_turnover_ratio": 1.1,
            "account_receivable_turnover_ratio": 0.81,
            "reinvestment_rate": null,
            "research_to_sale_ratio": 2.5,
            "price_fair": 0,
            "eps_avg_yearly": 0,
            "eps_latest_yearly": 0,
            "eps_growth_yearly": 0
        },
        "20164": {
            "year_quarter": 20164,
            "year": 2016,
            "quarter": 4,
            "eps": -1.83,
            "eps_growth_year": null,
            "eps_4q": -2.55,
            "eps_4q_growth_year": null,
            "roe": -8.94,
            "roe_4q": -12.190000000000001,
            "gross_profit": 31943,
            "gross_margin": 15.61,
            "gross_margin_4q_avg": 9.06,
            "net_income": -126534,
            "revenue": 204696,
            "common_shares": 690837,
            "book_valuer_per_share": 19.64,
            "book_valuer_per_share_4q_avg": 21.42,
            "equity": 1356878,
            "current_ratio": 321.63,
            "debt_ratio": 18.23,
            "inventory_turnover_ratio": 0.97,
            "account_receivable_turnover_ratio": 0.73,
            "reinvestment_rate": null,
            "research_to_sale_ratio": 2.54,
            "price_fair": 0,
            "eps_avg_yearly": 0,
            "eps_latest_yearly": 0,
            "eps_growth_yearly": 0
        },
        "20171": {
            "year_quarter": 20171,
            "year": 2017,
            "quarter": 1,
            "eps": 0.08,
            "eps_growth_year": null,
            "eps_4q": -2.29,
            "eps_4q_growth_year": null,
            "roe": 0.44,
            "roe_4q": -10.96,
            "gross_profit": 36653,
            "gross_margin": 19.58,
            "gross_margin_4q_avg": 12.28,
            "net_income": 5835,
            "revenue": 187237,
            "common_shares": 690837,
            "book_valuer_per_share": 18.92,
            "book_valuer_per_share_4q_avg": 20.5,
            "equity": 1306974,
            "current_ratio": 327.73,
            "debt_ratio": 17.55,
            "inventory_turnover_ratio": 0.83,
            "account_receivable_turnover_ratio": 0.68,
            "reinvestment_rate": null,
            "research_to_sale_ratio": 2.25,
            "price_fair": 0,
            "eps_avg_yearly": 0,
            "eps_latest_yearly": 0,
            "eps_growth_yearly": 0
        },
        "20172": {
            "year_quarter": 20172,
            "year": 2017,
            "quarter": 2,
            "eps": 0,
            "eps_growth_year": null,
            "eps_4q": -2.03,
            "eps_4q_growth_year": null,
            "roe": -0,
            "roe_4q": -9.8,
            "gross_profit": 25395,
            "gross_margin": 14.25,
            "gross_margin_4q_avg": 13.59,
            "net_income": -30,
            "revenue": 178245,
            "common_shares": 690837,
            "book_valuer_per_share": 19.12,
            "book_valuer_per_share_4q_avg": 19.76,
            "equity": 1321200,
            "current_ratio": 301.8,
            "debt_ratio": 19.41,
            "inventory_turnover_ratio": 0.87,
            "account_receivable_turnover_ratio": 0.72,
            "reinvestment_rate": null,
            "research_to_sale_ratio": 2.59,
            "price_fair": 0,
            "eps_avg_yearly": 0,
            "eps_latest_yearly": 0,
            "eps_growth_yearly": 0
        },
        "20173": {
            "year_quarter": 20173,
            "year": 2017,
            "quarter": 3,
            "eps": 0.16,
            "eps_growth_year": null,
            "eps_4q": -2.16,
            "eps_4q_growth_year": null,
            "roe": 0.64,
            "roe_4q": -7.859999999999999,
            "gross_profit": 34177,
            "gross_margin": 17.14,
            "gross_margin_4q_avg": 16.65,
            "net_income": 8463,
            "revenue": 199440,
            "common_shares": 519133,
            "book_valuer_per_share": 25.8,
            "book_valuer_per_share_4q_avg": 20.87,
            "equity": 1339551,
            "current_ratio": 288.69,
            "debt_ratio": 20.97,
            "inventory_turnover_ratio": 0.86,
            "account_receivable_turnover_ratio": 0.75,
            "reinvestment_rate": null,
            "research_to_sale_ratio": 2.94,
            "price_fair": 0,
            "eps_avg_yearly": 0,
            "eps_latest_yearly": 0,
            "eps_growth_yearly": 0
        },
        "20174": {
            "year_quarter": 20174,
            "year": 2017,
            "quarter": 4,
            "eps": -0.04,
            "eps_growth_year": null,
            "eps_4q": 0.24,
            "eps_4q_growth_year": null,
            "roe": -0.14,
            "roe_4q": 0.94,
            "gross_profit": 23362,
            "gross_margin": 13.4,
            "gross_margin_4q_avg": 16.09,
            "net_income": -1854,
            "revenue": 174324,
            "common_shares": 519133,
            "book_valuer_per_share": 25.77,
            "book_valuer_per_share_4q_avg": 22.4,
            "equity": 1337648,
            "current_ratio": 284.69,
            "debt_ratio": 21.46,
            "inventory_turnover_ratio": 0.7,
            "account_receivable_turnover_ratio": 0.6,
            "reinvestment_rate": null,
            "research_to_sale_ratio": 3.85,
            "price_fair": 0,
            "eps_avg_yearly": 0,
            "eps_latest_yearly": 0,
            "eps_growth_yearly": 0
        },
        "20181": {
            "year_quarter": 20181,
            "year": 2018,
            "quarter": 1,
            "eps": -0.3,
            "eps_growth_year": -475,
            "eps_4q": -0.17,
            "eps_4q_growth_year": null,
            "roe": -1.16,
            "roe_4q": -0.6599999999999998,
            "gross_profit": 13439,
            "gross_margin": 9.09,
            "gross_margin_4q_avg": 13.47,
            "net_income": -15524,
            "revenue": 147813,
            "common_shares": 519133,
            "book_valuer_per_share": 25.76,
            "book_valuer_per_share_4q_avg": 24.11,
            "equity": 1343028,
            "current_ratio": 287.77,
            "debt_ratio": 21.03,
            "inventory_turnover_ratio": 0.6,
            "account_receivable_turnover_ratio": 0.54,
            "reinvestment_rate": null,
            "research_to_sale_ratio": 4.42,
            "price_fair": 0,
            "eps_avg_yearly": 0,
            "eps_latest_yearly": 0,
            "eps_growth_yearly": 0
        },
        "20182": {
            "year_quarter": 20182,
            "year": 2018,
            "quarter": 2,
            "eps": -0.63,
            "eps_growth_year": null,
            "eps_4q": -0.8,
            "eps_4q_growth_year": null,
            "roe": -2.47,
            "roe_4q": -3.13,
            "gross_profit": 5052,
            "gross_margin": 3.22,
            "gross_margin_4q_avg": 10.71,
            "net_income": -32673,
            "revenue": 157074,
            "common_shares": 519133,
            "book_valuer_per_share": 25.06,
            "book_valuer_per_share_4q_avg": 25.6,
            "equity": 1307109,
            "current_ratio": 283.27,
            "debt_ratio": 21.31,
            "inventory_turnover_ratio": 0.71,
            "account_receivable_turnover_ratio": 0.63,
            "reinvestment_rate": null,
            "research_to_sale_ratio": 6.13,
            "price_fair": 0,
            "eps_avg_yearly": 0,
            "eps_latest_yearly": 0,
            "eps_growth_yearly": 0
        },
        "20183": {
            "year_quarter": 20183,
            "year": 2018,
            "quarter": 3,
            "eps": 0.08,
            "eps_growth_year": -50,
            "eps_4q": -0.88,
            "eps_4q_growth_year": null,
            "roe": 0.33,
            "roe_4q": -3.44,
            "gross_profit": 28058,
            "gross_margin": 15.53,
            "gross_margin_4q_avg": 10.31,
            "net_income": 4248,
            "revenue": 180713,
            "common_shares": 519133,
            "book_valuer_per_share": 24.45,
            "book_valuer_per_share_4q_avg": 25.26,
            "equity": 1275180,
            "current_ratio": 265.96,
            "debt_ratio": 23.02,
            "inventory_turnover_ratio": 0.72,
            "account_receivable_turnover_ratio": 0.7,
            "reinvestment_rate": null,
            "research_to_sale_ratio": 4.2,
            "price_fair": 0,
            "eps_avg_yearly": 0,
            "eps_latest_yearly": 0,
            "eps_growth_yearly": 0
        },
        "20184": {
            "year_quarter": 20184,
            "year": 2018,
            "quarter": 4,
            "eps": -0.21,
            "eps_growth_year": null,
            "eps_4q": -1.05,
            "eps_4q_growth_year": -540.35,
            "roe": -0.84,
            "roe_4q": -4.140000000000001,
            "gross_profit": 22614,
            "gross_margin": 12.36,
            "gross_margin_4q_avg": 10.05,
            "net_income": -10733,
            "revenue": 183010,
            "common_shares": 519133,
            "book_valuer_per_share": 24.39,
            "book_valuer_per_share_4q_avg": 24.92,
            "equity": 1272021,
            "current_ratio": 264.13,
            "debt_ratio": 23.13,
            "inventory_turnover_ratio": 0.77,
            "account_receivable_turnover_ratio": 0.65,
            "reinvestment_rate": null,
            "research_to_sale_ratio": 4.05,
            "price_fair": 0,
            "eps_avg_yearly": 0,
            "eps_latest_yearly": 0,
            "eps_growth_yearly": 0
        },
        "20191": {
            "year_quarter": 20191,
            "year": 2019,
            "quarter": 1,
            "eps": -0.12,
            "eps_growth_year": null,
            "eps_4q": -0.88,
            "eps_4q_growth_year": null,
            "roe": -0.5,
            "roe_4q": -3.48,
            "gross_profit": 24328,
            "gross_margin": 16.42,
            "gross_margin_4q_avg": 11.88,
            "net_income": -6420,
            "revenue": 148169,
            "common_shares": 519133,
            "book_valuer_per_share": 24.71,
            "book_valuer_per_share_4q_avg": 24.65,
            "equity": 1289015,
            "current_ratio": 276.25,
            "debt_ratio": 22,
            "inventory_turnover_ratio": 0.61,
            "account_receivable_turnover_ratio": 0.54,
            "reinvestment_rate": null,
            "research_to_sale_ratio": 3.45,
            "price_fair": 0,
            "eps_avg_yearly": 0,
            "eps_latest_yearly": 0,
            "eps_growth_yearly": 0
        },
        "20192": {
            "year_quarter": 20192,
            "year": 2019,
            "quarter": 2,
            "eps": -0.15,
            "eps_growth_year": null,
            "eps_4q": -0.4,
            "eps_4q_growth_year": null,
            "roe": -0.6,
            "roe_4q": -1.6099999999999999,
            "gross_profit": 18365,
            "gross_margin": 11.29,
            "gross_margin_4q_avg": 13.9,
            "net_income": -7622,
            "revenue": 162712,
            "common_shares": 519133,
            "book_valuer_per_share": 24.36,
            "book_valuer_per_share_4q_avg": 24.48,
            "equity": 1270822,
            "current_ratio": 259.33,
            "debt_ratio": 23.11,
            "inventory_turnover_ratio": 0.73,
            "account_receivable_turnover_ratio": 0.67,
            "reinvestment_rate": null,
            "research_to_sale_ratio": 4.11,
            "price_fair": 0,
            "eps_avg_yearly": 0,
            "eps_latest_yearly": 0,
            "eps_growth_yearly": 0
        },
        "20193": {
            "year_quarter": 20193,
            "year": 2019,
            "quarter": 3,
            "eps": 0.36,
            "eps_growth_year": 350,
            "eps_4q": -0.12,
            "eps_4q_growth_year": null,
            "roe": 1.48,
            "roe_4q": -0.45999999999999996,
            "gross_profit": 20137,
            "gross_margin": 11.34,
            "gross_margin_4q_avg": 12.85,
            "net_income": 18632,
            "revenue": 177625,
            "common_shares": 519133,
            "book_valuer_per_share": 24.26,
            "book_valuer_per_share_4q_avg": 24.43,
            "equity": 1238525,
            "current_ratio": 262.18,
            "debt_ratio": 22.17,
            "inventory_turnover_ratio": 0.83,
            "account_receivable_turnover_ratio": 0.71,
            "reinvestment_rate": null,
            "research_to_sale_ratio": 2.75,
            "price_fair": 0,
            "eps_avg_yearly": 0,
            "eps_latest_yearly": 0,
            "eps_growth_yearly": 0
        },
        "20194": {
            "year_quarter": 20194,
            "year": 2019,
            "quarter": 4,
            "eps": -0.05,
            "eps_growth_year": null,
            "eps_4q": 0.04,
            "eps_4q_growth_year": null,
            "roe": -0.18,
            "roe_4q": 0.20000000000000007,
            "gross_profit": 22799,
            "gross_margin": 14.58,
            "gross_margin_4q_avg": 13.41,
            "net_income": -2222,
            "revenue": 156329,
            "common_shares": 505902,
            "book_valuer_per_share": 23.95,
            "book_valuer_per_share_4q_avg": 24.32,
            "equity": 1217935,
            "current_ratio": 264.63,
            "debt_ratio": 23.4,
            "inventory_turnover_ratio": 0.77,
            "account_receivable_turnover_ratio": 0.6,
            "reinvestment_rate": null,
            "research_to_sale_ratio": 3.16,
            "price_fair": 0,
            "eps_avg_yearly": 0,
            "eps_latest_yearly": 0,
            "eps_growth_yearly": 0
        },
        "20201": {
            "year_quarter": 20201,
            "year": 2020,
            "quarter": 1,
            "eps": -0.09,
            "eps_growth_year": null,
            "eps_4q": 0.09,
            "eps_4q_growth_year": null,
            "roe": -0.35,
            "roe_4q": 0.35,
            "gross_profit": 12627,
            "gross_margin": 11.47,
            "gross_margin_4q_avg": 12.17,
            "net_income": -4261,
            "revenue": 110101,
            "common_shares": 505902,
            "book_valuer_per_share": 23.68,
            "book_valuer_per_share_4q_avg": 24.06,
            "equity": 1204215,
            "current_ratio": 269.36,
            "debt_ratio": 22.7,
            "inventory_turnover_ratio": 0.61,
            "account_receivable_turnover_ratio": 0.5,
            "reinvestment_rate": null,
            "research_to_sale_ratio": 4.08,
            "price_fair": 0,
            "eps_avg_yearly": 0,
            "eps_latest_yearly": 0,
            "eps_growth_yearly": 0
        },
        "20202": {
            "year_quarter": 20202,
            "year": 2020,
            "quarter": 2,
            "eps": 0.98,
            "eps_growth_year": null,
            "eps_4q": 1.22,
            "eps_4q_growth_year": null,
            "roe": 4.06,
            "roe_4q": 5.01,
            "gross_profit": 51869,
            "gross_margin": 24.89,
            "gross_margin_4q_avg": 15.57,
            "net_income": 49844,
            "revenue": 208398,
            "common_shares": 505902,
            "book_valuer_per_share": 24.65,
            "book_valuer_per_share_4q_avg": 24.14,
            "equity": 1253631,
            "current_ratio": 252.95,
            "debt_ratio": 25.43,
            "inventory_turnover_ratio": 1.05,
            "account_receivable_turnover_ratio": 0.92,
            "reinvestment_rate": null,
            "research_to_sale_ratio": 2.96,
            "price_fair": 0,
            "eps_avg_yearly": 0,
            "eps_latest_yearly": 0,
            "eps_growth_yearly": 0
        },
        "20203": {
            "year_quarter": 20203,
            "year": 2020,
            "quarter": 3,
            "eps": 0.06,
            "eps_growth_year": -83.33,
            "eps_4q": 0.91,
            "eps_4q_growth_year": null,
            "roe": 0.23,
            "roe_4q": 3.76,
            "gross_profit": 24443,
            "gross_margin": 12.17,
            "gross_margin_4q_avg": 15.78,
            "net_income": 2920,
            "revenue": 200868,
            "common_shares": 505902,
            "book_valuer_per_share": 24.82,
            "book_valuer_per_share_4q_avg": 24.28,
            "equity": 1262096,
            "current_ratio": 257.45,
            "debt_ratio": 25.6,
            "inventory_turnover_ratio": 1.24,
            "account_receivable_turnover_ratio": 0.66,
            "reinvestment_rate": null,
            "research_to_sale_ratio": 3.15,
            "price_fair": 0.72,
            "eps_avg_yearly": 0.24,
            "eps_latest_yearly": 0.24,
            "eps_growth_yearly": -375.51
        },
        "20204": {
            "year_quarter": 20204,
            "year": 2020,
            "quarter": 4,
            "eps": -0.6,
            "eps_growth_year": null,
            "eps_4q": 0.35,
            "eps_4q_growth_year": 692.21,
            "roe": -2.39,
            "roe_4q": 1.5499999999999994,
            "gross_profit": 17062,
            "gross_margin": 9.37,
            "gross_margin_4q_avg": 14.48,
            "net_income": -30459,
            "revenue": 182105,
            "common_shares": 505902,
            "book_valuer_per_share": 25.36,
            "book_valuer_per_share_4q_avg": 24.63,
            "equity": 1289110,
            "current_ratio": 236.82,
            "debt_ratio": 26.79,
            "inventory_turnover_ratio": 1.11,
            "account_receivable_turnover_ratio": 0.53,
            "reinvestment_rate": null,
            "research_to_sale_ratio": 3.01,
            "price_fair": 0.72,
            "eps_avg_yearly": 0.24,
            "eps_latest_yearly": 0.24,
            "eps_growth_yearly": -375.51
        },
        "20211": {
            "year_quarter": 20211,
            "year": 2021,
            "quarter": 1,
            "eps": -0.11,
            "eps_growth_year": null,
            "eps_4q": 0.32,
            "eps_4q_growth_year": 278.24,
            "roe": -0.45,
            "roe_4q": 1.4499999999999993,
            "gross_profit": 13453,
            "gross_margin": 8.23,
            "gross_margin_4q_avg": 13.67,
            "net_income": -5758,
            "revenue": 163506,
            "common_shares": 505902,
            "book_valuer_per_share": 25.02,
            "book_valuer_per_share_4q_avg": 24.96,
            "equity": 1272079,
            "current_ratio": 233.72,
            "debt_ratio": 26.29,
            "inventory_turnover_ratio": 0.99,
            "account_receivable_turnover_ratio": 0.5,
            "reinvestment_rate": null,
            "research_to_sale_ratio": 3.16,
            "price_fair": 0.72,
            "eps_avg_yearly": 0.24,
            "eps_latest_yearly": 0.24,
            "eps_growth_yearly": -375.51
        },
        "20212": {
            "year_quarter": 20212,
            "year": 2021,
            "quarter": 2,
            "eps": 0.33,
            "eps_growth_year": -66.33,
            "eps_4q": -0.33,
            "eps_4q_growth_year": -127.43,
            "roe": 1.3,
            "roe_4q": -1.31,
            "gross_profit": 34714,
            "gross_margin": 11.4,
            "gross_margin_4q_avg": 10.29,
            "net_income": 16509,
            "revenue": 304592,
            "common_shares": 505902,
            "book_valuer_per_share": 24.86,
            "book_valuer_per_share_4q_avg": 25.02,
            "equity": 1263929,
            "current_ratio": 203.88,
            "debt_ratio": 30.72,
            "inventory_turnover_ratio": 1.74,
            "account_receivable_turnover_ratio": 0.88,
            "reinvestment_rate": null,
            "research_to_sale_ratio": 1.91,
            "price_fair": 0.72,
            "eps_avg_yearly": 0.24,
            "eps_latest_yearly": 0.24,
            "eps_growth_yearly": -375.51
        },
        "20213": {
            "year_quarter": 20213,
            "year": 2021,
            "quarter": 3,
            "eps": 0.4,
            "eps_growth_year": 566.67,
            "eps_4q": 0.01,
            "eps_4q_growth_year": -99.32,
            "roe": 1.59,
            "roe_4q": 0.04999999999999982,
            "gross_profit": 41477,
            "gross_margin": 13.56,
            "gross_margin_4q_avg": 10.64,
            "net_income": 20189,
            "revenue": 305863,
            "common_shares": 505902,
            "book_valuer_per_share": 24.93,
            "book_valuer_per_share_4q_avg": 25.04,
            "equity": 1267801,
            "current_ratio": 190.67,
            "debt_ratio": 33.7,
            "inventory_turnover_ratio": 1.57,
            "account_receivable_turnover_ratio": 0.74,
            "reinvestment_rate": null,
            "research_to_sale_ratio": 1.8,
            "price_fair": 2.76,
            "eps_avg_yearly": 0.92,
            "eps_latest_yearly": 1.6,
            "eps_growth_yearly": -145.33
        },
        "20214": {
            "year_quarter": 20214,
            "year": 2021,
            "quarter": 4,
            "eps": 0.26,
            "eps_growth_year": null,
            "eps_4q": 0.86,
            "eps_4q_growth_year": 145.27,
            "roe": 1.01,
            "roe_4q": 3.45,
            "gross_profit": 32989,
            "gross_margin": 10.91,
            "gross_margin_4q_avg": 11.03,
            "net_income": 12911,
            "revenue": 302336,
            "common_shares": 505902,
            "book_valuer_per_share": 25.49,
            "book_valuer_per_share_4q_avg": 25.08,
            "equity": 1296025,
            "current_ratio": 193.19,
            "debt_ratio": 32.52,
            "inventory_turnover_ratio": 1.62,
            "account_receivable_turnover_ratio": 0.69,
            "reinvestment_rate": 436.65,
            "research_to_sale_ratio": 2.1,
            "price_fair": 2.88,
            "eps_avg_yearly": 0.96,
            "eps_latest_yearly": 1.04,
            "eps_growth_yearly": -143.55
        },
        "20221": {
            "year_quarter": 20221,
            "year": 2022,
            "quarter": 1,
            "eps": 0.29,
            "eps_growth_year": null,
            "eps_4q": 1.26,
            "eps_4q_growth_year": 291.34,
            "roe": 1.09,
            "roe_4q": 4.99,
            "gross_profit": 27983,
            "gross_margin": 12.12,
            "gross_margin_4q_avg": 12,
            "net_income": 14453,
            "revenue": 230808,
            "common_shares": 505902,
            "book_valuer_per_share": 26.47,
            "book_valuer_per_share_4q_avg": 25.44,
            "equity": 1345694,
            "current_ratio": 206.28,
            "debt_ratio": 30.28,
            "inventory_turnover_ratio": 1.3,
            "account_receivable_turnover_ratio": 0.56,
            "reinvestment_rate": 386.66,
            "research_to_sale_ratio": 1.75,
            "price_fair": 3.03,
            "eps_avg_yearly": 1.01,
            "eps_latest_yearly": 1.16,
            "eps_growth_yearly": -96.13
        },
        "20222": {
            "year_quarter": 20222,
            "year": 2022,
            "quarter": 2,
            "eps": 0.1,
            "eps_growth_year": -69.7,
            "eps_4q": 1.04,
            "eps_4q_growth_year": null,
            "roe": 0.63,
            "roe_4q": 4.32,
            "gross_profit": 39169,
            "gross_margin": 20.45,
            "gross_margin_4q_avg": 14.26,
            "net_income": 8626,
            "revenue": 191547,
            "common_shares": 505902,
            "book_valuer_per_share": 25.87,
            "book_valuer_per_share_4q_avg": 25.69,
            "equity": 1399278,
            "current_ratio": 239.76,
            "debt_ratio": 27.28,
            "inventory_turnover_ratio": 0.82,
            "account_receivable_turnover_ratio": 0.57,
            "reinvestment_rate": 178.08,
            "research_to_sale_ratio": 3.56,
            "price_fair": 2.66,
            "eps_avg_yearly": 0.89,
            "eps_latest_yearly": 0.4,
            "eps_growth_yearly": -129.32
        },
        "20223": {
            "year_quarter": 20223,
            "year": 2022,
            "quarter": 3,
            "eps": 0.21,
            "eps_growth_year": -47.5,
            "eps_4q": 0.85,
            "eps_4q_growth_year": 13621.66,
            "roe": 0.91,
            "roe_4q": 3.6399999999999997,
            "gross_profit": 41116,
            "gross_margin": 16.69,
            "gross_margin_4q_avg": 15.04,
            "net_income": 12904,
            "revenue": 246365,
            "common_shares": 505902,
            "book_valuer_per_share": 26.38,
            "book_valuer_per_share_4q_avg": 26.05,
            "equity": 1427578,
            "current_ratio": 210.65,
            "debt_ratio": 28.9,
            "inventory_turnover_ratio": 0.93,
            "account_receivable_turnover_ratio": 0.87,
            "reinvestment_rate": 166.91,
            "research_to_sale_ratio": 3.3,
            "price_fair": 2.64,
            "eps_avg_yearly": 0.88,
            "eps_latest_yearly": 0.84,
            "eps_growth_yearly": -34.43
        },
        "20224": {
            "year_quarter": 20224,
            "year": 2022,
            "quarter": 4,
            "eps": 0.5,
            "eps_growth_year": 97.67,
            "eps_4q": 1.1,
            "eps_4q_growth_year": 27.27,
            "roe": 1.68,
            "roe_4q": 4.31,
            "gross_profit": 45302,
            "gross_margin": 15.48,
            "gross_margin_4q_avg": 16.19,
            "net_income": 24032,
            "revenue": 292688,
            "common_shares": 505902,
            "book_valuer_per_share": 26.47,
            "book_valuer_per_share_4q_avg": 26.3,
            "equity": 1430587,
            "current_ratio": 203.59,
            "debt_ratio": 40.45,
            "inventory_turnover_ratio": 1.19,
            "account_receivable_turnover_ratio": 0.88,
            "reinvestment_rate": 107.99,
            "research_to_sale_ratio": 2.6,
            "price_fair": 36.4,
            "eps_avg_yearly": 1.04,
            "eps_latest_yearly": 2,
            "eps_growth_yearly": 49.4
        },
        "20231": {
            "year_quarter": 20231,
            "year": 2023,
            "quarter": 1,
            "eps": 0.03,
            "eps_growth_year": -89.66,
            "eps_4q": 0.85,
            "eps_4q_growth_year": -33,
            "roe": 0.23,
            "roe_4q": 3.4499999999999997,
            "gross_profit": 33991,
            "gross_margin": 14.16,
            "gross_margin_4q_avg": 16.7,
            "net_income": 3330,
            "revenue": 239972,
            "common_shares": 505902,
            "book_valuer_per_share": 26.61,
            "book_valuer_per_share_4q_avg": 26.33,
            "equity": 1438964,
            "current_ratio": 213.67,
            "debt_ratio": 38.98,
            "inventory_turnover_ratio": 1.07,
            "account_receivable_turnover_ratio": 0.71,
            "reinvestment_rate": 108.71,
            "research_to_sale_ratio": 3.14,
            "price_fair": 2.78,
            "eps_avg_yearly": 0.93,
            "eps_latest_yearly": 0.12,
            "eps_growth_yearly": -3.77
        }
    },
    "months": {
        "2006-09": {
            "month": "2006-09",
            "price": "105.52",
            "revenue": 70058
        },
        "2006-10": {
            "month": "2006-10",
            "price": "93.83",
            "revenue": 84738
        },
        "2006-11": {
            "month": "2006-11",
            "price": "85.91",
            "revenue": 86950
        },
        "2006-12": {
            "month": "2006-12",
            "price": "84.98",
            "revenue": 60939
        },
        "2007-01": {
            "month": "2007-01",
            "price": "79.72",
            "revenue": 69058
        },
        "2007-02": {
            "month": "2007-02",
            "price": "74.93",
            "revenue": 55200
        },
        "2007-03": {
            "month": "2007-03",
            "price": "67.97",
            "revenue": 66218
        },
        "2007-04": {
            "month": "2007-04",
            "price": "65.10",
            "revenue": 54056
        },
        "2007-05": {
            "month": "2007-05",
            "price": "63.00",
            "revenue": 83723
        },
        "2007-06": {
            "month": "2007-06",
            "price": "68.44",
            "revenue": 81700
        },
        "2007-07": {
            "month": "2007-07",
            "price": "75.73",
            "revenue": 97903
        },
        "2007-08": {
            "month": "2007-08",
            "price": "69.83",
            "revenue": 97480
        },
        "2007-09": {
            "month": "2007-09",
            "price": "60.54",
            "revenue": 97534
        },
        "2007-10": {
            "month": "2007-10",
            "price": "54.60",
            "revenue": 109161
        },
        "2007-11": {
            "month": "2007-11",
            "price": "38.00",
            "revenue": 608421
        },
        "2007-12": {
            "month": "2007-12",
            "price": "37.43",
            "revenue": 522069
        },
        "2008-01": {
            "month": "2008-01",
            "price": "32.22",
            "revenue": 640906
        },
        "2008-02": {
            "month": "2008-02",
            "price": "31.24",
            "revenue": 513862
        },
        "2008-03": {
            "month": "2008-03",
            "price": "31.14",
            "revenue": 633498
        },
        "2008-04": {
            "month": "2008-04",
            "price": "32.73",
            "revenue": 609789
        },
        "2008-05": {
            "month": "2008-05",
            "price": "34.36",
            "revenue": 586030
        },
        "2008-06": {
            "month": "2008-06",
            "price": "28.32",
            "revenue": 498115
        },
        "2008-07": {
            "month": "2008-07",
            "price": "20.76",
            "revenue": 444563
        },
        "2008-08": {
            "month": "2008-08",
            "price": "19.89",
            "revenue": 431875
        },
        "2008-09": {
            "month": "2008-09",
            "price": "13.06",
            "revenue": 504015
        },
        "2008-10": {
            "month": "2008-10",
            "price": "10.20",
            "revenue": 346084
        },
        "2008-11": {
            "month": "2008-11",
            "price": "7.51",
            "revenue": 176398
        },
        "2008-12": {
            "month": "2008-12",
            "price": "7.04",
            "revenue": 161277
        },
        "2009-01": {
            "month": "2009-01",
            "price": "7.12",
            "revenue": 142771
        },
        "2009-02": {
            "month": "2009-02",
            "price": "7.68",
            "revenue": 238280
        },
        "2009-03": {
            "month": "2009-03",
            "price": "9.72",
            "revenue": 291540
        },
        "2009-04": {
            "month": "2009-04",
            "price": "10.77",
            "revenue": 262454
        },
        "2009-05": {
            "month": "2009-05",
            "price": "11.30",
            "revenue": 233612
        },
        "2009-06": {
            "month": "2009-06",
            "price": "15.02",
            "revenue": 265664
        },
        "2009-07": {
            "month": "2009-07",
            "price": "16.90",
            "revenue": 226852
        },
        "2009-08": {
            "month": "2009-08",
            "price": "15.96",
            "revenue": 259571
        },
        "2009-09": {
            "month": "2009-09",
            "price": "16.65",
            "revenue": 208158
        },
        "2009-10": {
            "month": "2009-10",
            "price": "17.13",
            "revenue": 164634
        },
        "2009-11": {
            "month": "2009-11",
            "price": "17.25",
            "revenue": 168704
        },
        "2009-12": {
            "month": "2009-12",
            "price": "19.64",
            "revenue": 180718
        },
        "2010-01": {
            "month": "2010-01",
            "price": "21.29",
            "revenue": 223277
        },
        "2010-02": {
            "month": "2010-02",
            "price": "17.56",
            "revenue": 147304
        },
        "2010-03": {
            "month": "2010-03",
            "price": "18.90",
            "revenue": 207590
        },
        "2010-04": {
            "month": "2010-04",
            "price": "19.36",
            "revenue": 168820
        },
        "2010-05": {
            "month": "2010-05",
            "price": "16.07",
            "revenue": 150177
        },
        "2010-06": {
            "month": "2010-06",
            "price": "15.28",
            "revenue": 124729
        },
        "2010-07": {
            "month": "2010-07",
            "price": "16.45",
            "revenue": 145410
        },
        "2010-08": {
            "month": "2010-08",
            "price": "16.37",
            "revenue": 149704
        },
        "2010-09": {
            "month": "2010-09",
            "price": "15.24",
            "revenue": 150186
        },
        "2010-10": {
            "month": "2010-10",
            "price": "14.98",
            "revenue": 144555
        },
        "2010-11": {
            "month": "2010-11",
            "price": "13.70",
            "revenue": 182411
        },
        "2010-12": {
            "month": "2010-12",
            "price": "13.77",
            "revenue": 170741
        },
        "2011-01": {
            "month": "2011-01",
            "price": "14.20",
            "revenue": 170018
        },
        "2011-02": {
            "month": "2011-02",
            "price": "14.84",
            "revenue": 95576
        },
        "2011-03": {
            "month": "2011-03",
            "price": "17.84",
            "revenue": 129037
        },
        "2011-04": {
            "month": "2011-04",
            "price": "16.89",
            "revenue": 119986
        },
        "2011-05": {
            "month": "2011-05",
            "price": "14.00",
            "revenue": 124229
        },
        "2011-06": {
            "month": "2011-06",
            "price": "13.37",
            "revenue": 81552
        },
        "2011-07": {
            "month": "2011-07",
            "price": "12.38",
            "revenue": 126093
        },
        "2011-08": {
            "month": "2011-08",
            "price": "10.65",
            "revenue": 104755
        },
        "2011-09": {
            "month": "2011-09",
            "price": "10.33",
            "revenue": 97611
        },
        "2011-10": {
            "month": "2011-10",
            "price": "10.13",
            "revenue": 97222
        },
        "2011-11": {
            "month": "2011-11",
            "price": "9.97",
            "revenue": 112204
        },
        "2011-12": {
            "month": "2011-12",
            "price": "8.94",
            "revenue": 118464
        },
        "2012-01": {
            "month": "2012-01",
            "price": "8.71",
            "revenue": 69705
        },
        "2012-02": {
            "month": "2012-02",
            "price": "10.05",
            "revenue": 79010
        },
        "2012-03": {
            "month": "2012-03",
            "price": "9.88",
            "revenue": 90365
        },
        "2012-04": {
            "month": "2012-04",
            "price": "8.92",
            "revenue": 82106
        },
        "2012-05": {
            "month": "2012-05",
            "price": "9.83",
            "revenue": 90277
        },
        "2012-06": {
            "month": "2012-06",
            "price": "9.75",
            "revenue": 84629
        },
        "2012-07": {
            "month": "2012-07",
            "price": "9.29",
            "revenue": 85848
        },
        "2012-08": {
            "month": "2012-08",
            "price": "8.75",
            "revenue": 85902
        },
        "2012-09": {
            "month": "2012-09",
            "price": "9.43",
            "revenue": 85765
        },
        "2012-10": {
            "month": "2012-10",
            "price": "9.42",
            "revenue": 73387
        },
        "2012-11": {
            "month": "2012-11",
            "price": "8.93",
            "revenue": 81475
        },
        "2012-12": {
            "month": "2012-12",
            "price": "8.99",
            "revenue": 69635
        },
        "2013-01": {
            "month": "2013-01",
            "price": "9.58",
            "revenue": 102989
        },
        "2013-02": {
            "month": "2013-02",
            "price": "12.24",
            "revenue": 53965
        },
        "2013-03": {
            "month": "2013-03",
            "price": "16.75",
            "revenue": 83961
        },
        "2013-04": {
            "month": "2013-04",
            "price": "15.33",
            "revenue": 98242
        },
        "2013-05": {
            "month": "2013-05",
            "price": "15.67",
            "revenue": 115719
        },
        "2013-06": {
            "month": "2013-06",
            "price": "13.98",
            "revenue": 129227
        },
        "2013-07": {
            "month": "2013-07",
            "price": "12.86",
            "revenue": 129028
        },
        "2013-08": {
            "month": "2013-08",
            "price": "12.30",
            "revenue": 114299
        },
        "2013-09": {
            "month": "2013-09",
            "price": "12.26",
            "revenue": 106405
        },
        "2013-10": {
            "month": "2013-10",
            "price": "11.40",
            "revenue": 155539
        },
        "2013-11": {
            "month": "2013-11",
            "price": "10.69",
            "revenue": 87798
        },
        "2013-12": {
            "month": "2013-12",
            "price": "11.07",
            "revenue": 109496
        },
        "2014-01": {
            "month": "2014-01",
            "price": "12.48",
            "revenue": 86668
        },
        "2014-02": {
            "month": "2014-02",
            "price": "13.21",
            "revenue": 51518
        },
        "2014-03": {
            "month": "2014-03",
            "price": "13.85",
            "revenue": 50700
        },
        "2014-04": {
            "month": "2014-04",
            "price": "12.17",
            "revenue": 54980
        },
        "2014-05": {
            "month": "2014-05",
            "price": "11.35",
            "revenue": 78389
        },
        "2014-06": {
            "month": "2014-06",
            "price": "11.80",
            "revenue": 56250
        },
        "2014-07": {
            "month": "2014-07",
            "price": "12.05",
            "revenue": 92457
        },
        "2014-08": {
            "month": "2014-08",
            "price": "11.57",
            "revenue": 69646
        },
        "2014-09": {
            "month": "2014-09",
            "price": "11.14",
            "revenue": 53277
        },
        "2014-10": {
            "month": "2014-10",
            "price": "10.30",
            "revenue": 51546
        },
        "2014-11": {
            "month": "2014-11",
            "price": "10.34",
            "revenue": 59139
        },
        "2014-12": {
            "month": "2014-12",
            "price": "10.50",
            "revenue": 90271
        },
        "2015-01": {
            "month": "2015-01",
            "price": "10.80",
            "revenue": 103199
        },
        "2015-02": {
            "month": "2015-02",
            "price": "10.92",
            "revenue": 37391
        },
        "2015-03": {
            "month": "2015-03",
            "price": "10.86",
            "revenue": 53080
        },
        "2015-04": {
            "month": "2015-04",
            "price": "10.29",
            "revenue": 64618
        },
        "2015-05": {
            "month": "2015-05",
            "price": "9.55",
            "revenue": 67714
        },
        "2015-06": {
            "month": "2015-06",
            "price": "9.23",
            "revenue": 49416
        },
        "2015-07": {
            "month": "2015-07",
            "price": "8.70",
            "revenue": 53262
        },
        "2015-08": {
            "month": "2015-08",
            "price": "8.03",
            "revenue": 48703
        },
        "2015-09": {
            "month": "2015-09",
            "price": "8.19",
            "revenue": 67511
        },
        "2015-10": {
            "month": "2015-10",
            "price": "8.71",
            "revenue": 64399
        },
        "2015-11": {
            "month": "2015-11",
            "price": "9.05",
            "revenue": 54955
        },
        "2015-12": {
            "month": "2015-12",
            "price": "8.89",
            "revenue": 51979
        },
        "2016-01": {
            "month": "2016-01",
            "price": "8.08",
            "revenue": 63852
        },
        "2016-02": {
            "month": "2016-02",
            "price": "8.05",
            "revenue": 34327
        },
        "2016-03": {
            "month": "2016-03",
            "price": "8.43",
            "revenue": 60100
        },
        "2016-04": {
            "month": "2016-04",
            "price": "8.31",
            "revenue": 67581
        },
        "2016-05": {
            "month": "2016-05",
            "price": "8.05",
            "revenue": 61242
        },
        "2016-06": {
            "month": "2016-06",
            "price": "8.27",
            "revenue": 67762
        },
        "2016-07": {
            "month": "2016-07",
            "price": "9.41",
            "revenue": 61767
        },
        "2016-08": {
            "month": "2016-08",
            "price": "9.45",
            "revenue": 72416
        },
        "2016-09": {
            "month": "2016-09",
            "price": "9.25",
            "revenue": 68333
        },
        "2016-10": {
            "month": "2016-10",
            "price": "9.01",
            "revenue": 67357
        },
        "2016-11": {
            "month": "2016-11",
            "price": "8.64",
            "revenue": 63428
        },
        "2016-12": {
            "month": "2016-12",
            "price": "8.42",
            "revenue": 71843
        },
        "2017-01": {
            "month": "2017-01",
            "price": "8.86",
            "revenue": 91750
        },
        "2017-02": {
            "month": "2017-02",
            "price": "9.61",
            "revenue": 43912
        },
        "2017-03": {
            "month": "2017-03",
            "price": "10.00",
            "revenue": 51194
        },
        "2017-04": {
            "month": "2017-04",
            "price": "9.98",
            "revenue": 54212
        },
        "2017-05": {
            "month": "2017-05",
            "price": "9.76",
            "revenue": 63451
        },
        "2017-06": {
            "month": "2017-06",
            "price": "10.13",
            "revenue": 60621
        },
        "2017-07": {
            "month": "2017-07",
            "price": "10.03",
            "revenue": 57969
        },
        "2017-08": {
            "month": "2017-08",
            "price": "9.94",
            "revenue": 79472
        },
        "2017-09": {
            "month": "2017-09",
            "price": "10.55",
            "revenue": 62420
        },
        "2017-10": {
            "month": "2017-10",
            "price": "10.89",
            "revenue": 65432
        },
        "2017-11": {
            "month": "2017-11",
            "price": "14.72",
            "revenue": 50328
        },
        "2017-12": {
            "month": "2017-12",
            "price": "14.05",
            "revenue": 58105
        },
        "2018-01": {
            "month": "2018-01",
            "price": "14.06",
            "revenue": 66540
        },
        "2018-02": {
            "month": "2018-02",
            "price": "13.54",
            "revenue": 31534
        },
        "2018-03": {
            "month": "2018-03",
            "price": "14.31",
            "revenue": 49710
        },
        "2018-04": {
            "month": "2018-04",
            "price": "14.85",
            "revenue": 50172
        },
        "2018-05": {
            "month": "2018-05",
            "price": "13.85",
            "revenue": 51226
        },
        "2018-06": {
            "month": "2018-06",
            "price": "13.05",
            "revenue": 55745
        },
        "2018-07": {
            "month": "2018-07",
            "price": "12.68",
            "revenue": 61912
        },
        "2018-08": {
            "month": "2018-08",
            "price": "12.87",
            "revenue": 64389
        },
        "2018-09": {
            "month": "2018-09",
            "price": "12.52",
            "revenue": 53232
        },
        "2018-10": {
            "month": "2018-10",
            "price": "11.84",
            "revenue": 44706
        },
        "2018-11": {
            "month": "2018-11",
            "price": "11.93",
            "revenue": 70260
        },
        "2018-12": {
            "month": "2018-12",
            "price": "11.97",
            "revenue": 66945
        },
        "2019-01": {
            "month": "2019-01",
            "price": "11.83",
            "revenue": 55078
        },
        "2019-02": {
            "month": "2019-02",
            "price": "12.65",
            "revenue": 34849
        },
        "2019-03": {
            "month": "2019-03",
            "price": "13.08",
            "revenue": 58729
        },
        "2019-04": {
            "month": "2019-04",
            "price": "12.70",
            "revenue": 58413
        },
        "2019-05": {
            "month": "2019-05",
            "price": "11.27",
            "revenue": 55978
        },
        "2019-06": {
            "month": "2019-06",
            "price": "10.61",
            "revenue": 48331
        },
        "2019-07": {
            "month": "2019-07",
            "price": "10.38",
            "revenue": 60576
        },
        "2019-08": {
            "month": "2019-08",
            "price": "10.70",
            "revenue": 54796
        },
        "2019-09": {
            "month": "2019-09",
            "price": "11.47",
            "revenue": 60448
        },
        "2019-10": {
            "month": "2019-10",
            "price": "11.59",
            "revenue": 49708
        },
        "2019-11": {
            "month": "2019-11",
            "price": "11.89",
            "revenue": 51414
        },
        "2019-12": {
            "month": "2019-12",
            "price": "12.06",
            "revenue": 55668
        },
        "2020-01": {
            "month": "2020-01",
            "price": "11.98",
            "revenue": 46898
        },
        "2020-02": {
            "month": "2020-02",
            "price": "11.83",
            "revenue": 13964
        },
        "2020-03": {
            "month": "2020-03",
            "price": "10.68",
            "revenue": 48757
        },
        "2020-04": {
            "month": "2020-04",
            "price": "10.40",
            "revenue": 64138
        },
        "2020-05": {
            "month": "2020-05",
            "price": "10.74",
            "revenue": 75705
        },
        "2020-06": {
            "month": "2020-06",
            "price": "11.24",
            "revenue": 66449
        },
        "2020-07": {
            "month": "2020-07",
            "price": "11.71",
            "revenue": 63951
        },
        "2020-08": {
            "month": "2020-08",
            "price": "12.93",
            "revenue": 74034
        },
        "2020-09": {
            "month": "2020-09",
            "price": "15.39",
            "revenue": 64352
        },
        "2020-10": {
            "month": "2020-10",
            "price": "15.08",
            "revenue": 63068
        },
        "2020-11": {
            "month": "2020-11",
            "price": "15.06",
            "revenue": 60759
        },
        "2020-12": {
            "month": "2020-12",
            "price": "14.87",
            "revenue": 59761
        },
        "2021-01": {
            "month": "2021-01",
            "price": "14.46",
            "revenue": 72066
        },
        "2021-02": {
            "month": "2021-02",
            "price": "16.45",
            "revenue": 42647
        },
        "2021-03": {
            "month": "2021-03",
            "price": "20.56",
            "revenue": 47785
        },
        "2021-04": {
            "month": "2021-04",
            "price": "19.70",
            "revenue": 64469
        },
        "2021-05": {
            "month": "2021-05",
            "price": "16.66",
            "revenue": 89037
        },
        "2021-06": {
            "month": "2021-06",
            "price": "16.01",
            "revenue": 150316
        },
        "2021-07": {
            "month": "2021-07",
            "price": "17.20",
            "revenue": 92786
        },
        "2021-08": {
            "month": "2021-08",
            "price": "15.78",
            "revenue": 104407
        },
        "2021-09": {
            "month": "2021-09",
            "price": "15.49",
            "revenue": 110290
        },
        "2021-10": {
            "month": "2021-10",
            "price": "15.58",
            "revenue": 94506
        },
        "2021-11": {
            "month": "2021-11",
            "price": "16.28",
            "revenue": 104938
        },
        "2021-12": {
            "month": "2021-12",
            "price": "17.45",
            "revenue": 103272
        },
        "2022-01": {
            "month": "2022-01",
            "price": "16.99",
            "revenue": 85464
        },
        "2022-02": {
            "month": "2022-02",
            "price": "16.91",
            "revenue": 73021
        },
        "2022-03": {
            "month": "2022-03",
            "price": "16.05",
            "revenue": 73061
        },
        "2022-04": {
            "month": "2022-04",
            "price": "15.92",
            "revenue": 70366
        },
        "2022-05": {
            "month": "2022-05",
            "price": "16.10",
            "revenue": 56691
        },
        "2022-06": {
            "month": "2022-06",
            "price": "16.29",
            "revenue": 63215
        },
        "2022-07": {
            "month": "2022-07",
            "price": "15.75",
            "revenue": 82018
        },
        "2022-08": {
            "month": "2022-08",
            "price": "16.37",
            "revenue": 85447
        },
        "2022-09": {
            "month": "2022-09",
            "price": "17.01",
            "revenue": 80203
        },
        "2022-10": {
            "month": "2022-10",
            "price": "16.77",
            "revenue": 83020
        },
        "2022-11": {
            "month": "2022-11",
            "price": "16.33",
            "revenue": 85688
        },
        "2022-12": {
            "month": "2022-12",
            "price": "15.58",
            "revenue": 123653
        },
        "2023-01": {
            "month": "2023-01",
            "price": "16.15",
            "revenue": 52438
        },
        "2023-02": {
            "month": "2023-02",
            "price": "16.23",
            "revenue": 84353
        },
        "2023-03": {
            "month": "2023-03",
            "price": "16.50",
            "revenue": 102844
        },
        "2023-04": {
            "month": "2023-04",
            "price": "18.37",
            "revenue": 82086
        },
        "2023-05": {
            "month": "2023-05",
            "price": "17.66",
            "revenue": 79591
        }
    }
}
