{
    "summary": {
        "stock_name": "柏騰",
        "stock_id": "3518",
        "category": "其他電子",
        "main_business": "NB、手機及其他電子產品之防電磁波干擾及外觀膜處理<br>真空濺鍍機設備",
        "website_url": "http://www.pttech.com.tw",
        "ceo": "王小龍",
        "pe_ratio": 100,
        "report_year_from": 2006,
        "report_year_to": 2023,
        "age": 17,
        "eps_negative_percentage": 44,
        "eps_growth_avg": {
            "last_all": -40.05,
            "last_2y": -38.46,
            "last_4y": -38.46,
            "last_8y": -69.23,
            "last_12y": -74.38,
            "last_16y": null,
            "last_20y": null,
            "at_2006_last_3y": null,
            "at_2007_last_3y": null,
            "at_2008_last_3y": null,
            "at_2009_last_3y": null,
            "at_2010_last_3y": 1.78,
            "at_2011_last_3y": -44.73,
            "at_2012_last_3y": -57.88,
            "at_2013_last_3y": -77.81,
            "at_2014_last_3y": -96.35,
            "at_2015_last_3y": -100,
            "at_2016_last_3y": -100,
            "at_2017_last_3y": -100,
            "at_2018_last_3y": null,
            "at_2019_last_3y": null,
            "at_2020_last_3y": null,
            "at_2021_last_3y": null,
            "at_2022_last_3y": -38.46,
            "at_2023_last_3y": -38.46,
            "at_2006_last_all": null,
            "at_2007_last_all": null,
            "at_2008_last_all": 24.81,
            "at_2009_last_all": 17.17,
            "at_2010_last_all": 1.78,
            "at_2011_last_all": -16.39,
            "at_2012_last_all": -30.32,
            "at_2013_last_all": -30.32,
            "at_2014_last_all": -40.28,
            "at_2015_last_all": -40.28,
            "at_2016_last_all": -40.28,
            "at_2017_last_all": -40.28,
            "at_2018_last_all": -40.28,
            "at_2019_last_all": -40.28,
            "at_2020_last_all": -40.28,
            "at_2021_last_all": -40.28,
            "at_2022_last_all": -40.05,
            "at_2023_last_all": -40.05
        },
        "latest_eps": 0.32,
        "latest_price": 32.15,
        "latest_roe": 1.63,
        "latest_gross_margin": 29.63,
        "latest_equity": 1499851,
        "latest_revenue": 93117,
        "latest_gross_profit": 27587,
        "latest_net_income": 6941,
        "latest_debt_ratio": 15.01,
        "latest_current_ratio": 652.88,
        "latest_account_receivable_turnover_ratio": 0.35,
        "latest_inventory_turnover_ratio": 15.43,
        "latest_reinvestment_rate": null,
        "latest_research_to_sale_ratio": 6.96
    },
    "eps_dividends": {
        "2001": {
            "cash": 0,
            "stock": 0,
            "eps": 0
        },
        "2002": {
            "cash": 0,
            "stock": 0,
            "eps": 0
        },
        "2003": {
            "cash": 0,
            "stock": 0,
            "eps": 0
        },
        "2004": {
            "cash": 0,
            "stock": 0,
            "eps": 0
        },
        "2005": {
            "cash": 0,
            "stock": 0,
            "eps": 0
        },
        "2006": {
            "cash": 0,
            "stock": 0,
            "eps": 7.61
        },
        "2007": {
            "cash": 6,
            "stock": 1,
            "eps": 14.99
        },
        "2008": {
            "cash": 7.04,
            "stock": 1.01,
            "eps": 7.89
        },
        "2009": {
            "cash": 3,
            "stock": 0,
            "eps": 8.04
        },
        "2010": {
            "cash": 5.5,
            "stock": 0.5,
            "eps": 4.47
        },
        "2011": {
            "cash": 3,
            "stock": 0.5,
            "eps": 0.49
        },
        "2012": {
            "cash": 0,
            "stock": 0,
            "eps": -2.17
        },
        "2013": {
            "cash": 0.4,
            "stock": 0.1,
            "eps": 1.14
        },
        "2014": {
            "cash": 1,
            "stock": 0,
            "eps": -2.92
        },
        "2015": {
            "cash": 2,
            "stock": 0,
            "eps": -1.96
        },
        "2016": {
            "cash": 1,
            "stock": 0,
            "eps": -5.09
        },
        "2017": {
            "cash": 0.5,
            "stock": 0,
            "eps": -3.07
        },
        "2018": {
            "cash": 0,
            "stock": 0,
            "eps": -4.28
        },
        "2019": {
            "cash": 0,
            "stock": 0,
            "eps": -2.5
        },
        "2020": {
            "cash": 0,
            "stock": 0,
            "eps": -0.71
        },
        "2021": {
            "cash": 0,
            "stock": 0,
            "eps": 0.52
        },
        "2022": {
            "cash": 1,
            "stock": 0,
            "eps": 0.32
        },
        "2023": {
            "cash": 0.5,
            "stock": 0,
            "eps": 0.09
        }
    },
    "dividends": {
        "2007-03-20": {
            "cash": 6,
            "stock": 1
        },
        "2008-03-20": {
            "cash": 7.04,
            "stock": 1.01
        },
        "2009-02-11": {
            "cash": 3,
            "stock": 0
        },
        "2010-03-03": {
            "cash": 5.5,
            "stock": 0.5
        },
        "2011-01-01": {
            "cash": 0.5,
            "stock": 0.5
        },
        "2011-03-25": {
            "cash": 2.5,
            "stock": 0
        },
        "2013-03-11": {
            "cash": 0.4,
            "stock": 0.1
        },
        "2014-08-27": {
            "cash": 1,
            "stock": 0
        },
        "2015-08-26": {
            "cash": 2,
            "stock": 0
        },
        "2016-08-11": {
            "cash": 1,
            "stock": 0
        },
        "2017-08-18": {
            "cash": 0.5,
            "stock": 0
        },
        "2022-07-28": {
            "cash": 1,
            "stock": 0
        },
        "2023-03-15": {
            "cash": 0.5,
            "stock": 0
        }
    },
    "prices": {
        "200101": "無",
        "200102": "無",
        "200103": "無",
        "200104": "無",
        "200105": "無",
        "200106": "無",
        "200107": "無",
        "200108": "無",
        "200109": "無",
        "200110": "無",
        "200111": "無",
        "200112": "無",
        "200201": "無",
        "200202": "無",
        "200203": "無",
        "200204": "無",
        "200205": "無",
        "200206": "無",
        "200207": "無",
        "200208": "無",
        "200209": "無",
        "200210": "無",
        "200211": "無",
        "200212": "無",
        "200301": "無",
        "200302": "無",
        "200303": "無",
        "200304": "無",
        "200305": "無",
        "200306": "無",
        "200307": "無",
        "200308": "無",
        "200309": "無",
        "200310": "無",
        "200311": "無",
        "200312": "無",
        "200401": "無",
        "200402": "無",
        "200403": "無",
        "200404": "無",
        "200405": "無",
        "200406": "無",
        "200407": "無",
        "200408": "無",
        "200409": "無",
        "200410": "無",
        "200411": "無",
        "200412": "無",
        "200501": "無",
        "200502": "無",
        "200503": "無",
        "200504": "無",
        "200505": "無",
        "200506": "無",
        "200507": "無",
        "200508": "無",
        "200509": "無",
        "200510": "無",
        "200511": "無",
        "200512": "無",
        "200601": "無",
        "200602": "無",
        "200603": "無",
        "200604": "無",
        "200605": "無",
        "200606": "無",
        "200607": "156.12",
        "200608": "148.12",
        "200609": "151.88",
        "200610": "153.25",
        "200611": "147.46",
        "200612": "150.57",
        "200701": "173.85",
        "200702": "190.71",
        "200703": "190.79",
        "200704": "195.58",
        "200705": "219.34",
        "200706": "237.66",
        "200707": "254.58",
        "200708": "266.67",
        "200709": "260.50",
        "200710": "251.89",
        "200711": "207.83",
        "200712": "223.12",
        "200801": "199.18",
        "200802": "166.86",
        "200803": "171.98",
        "200804": "195.71",
        "200805": "219.62",
        "200806": "202.24",
        "200807": "159.93",
        "200808": "131.19",
        "200809": "99.31",
        "200810": "64.64",
        "200811": "55.91",
        "200812": "56.32",
        "200901": "54.59",
        "200902": "59.50",
        "200903": "73.59",
        "200904": "84.42",
        "200905": "100.78",
        "200906": "86.11",
        "200907": "96.91",
        "200908": "92.12",
        "200909": "94.01",
        "200910": "89.90",
        "200911": "89.30",
        "200912": "89.73",
        "201001": "93.16",
        "201002": "85.42",
        "201003": "88.70",
        "201004": "88.77",
        "201005": "85.90",
        "201006": "81.71",
        "201007": "78.93",
        "201008": "72.80",
        "201009": "72.46",
        "201010": "71.79",
        "201011": "60.14",
        "201012": "60.92",
        "201101": "57.44",
        "201102": "52.69",
        "201103": "52.67",
        "201104": "52.64",
        "201105": "49.83",
        "201106": "42.86",
        "201107": "35.60",
        "201108": "30.25",
        "201109": "30.70",
        "201110": "35.70",
        "201111": "31.42",
        "201112": "29.05",
        "201201": "29.77",
        "201202": "35.09",
        "201203": "36.35",
        "201204": "30.42",
        "201205": "29.42",
        "201206": "28.74",
        "201207": "28.74",
        "201208": "30.06",
        "201209": "35.16",
        "201210": "38.53",
        "201211": "35.35",
        "201212": "36.55",
        "201301": "35.56",
        "201302": "37.82",
        "201303": "40.33",
        "201304": "40.58",
        "201305": "41.10",
        "201306": "39.37",
        "201307": "40.70",
        "201308": "39.65",
        "201309": "38.24",
        "201310": "37.77",
        "201311": "38.55",
        "201312": "50.28",
        "201401": "63.83",
        "201402": "66.57",
        "201403": "65.11",
        "201404": "73.27",
        "201405": "84.37",
        "201406": "82.38",
        "201407": "70.88",
        "201408": "55.04",
        "201409": "50.46",
        "201410": "47.97",
        "201411": "46.70",
        "201412": "48.17",
        "201501": "49.32",
        "201502": "50.12",
        "201503": "52.36",
        "201504": "55.26",
        "201505": "49.44",
        "201506": "52.14",
        "201507": "54.21",
        "201508": "42.46",
        "201509": "37.04",
        "201510": "37.36",
        "201511": "35.66",
        "201512": "36.17",
        "201601": "30.44",
        "201602": "27.84",
        "201603": "28.63",
        "201604": "25.38",
        "201605": "21.08",
        "201606": "22.19",
        "201607": "23.44",
        "201608": "23.32",
        "201609": "24.42",
        "201610": "24.48",
        "201611": "22.18",
        "201612": "21.90",
        "201701": "21.34",
        "201702": "23.29",
        "201703": "22.79",
        "201704": "21.31",
        "201705": "19.98",
        "201706": "21.48",
        "201707": "21.10",
        "201708": "22.38",
        "201709": "34.19",
        "201710": "42.43",
        "201711": "35.41",
        "201712": "36.35",
        "201801": "32.65",
        "201802": "30.08",
        "201803": "29.45",
        "201804": "29.56",
        "201805": "27.71",
        "201806": "24.86",
        "201807": "22.34",
        "201808": "22.69",
        "201809": "23.56",
        "201810": "18.03",
        "201811": "16.75",
        "201812": "16.38",
        "201901": "15.17",
        "201902": "16.54",
        "201903": "18.54",
        "201904": "19.81",
        "201905": "17.46",
        "201906": "18.40",
        "201907": "21.15",
        "201908": "20.85",
        "201909": "21.80",
        "201910": "22.35",
        "201911": "25.78",
        "201912": "30.81",
        "202001": "36.29",
        "202002": "32.35",
        "202003": "22.10",
        "202004": "25.46",
        "202005": "34.77",
        "202006": "35.50",
        "202007": "32.64",
        "202008": "29.91",
        "202009": "27.77",
        "202010": "28.04",
        "202011": "30.37",
        "202012": "33.59",
        "202101": "32.04",
        "202102": "30.70",
        "202103": "31.34",
        "202104": "31.29",
        "202105": "26.39",
        "202106": "27.05",
        "202107": "24.78",
        "202108": "22.38",
        "202109": "22.30",
        "202110": "23.30",
        "202111": "23.18",
        "202112": "23.47",
        "202201": "23.49",
        "202202": "22.71",
        "202203": "21.21",
        "202204": "20.16",
        "202205": "19.21",
        "202206": "19.92",
        "202207": "17.67",
        "202208": "21.90",
        "202209": "26.36",
        "202210": "21.22",
        "202211": "20.74",
        "202212": "20.72",
        "202301": "20.15",
        "202302": "21.54",
        "202303": "22.44",
        "202304": "30.70",
        "202305": "31.46"
    },
    "quarters": {
        "20011": {
            "year_quarter": 20011,
            "year": 2001,
            "quarter": 1,
            "eps": null,
            "eps_growth_year": null,
            "eps_4q": null,
            "eps_4q_growth_year": null,
            "roe": null,
            "roe_4q": 0,
            "gross_profit": null,
            "gross_margin": null,
            "gross_margin_4q_avg": 0,
            "net_income": null,
            "revenue": null,
            "common_shares": null,
            "book_valuer_per_share": null,
            "book_valuer_per_share_4q_avg": 0,
            "equity": null,
            "current_ratio": null,
            "debt_ratio": null,
            "inventory_turnover_ratio": null,
            "account_receivable_turnover_ratio": null,
            "reinvestment_rate": null,
            "research_to_sale_ratio": null,
            "price_fair": 0,
            "eps_avg_yearly": 0,
            "eps_latest_yearly": 0,
            "eps_growth_yearly": 0
        },
        "20012": {
            "year_quarter": 20012,
            "year": 2001,
            "quarter": 2,
            "eps": null,
            "eps_growth_year": null,
            "eps_4q": null,
            "eps_4q_growth_year": null,
            "roe": null,
            "roe_4q": 0,
            "gross_profit": null,
            "gross_margin": null,
            "gross_margin_4q_avg": 0,
            "net_income": null,
            "revenue": null,
            "common_shares": null,
            "book_valuer_per_share": null,
            "book_valuer_per_share_4q_avg": 0,
            "equity": null,
            "current_ratio": null,
            "debt_ratio": null,
            "inventory_turnover_ratio": null,
            "account_receivable_turnover_ratio": null,
            "reinvestment_rate": null,
            "research_to_sale_ratio": null,
            "price_fair": 0,
            "eps_avg_yearly": 0,
            "eps_latest_yearly": 0,
            "eps_growth_yearly": 0
        },
        "20013": {
            "year_quarter": 20013,
            "year": 2001,
            "quarter": 3,
            "eps": null,
            "eps_growth_year": null,
            "eps_4q": null,
            "eps_4q_growth_year": null,
            "roe": null,
            "roe_4q": 0,
            "gross_profit": null,
            "gross_margin": null,
            "gross_margin_4q_avg": 0,
            "net_income": null,
            "revenue": null,
            "common_shares": null,
            "book_valuer_per_share": null,
            "book_valuer_per_share_4q_avg": 0,
            "equity": null,
            "current_ratio": null,
            "debt_ratio": null,
            "inventory_turnover_ratio": null,
            "account_receivable_turnover_ratio": null,
            "reinvestment_rate": null,
            "research_to_sale_ratio": null,
            "price_fair": 0,
            "eps_avg_yearly": 0,
            "eps_latest_yearly": 0,
            "eps_growth_yearly": 0
        },
        "20014": {
            "year_quarter": 20014,
            "year": 2001,
            "quarter": 4,
            "eps": null,
            "eps_growth_year": null,
            "eps_4q": null,
            "eps_4q_growth_year": null,
            "roe": null,
            "roe_4q": 0,
            "gross_profit": null,
            "gross_margin": null,
            "gross_margin_4q_avg": 0,
            "net_income": null,
            "revenue": null,
            "common_shares": 254384,
            "book_valuer_per_share": 7.1,
            "book_valuer_per_share_4q_avg": 1.78,
            "equity": 180530,
            "current_ratio": 856.04,
            "debt_ratio": 30.95,
            "inventory_turnover_ratio": null,
            "account_receivable_turnover_ratio": null,
            "reinvestment_rate": null,
            "research_to_sale_ratio": null,
            "price_fair": 0,
            "eps_avg_yearly": 0,
            "eps_latest_yearly": 0,
            "eps_growth_yearly": 0
        },
        "20021": {
            "year_quarter": 20021,
            "year": 2002,
            "quarter": 1,
            "eps": null,
            "eps_growth_year": null,
            "eps_4q": null,
            "eps_4q_growth_year": null,
            "roe": null,
            "roe_4q": 0,
            "gross_profit": null,
            "gross_margin": null,
            "gross_margin_4q_avg": 0,
            "net_income": null,
            "revenue": null,
            "common_shares": null,
            "book_valuer_per_share": null,
            "book_valuer_per_share_4q_avg": 1.78,
            "equity": null,
            "current_ratio": null,
            "debt_ratio": null,
            "inventory_turnover_ratio": null,
            "account_receivable_turnover_ratio": null,
            "reinvestment_rate": null,
            "research_to_sale_ratio": null,
            "price_fair": 0,
            "eps_avg_yearly": 0,
            "eps_latest_yearly": 0,
            "eps_growth_yearly": 0
        },
        "20022": {
            "year_quarter": 20022,
            "year": 2002,
            "quarter": 2,
            "eps": null,
            "eps_growth_year": null,
            "eps_4q": null,
            "eps_4q_growth_year": null,
            "roe": null,
            "roe_4q": 0,
            "gross_profit": null,
            "gross_margin": null,
            "gross_margin_4q_avg": 0,
            "net_income": null,
            "revenue": null,
            "common_shares": null,
            "book_valuer_per_share": null,
            "book_valuer_per_share_4q_avg": 1.78,
            "equity": null,
            "current_ratio": null,
            "debt_ratio": null,
            "inventory_turnover_ratio": null,
            "account_receivable_turnover_ratio": null,
            "reinvestment_rate": null,
            "research_to_sale_ratio": null,
            "price_fair": 0,
            "eps_avg_yearly": 0,
            "eps_latest_yearly": 0,
            "eps_growth_yearly": 0
        },
        "20023": {
            "year_quarter": 20023,
            "year": 2002,
            "quarter": 3,
            "eps": null,
            "eps_growth_year": null,
            "eps_4q": null,
            "eps_4q_growth_year": null,
            "roe": null,
            "roe_4q": 0,
            "gross_profit": null,
            "gross_margin": null,
            "gross_margin_4q_avg": 0,
            "net_income": null,
            "revenue": null,
            "common_shares": null,
            "book_valuer_per_share": null,
            "book_valuer_per_share_4q_avg": 1.78,
            "equity": null,
            "current_ratio": null,
            "debt_ratio": null,
            "inventory_turnover_ratio": null,
            "account_receivable_turnover_ratio": null,
            "reinvestment_rate": null,
            "research_to_sale_ratio": null,
            "price_fair": 0,
            "eps_avg_yearly": 0,
            "eps_latest_yearly": 0,
            "eps_growth_yearly": 0
        },
        "20024": {
            "year_quarter": 20024,
            "year": 2002,
            "quarter": 4,
            "eps": null,
            "eps_growth_year": null,
            "eps_4q": null,
            "eps_4q_growth_year": null,
            "roe": null,
            "roe_4q": 0,
            "gross_profit": null,
            "gross_margin": null,
            "gross_margin_4q_avg": 0,
            "net_income": null,
            "revenue": null,
            "common_shares": 266975,
            "book_valuer_per_share": 7.66,
            "book_valuer_per_share_4q_avg": 1.92,
            "equity": 204465,
            "current_ratio": 133.1,
            "debt_ratio": 46.36,
            "inventory_turnover_ratio": null,
            "account_receivable_turnover_ratio": null,
            "reinvestment_rate": null,
            "research_to_sale_ratio": null,
            "price_fair": 0,
            "eps_avg_yearly": 0,
            "eps_latest_yearly": 0,
            "eps_growth_yearly": 0
        },
        "20031": {
            "year_quarter": 20031,
            "year": 2003,
            "quarter": 1,
            "eps": null,
            "eps_growth_year": null,
            "eps_4q": null,
            "eps_4q_growth_year": null,
            "roe": null,
            "roe_4q": 0,
            "gross_profit": null,
            "gross_margin": null,
            "gross_margin_4q_avg": 0,
            "net_income": null,
            "revenue": null,
            "common_shares": null,
            "book_valuer_per_share": null,
            "book_valuer_per_share_4q_avg": 1.92,
            "equity": null,
            "current_ratio": null,
            "debt_ratio": null,
            "inventory_turnover_ratio": null,
            "account_receivable_turnover_ratio": null,
            "reinvestment_rate": null,
            "research_to_sale_ratio": null,
            "price_fair": 0,
            "eps_avg_yearly": 0,
            "eps_latest_yearly": 0,
            "eps_growth_yearly": 0
        },
        "20032": {
            "year_quarter": 20032,
            "year": 2003,
            "quarter": 2,
            "eps": null,
            "eps_growth_year": null,
            "eps_4q": null,
            "eps_4q_growth_year": null,
            "roe": null,
            "roe_4q": 0,
            "gross_profit": null,
            "gross_margin": null,
            "gross_margin_4q_avg": 0,
            "net_income": null,
            "revenue": null,
            "common_shares": null,
            "book_valuer_per_share": null,
            "book_valuer_per_share_4q_avg": 1.92,
            "equity": null,
            "current_ratio": null,
            "debt_ratio": null,
            "inventory_turnover_ratio": null,
            "account_receivable_turnover_ratio": null,
            "reinvestment_rate": null,
            "research_to_sale_ratio": null,
            "price_fair": 0,
            "eps_avg_yearly": 0,
            "eps_latest_yearly": 0,
            "eps_growth_yearly": 0
        },
        "20033": {
            "year_quarter": 20033,
            "year": 2003,
            "quarter": 3,
            "eps": null,
            "eps_growth_year": null,
            "eps_4q": null,
            "eps_4q_growth_year": null,
            "roe": null,
            "roe_4q": 0,
            "gross_profit": null,
            "gross_margin": null,
            "gross_margin_4q_avg": 0,
            "net_income": null,
            "revenue": null,
            "common_shares": null,
            "book_valuer_per_share": null,
            "book_valuer_per_share_4q_avg": 1.92,
            "equity": null,
            "current_ratio": null,
            "debt_ratio": null,
            "inventory_turnover_ratio": null,
            "account_receivable_turnover_ratio": null,
            "reinvestment_rate": null,
            "research_to_sale_ratio": null,
            "price_fair": 0,
            "eps_avg_yearly": 0,
            "eps_latest_yearly": 0,
            "eps_growth_yearly": 0
        },
        "20034": {
            "year_quarter": 20034,
            "year": 2003,
            "quarter": 4,
            "eps": null,
            "eps_growth_year": null,
            "eps_4q": null,
            "eps_4q_growth_year": null,
            "roe": null,
            "roe_4q": 0,
            "gross_profit": null,
            "gross_margin": null,
            "gross_margin_4q_avg": 0,
            "net_income": null,
            "revenue": null,
            "common_shares": 300316,
            "book_valuer_per_share": 9.02,
            "book_valuer_per_share_4q_avg": 2.26,
            "equity": 270962,
            "current_ratio": 304.79,
            "debt_ratio": 34.82,
            "inventory_turnover_ratio": null,
            "account_receivable_turnover_ratio": null,
            "reinvestment_rate": null,
            "research_to_sale_ratio": null,
            "price_fair": 0,
            "eps_avg_yearly": 0,
            "eps_latest_yearly": 0,
            "eps_growth_yearly": 0
        },
        "20041": {
            "year_quarter": 20041,
            "year": 2004,
            "quarter": 1,
            "eps": null,
            "eps_growth_year": null,
            "eps_4q": null,
            "eps_4q_growth_year": null,
            "roe": null,
            "roe_4q": 0,
            "gross_profit": null,
            "gross_margin": null,
            "gross_margin_4q_avg": 0,
            "net_income": null,
            "revenue": null,
            "common_shares": null,
            "book_valuer_per_share": null,
            "book_valuer_per_share_4q_avg": 2.26,
            "equity": null,
            "current_ratio": null,
            "debt_ratio": null,
            "inventory_turnover_ratio": null,
            "account_receivable_turnover_ratio": null,
            "reinvestment_rate": null,
            "research_to_sale_ratio": null,
            "price_fair": 0,
            "eps_avg_yearly": 0,
            "eps_latest_yearly": 0,
            "eps_growth_yearly": 0
        },
        "20042": {
            "year_quarter": 20042,
            "year": 2004,
            "quarter": 2,
            "eps": null,
            "eps_growth_year": null,
            "eps_4q": null,
            "eps_4q_growth_year": null,
            "roe": null,
            "roe_4q": 0,
            "gross_profit": null,
            "gross_margin": null,
            "gross_margin_4q_avg": 0,
            "net_income": null,
            "revenue": null,
            "common_shares": null,
            "book_valuer_per_share": null,
            "book_valuer_per_share_4q_avg": 2.26,
            "equity": null,
            "current_ratio": null,
            "debt_ratio": null,
            "inventory_turnover_ratio": null,
            "account_receivable_turnover_ratio": null,
            "reinvestment_rate": null,
            "research_to_sale_ratio": null,
            "price_fair": 0,
            "eps_avg_yearly": 0,
            "eps_latest_yearly": 0,
            "eps_growth_yearly": 0
        },
        "20043": {
            "year_quarter": 20043,
            "year": 2004,
            "quarter": 3,
            "eps": null,
            "eps_growth_year": null,
            "eps_4q": null,
            "eps_4q_growth_year": null,
            "roe": null,
            "roe_4q": 0,
            "gross_profit": null,
            "gross_margin": null,
            "gross_margin_4q_avg": 0,
            "net_income": null,
            "revenue": null,
            "common_shares": null,
            "book_valuer_per_share": null,
            "book_valuer_per_share_4q_avg": 2.26,
            "equity": null,
            "current_ratio": null,
            "debt_ratio": null,
            "inventory_turnover_ratio": null,
            "account_receivable_turnover_ratio": null,
            "reinvestment_rate": null,
            "research_to_sale_ratio": null,
            "price_fair": 0,
            "eps_avg_yearly": 0,
            "eps_latest_yearly": 0,
            "eps_growth_yearly": 0
        },
        "20044": {
            "year_quarter": 20044,
            "year": 2004,
            "quarter": 4,
            "eps": null,
            "eps_growth_year": null,
            "eps_4q": null,
            "eps_4q_growth_year": null,
            "roe": null,
            "roe_4q": 0,
            "gross_profit": null,
            "gross_margin": null,
            "gross_margin_4q_avg": 0,
            "net_income": null,
            "revenue": null,
            "common_shares": 360316,
            "book_valuer_per_share": 10.75,
            "book_valuer_per_share_4q_avg": 2.69,
            "equity": 395343,
            "current_ratio": 159.49,
            "debt_ratio": 39.48,
            "inventory_turnover_ratio": null,
            "account_receivable_turnover_ratio": null,
            "reinvestment_rate": null,
            "research_to_sale_ratio": null,
            "price_fair": 0,
            "eps_avg_yearly": 0,
            "eps_latest_yearly": 0,
            "eps_growth_yearly": 0
        },
        "20051": {
            "year_quarter": 20051,
            "year": 2005,
            "quarter": 1,
            "eps": null,
            "eps_growth_year": null,
            "eps_4q": null,
            "eps_4q_growth_year": null,
            "roe": null,
            "roe_4q": 0,
            "gross_profit": null,
            "gross_margin": null,
            "gross_margin_4q_avg": 0,
            "net_income": null,
            "revenue": null,
            "common_shares": null,
            "book_valuer_per_share": null,
            "book_valuer_per_share_4q_avg": 2.69,
            "equity": null,
            "current_ratio": null,
            "debt_ratio": null,
            "inventory_turnover_ratio": null,
            "account_receivable_turnover_ratio": null,
            "reinvestment_rate": null,
            "research_to_sale_ratio": null,
            "price_fair": 0,
            "eps_avg_yearly": 0,
            "eps_latest_yearly": 0,
            "eps_growth_yearly": 0
        },
        "20052": {
            "year_quarter": 20052,
            "year": 2005,
            "quarter": 2,
            "eps": null,
            "eps_growth_year": null,
            "eps_4q": null,
            "eps_4q_growth_year": null,
            "roe": null,
            "roe_4q": 0,
            "gross_profit": null,
            "gross_margin": null,
            "gross_margin_4q_avg": 0,
            "net_income": null,
            "revenue": null,
            "common_shares": null,
            "book_valuer_per_share": null,
            "book_valuer_per_share_4q_avg": 2.69,
            "equity": null,
            "current_ratio": null,
            "debt_ratio": null,
            "inventory_turnover_ratio": null,
            "account_receivable_turnover_ratio": null,
            "reinvestment_rate": null,
            "research_to_sale_ratio": null,
            "price_fair": 0,
            "eps_avg_yearly": 0,
            "eps_latest_yearly": 0,
            "eps_growth_yearly": 0
        },
        "20053": {
            "year_quarter": 20053,
            "year": 2005,
            "quarter": 3,
            "eps": null,
            "eps_growth_year": null,
            "eps_4q": null,
            "eps_4q_growth_year": null,
            "roe": null,
            "roe_4q": 0,
            "gross_profit": null,
            "gross_margin": null,
            "gross_margin_4q_avg": 0,
            "net_income": null,
            "revenue": null,
            "common_shares": null,
            "book_valuer_per_share": null,
            "book_valuer_per_share_4q_avg": 2.69,
            "equity": null,
            "current_ratio": null,
            "debt_ratio": null,
            "inventory_turnover_ratio": null,
            "account_receivable_turnover_ratio": null,
            "reinvestment_rate": null,
            "research_to_sale_ratio": null,
            "price_fair": 0,
            "eps_avg_yearly": 0,
            "eps_latest_yearly": 0,
            "eps_growth_yearly": 0
        },
        "20054": {
            "year_quarter": 20054,
            "year": 2005,
            "quarter": 4,
            "eps": null,
            "eps_growth_year": null,
            "eps_4q": null,
            "eps_4q_growth_year": null,
            "roe": null,
            "roe_4q": 0,
            "gross_profit": null,
            "gross_margin": null,
            "gross_margin_4q_avg": 0,
            "net_income": null,
            "revenue": null,
            "common_shares": 380316,
            "book_valuer_per_share": 24.5,
            "book_valuer_per_share_4q_avg": 6.13,
            "equity": 938079,
            "current_ratio": 211.02,
            "debt_ratio": 36.39,
            "inventory_turnover_ratio": null,
            "account_receivable_turnover_ratio": null,
            "reinvestment_rate": null,
            "research_to_sale_ratio": null,
            "price_fair": 0,
            "eps_avg_yearly": 0,
            "eps_latest_yearly": 0,
            "eps_growth_yearly": 0
        },
        "20061": {
            "year_quarter": 20061,
            "year": 2006,
            "quarter": 1,
            "eps": null,
            "eps_growth_year": null,
            "eps_4q": null,
            "eps_4q_growth_year": null,
            "roe": null,
            "roe_4q": 0,
            "gross_profit": null,
            "gross_margin": null,
            "gross_margin_4q_avg": 0,
            "net_income": null,
            "revenue": null,
            "common_shares": null,
            "book_valuer_per_share": null,
            "book_valuer_per_share_4q_avg": 6.13,
            "equity": null,
            "current_ratio": null,
            "debt_ratio": null,
            "inventory_turnover_ratio": null,
            "account_receivable_turnover_ratio": null,
            "reinvestment_rate": null,
            "research_to_sale_ratio": null,
            "price_fair": 0,
            "eps_avg_yearly": 0,
            "eps_latest_yearly": 0,
            "eps_growth_yearly": 0
        },
        "20062": {
            "year_quarter": 20062,
            "year": 2006,
            "quarter": 2,
            "eps": null,
            "eps_growth_year": null,
            "eps_4q": null,
            "eps_4q_growth_year": null,
            "roe": null,
            "roe_4q": 0,
            "gross_profit": null,
            "gross_margin": null,
            "gross_margin_4q_avg": 0,
            "net_income": null,
            "revenue": null,
            "common_shares": null,
            "book_valuer_per_share": null,
            "book_valuer_per_share_4q_avg": 6.13,
            "equity": null,
            "current_ratio": null,
            "debt_ratio": null,
            "inventory_turnover_ratio": null,
            "account_receivable_turnover_ratio": null,
            "reinvestment_rate": null,
            "research_to_sale_ratio": null,
            "price_fair": 0,
            "eps_avg_yearly": 0,
            "eps_latest_yearly": 0,
            "eps_growth_yearly": 0
        },
        "20063": {
            "year_quarter": 20063,
            "year": 2006,
            "quarter": 3,
            "eps": 3.83,
            "eps_growth_year": null,
            "eps_4q": null,
            "eps_4q_growth_year": null,
            "roe": 10.34,
            "roe_4q": 10.34,
            "gross_profit": 23343,
            "gross_margin": 26.23,
            "gross_margin_4q_avg": 6.56,
            "net_income": 197020,
            "revenue": 88979,
            "common_shares": 536784,
            "book_valuer_per_share": 35.51,
            "book_valuer_per_share_4q_avg": 15,
            "equity": 1906291,
            "current_ratio": 700.76,
            "debt_ratio": 12.91,
            "inventory_turnover_ratio": 4.12,
            "account_receivable_turnover_ratio": null,
            "reinvestment_rate": null,
            "research_to_sale_ratio": null,
            "price_fair": 0,
            "eps_avg_yearly": 0,
            "eps_latest_yearly": 0,
            "eps_growth_yearly": 0
        },
        "20064": {
            "year_quarter": 20064,
            "year": 2006,
            "quarter": 4,
            "eps": 3.78,
            "eps_growth_year": null,
            "eps_4q": null,
            "eps_4q_growth_year": null,
            "roe": 9.71,
            "roe_4q": 20.05,
            "gross_profit": -1539,
            "gross_margin": -6.32,
            "gross_margin_4q_avg": 4.98,
            "net_income": 195236,
            "revenue": 24361,
            "common_shares": 536784,
            "book_valuer_per_share": 39.29,
            "book_valuer_per_share_4q_avg": 18.7,
            "equity": 2114881,
            "current_ratio": 477.32,
            "debt_ratio": 12.75,
            "inventory_turnover_ratio": 1.08,
            "account_receivable_turnover_ratio": null,
            "reinvestment_rate": null,
            "research_to_sale_ratio": null,
            "price_fair": 45.36,
            "eps_avg_yearly": 15.12,
            "eps_latest_yearly": 15.12,
            "eps_growth_yearly": -5.22
        },
        "20071": {
            "year_quarter": 20071,
            "year": 2007,
            "quarter": 1,
            "eps": 2.99,
            "eps_growth_year": null,
            "eps_4q": null,
            "eps_4q_growth_year": null,
            "roe": 8.39,
            "roe_4q": 28.44,
            "gross_profit": 13221,
            "gross_margin": 41.99,
            "gross_margin_4q_avg": 15.48,
            "net_income": 185982,
            "revenue": 31484,
            "common_shares": 536784,
            "book_valuer_per_share": 43.23,
            "book_valuer_per_share_4q_avg": 29.51,
            "equity": 2320469,
            "current_ratio": 872.17,
            "debt_ratio": 8.26,
            "inventory_turnover_ratio": 0.65,
            "account_receivable_turnover_ratio": null,
            "reinvestment_rate": null,
            "research_to_sale_ratio": null,
            "price_fair": 40.62,
            "eps_avg_yearly": 13.54,
            "eps_latest_yearly": 11.96,
            "eps_growth_yearly": -44.41
        },
        "20072": {
            "year_quarter": 20072,
            "year": 2007,
            "quarter": 2,
            "eps": 3.68,
            "eps_growth_year": null,
            "eps_4q": 12.99,
            "eps_4q_growth_year": null,
            "roe": 10.12,
            "roe_4q": 38.56,
            "gross_profit": 35463,
            "gross_margin": 63.97,
            "gross_margin_4q_avg": 31.47,
            "net_income": 228671,
            "revenue": 55438,
            "common_shares": 621462,
            "book_valuer_per_share": 35.36,
            "book_valuer_per_share_4q_avg": 38.35,
            "equity": 2197343,
            "current_ratio": 143.37,
            "debt_ratio": 13.13,
            "inventory_turnover_ratio": 0.62,
            "account_receivable_turnover_ratio": null,
            "reinvestment_rate": null,
            "research_to_sale_ratio": null,
            "price_fair": 155.53,
            "eps_avg_yearly": 13.93,
            "eps_latest_yearly": 14.72,
            "eps_growth_yearly": 1.16
        },
        "20073": {
            "year_quarter": 20073,
            "year": 2007,
            "quarter": 3,
            "eps": 4.21,
            "eps_growth_year": 9.92,
            "eps_4q": 14.02,
            "eps_4q_growth_year": null,
            "roe": 11.28,
            "roe_4q": 39.5,
            "gross_profit": 64579,
            "gross_margin": 51.94,
            "gross_margin_4q_avg": 37.9,
            "net_income": 261798,
            "revenue": 124323,
            "common_shares": 627462,
            "book_valuer_per_share": 38.96,
            "book_valuer_per_share_4q_avg": 39.21,
            "equity": 2444402,
            "current_ratio": 101.81,
            "debt_ratio": 19.78,
            "inventory_turnover_ratio": 0.92,
            "account_receivable_turnover_ratio": null,
            "reinvestment_rate": null,
            "research_to_sale_ratio": null,
            "price_fair": 370.52,
            "eps_avg_yearly": 14.66,
            "eps_latest_yearly": 16.84,
            "eps_growth_yearly": 15.27
        },
        "20074": {
            "year_quarter": 20074,
            "year": 2007,
            "quarter": 4,
            "eps": 4.11,
            "eps_growth_year": 8.73,
            "eps_4q": 14.87,
            "eps_4q_growth_year": null,
            "roe": 8.1,
            "roe_4q": 37.89,
            "gross_profit": 88185,
            "gross_margin": 45.07,
            "gross_margin_4q_avg": 50.74,
            "net_income": 258418,
            "revenue": 195682,
            "common_shares": 699462,
            "book_valuer_per_share": 56.25,
            "book_valuer_per_share_4q_avg": 43.45,
            "equity": 3934549,
            "current_ratio": 494.83,
            "debt_ratio": 15.57,
            "inventory_turnover_ratio": 1.46,
            "account_receivable_turnover_ratio": null,
            "reinvestment_rate": null,
            "research_to_sale_ratio": null,
            "price_fair": 305.11,
            "eps_avg_yearly": 15.02,
            "eps_latest_yearly": 16.44,
            "eps_growth_yearly": 10.32
        },
        "20081": {
            "year_quarter": 20081,
            "year": 2008,
            "quarter": 1,
            "eps": 2.67,
            "eps_growth_year": -10.7,
            "eps_4q": 13.37,
            "eps_4q_growth_year": null,
            "roe": 4.74,
            "roe_4q": 34.239999999999995,
            "gross_profit": 244614,
            "gross_margin": 59.05,
            "gross_margin_4q_avg": 55.01,
            "net_income": 186870,
            "revenue": 414236,
            "common_shares": 699462,
            "book_valuer_per_share": 56.36,
            "book_valuer_per_share_4q_avg": 46.73,
            "equity": 3942306,
            "current_ratio": 486.45,
            "debt_ratio": 14.01,
            "inventory_turnover_ratio": 2.95,
            "account_receivable_turnover_ratio": null,
            "reinvestment_rate": null,
            "research_to_sale_ratio": null,
            "price_fair": 42.88,
            "eps_avg_yearly": 14.29,
            "eps_latest_yearly": 10.68,
            "eps_growth_yearly": -14.76
        },
        "20082": {
            "year_quarter": 20082,
            "year": 2008,
            "quarter": 2,
            "eps": 0.66,
            "eps_growth_year": -82.07,
            "eps_4q": 9.64,
            "eps_4q_growth_year": -25.76,
            "roe": 1.4,
            "roe_4q": 25.52,
            "gross_profit": 255588,
            "gross_margin": 55.29,
            "gross_margin_4q_avg": 52.84,
            "net_income": 51966,
            "revenue": 462293,
            "common_shares": 785408,
            "book_valuer_per_share": 44.06,
            "book_valuer_per_share_4q_avg": 48.91,
            "equity": 3460463,
            "current_ratio": 289,
            "debt_ratio": 20.19,
            "inventory_turnover_ratio": 4.98,
            "account_receivable_turnover_ratio": null,
            "reinvestment_rate": null,
            "research_to_sale_ratio": null,
            "price_fair": 37.89,
            "eps_avg_yearly": 12.63,
            "eps_latest_yearly": 2.64,
            "eps_growth_yearly": -55.67
        },
        "20083": {
            "year_quarter": 20083,
            "year": 2008,
            "quarter": 3,
            "eps": 2.52,
            "eps_growth_year": -40.14,
            "eps_4q": 8.91,
            "eps_4q_growth_year": -36.47,
            "roe": 5.64,
            "roe_4q": 19.88,
            "gross_profit": 302645,
            "gross_margin": 51.2,
            "gross_margin_4q_avg": 52.65,
            "net_income": 196220,
            "revenue": 591048,
            "common_shares": 785408,
            "book_valuer_per_share": 44.6,
            "book_valuer_per_share_4q_avg": 50.32,
            "equity": 3503307,
            "current_ratio": 258.82,
            "debt_ratio": 20.93,
            "inventory_turnover_ratio": 7.69,
            "account_receivable_turnover_ratio": null,
            "reinvestment_rate": null,
            "research_to_sale_ratio": null,
            "price_fair": 430.85,
            "eps_avg_yearly": 12.31,
            "eps_latest_yearly": 10.08,
            "eps_growth_yearly": 92.2
        },
        "20084": {
            "year_quarter": 20084,
            "year": 2008,
            "quarter": 4,
            "eps": 2.04,
            "eps_growth_year": -50.36,
            "eps_4q": 7.68,
            "eps_4q_growth_year": -48.37,
            "roe": 4.38,
            "roe_4q": 16.16,
            "gross_profit": 268266,
            "gross_margin": 51.59,
            "gross_margin_4q_avg": 54.28,
            "net_income": 157480,
            "revenue": 520037,
            "common_shares": 785408,
            "book_valuer_per_share": 47.02,
            "book_valuer_per_share_4q_avg": 48.01,
            "equity": 3693695,
            "current_ratio": 217.98,
            "debt_ratio": 26.66,
            "inventory_turnover_ratio": 4.09,
            "account_receivable_turnover_ratio": 0.86,
            "reinvestment_rate": null,
            "research_to_sale_ratio": null,
            "price_fair": 414.71,
            "eps_avg_yearly": 11.85,
            "eps_latest_yearly": 8.16,
            "eps_growth_yearly": 73.49
        },
        "20091": {
            "year_quarter": 20091,
            "year": 2009,
            "quarter": 1,
            "eps": 1.34,
            "eps_growth_year": -49.81,
            "eps_4q": 6.73,
            "eps_4q_growth_year": -49.63,
            "roe": 2.67,
            "roe_4q": 14.09,
            "gross_profit": 236876,
            "gross_margin": 51.62,
            "gross_margin_4q_avg": 52.43,
            "net_income": 100855,
            "revenue": 458862,
            "common_shares": 785408,
            "book_valuer_per_share": 49.26,
            "book_valuer_per_share_4q_avg": 46.24,
            "equity": 3869844,
            "current_ratio": 331.07,
            "debt_ratio": 23.71,
            "inventory_turnover_ratio": 3.08,
            "account_receivable_turnover_ratio": 0.43,
            "reinvestment_rate": null,
            "research_to_sale_ratio": null,
            "price_fair": 392,
            "eps_avg_yearly": 11.2,
            "eps_latest_yearly": 5.36,
            "eps_growth_yearly": 52.42
        },
        "20092": {
            "year_quarter": 20092,
            "year": 2009,
            "quarter": 2,
            "eps": 1.14,
            "eps_growth_year": 72.73,
            "eps_4q": 7.25,
            "eps_4q_growth_year": -24.83,
            "roe": 2.26,
            "roe_4q": 14.95,
            "gross_profit": 272008,
            "gross_margin": 52.46,
            "gross_margin_4q_avg": 51.72,
            "net_income": 85117,
            "revenue": 518549,
            "common_shares": 786208,
            "book_valuer_per_share": 46.46,
            "book_valuer_per_share_4q_avg": 46.84,
            "equity": 3667354,
            "current_ratio": 264.07,
            "debt_ratio": 28.28,
            "inventory_turnover_ratio": 4.58,
            "account_receivable_turnover_ratio": 0.57,
            "reinvestment_rate": null,
            "research_to_sale_ratio": null,
            "price_fair": 370.87,
            "eps_avg_yearly": 10.6,
            "eps_latest_yearly": 4.56,
            "eps_growth_yearly": 42.22
        },
        "20093": {
            "year_quarter": 20093,
            "year": 2009,
            "quarter": 3,
            "eps": 2.39,
            "eps_growth_year": -5.16,
            "eps_4q": 7.02,
            "eps_4q_growth_year": -21.16,
            "roe": 4.8,
            "roe_4q": 14.11,
            "gross_profit": 365577,
            "gross_margin": 54.59,
            "gross_margin_4q_avg": 52.57,
            "net_income": 178978,
            "revenue": 669682,
            "common_shares": 786408,
            "book_valuer_per_share": 48.01,
            "book_valuer_per_share_4q_avg": 47.69,
            "equity": 3788176,
            "current_ratio": 281.21,
            "debt_ratio": 26.64,
            "inventory_turnover_ratio": 8.03,
            "account_receivable_turnover_ratio": 0.65,
            "reinvestment_rate": null,
            "research_to_sale_ratio": null,
            "price_fair": 367.85,
            "eps_avg_yearly": 10.51,
            "eps_latest_yearly": 9.56,
            "eps_growth_yearly": 75.25
        },
        "20094": {
            "year_quarter": 20094,
            "year": 2009,
            "quarter": 4,
            "eps": 3.17,
            "eps_growth_year": 55.39,
            "eps_4q": 8.04,
            "eps_4q_growth_year": 4.75,
            "roe": 6.08,
            "roe_4q": 15.809999999999999,
            "gross_profit": 439703,
            "gross_margin": 59.58,
            "gross_margin_4q_avg": 54.56,
            "net_income": 236839,
            "revenue": 737962,
            "common_shares": 786408,
            "book_valuer_per_share": 52.83,
            "book_valuer_per_share_4q_avg": 49.14,
            "equity": 4006037,
            "current_ratio": 319.55,
            "debt_ratio": 24.02,
            "inventory_turnover_ratio": 5.85,
            "account_receivable_turnover_ratio": 1.04,
            "reinvestment_rate": null,
            "research_to_sale_ratio": null,
            "price_fair": 373.69,
            "eps_avg_yearly": 10.68,
            "eps_latest_yearly": 12.68,
            "eps_growth_yearly": 79.51
        },
        "20101": {
            "year_quarter": 20101,
            "year": 2010,
            "quarter": 1,
            "eps": 1.97,
            "eps_growth_year": 47.01,
            "eps_4q": 8.64,
            "eps_4q_growth_year": 28.24,
            "roe": 3.58,
            "roe_4q": 16.72,
            "gross_profit": 334924,
            "gross_margin": 53.5,
            "gross_margin_4q_avg": 55.03,
            "net_income": 146633,
            "revenue": 626046,
            "common_shares": 790008,
            "book_valuer_per_share": 54.47,
            "book_valuer_per_share_4q_avg": 50.44,
            "equity": 4187683,
            "current_ratio": 339.32,
            "debt_ratio": 23.15,
            "inventory_turnover_ratio": 3.82,
            "account_receivable_turnover_ratio": 0.45,
            "reinvestment_rate": null,
            "research_to_sale_ratio": 4.81,
            "price_fair": 366.7,
            "eps_avg_yearly": 10.48,
            "eps_latest_yearly": 7.88,
            "eps_growth_yearly": 63.01
        },
        "20102": {
            "year_quarter": 20102,
            "year": 2010,
            "quarter": 2,
            "eps": 2.15,
            "eps_growth_year": 88.73,
            "eps_4q": 9.29,
            "eps_4q_growth_year": 28.25,
            "roe": 4.13,
            "roe_4q": 18.59,
            "gross_profit": 310409,
            "gross_margin": 52.87,
            "gross_margin_4q_avg": 55.14,
            "net_income": 168876,
            "revenue": 587167,
            "common_shares": 790208,
            "book_valuer_per_share": 51.96,
            "book_valuer_per_share_4q_avg": 51.82,
            "equity": 3995298,
            "current_ratio": 230.85,
            "debt_ratio": 30.14,
            "inventory_turnover_ratio": 3.3,
            "account_receivable_turnover_ratio": 0.41,
            "reinvestment_rate": 225.55,
            "research_to_sale_ratio": 7.34,
            "price_fair": 362.32,
            "eps_avg_yearly": 10.35,
            "eps_latest_yearly": 8.6,
            "eps_growth_yearly": 61.25
        },
        "20103": {
            "year_quarter": 20103,
            "year": 2010,
            "quarter": 3,
            "eps": 0.65,
            "eps_growth_year": -72.85,
            "eps_4q": 7.68,
            "eps_4q_growth_year": 9.31,
            "roe": 1.22,
            "roe_4q": 15.01,
            "gross_profit": 226423,
            "gross_margin": 43.57,
            "gross_margin_4q_avg": 52.38,
            "net_income": 48535,
            "revenue": 519694,
            "common_shares": 828208,
            "book_valuer_per_share": 49.33,
            "book_valuer_per_share_4q_avg": 52.15,
            "equity": 3979521,
            "current_ratio": 216.61,
            "debt_ratio": 31.77,
            "inventory_turnover_ratio": 3.72,
            "account_receivable_turnover_ratio": 0.4,
            "reinvestment_rate": 234.26,
            "research_to_sale_ratio": 7.3,
            "price_fair": 345.36,
            "eps_avg_yearly": 9.87,
            "eps_latest_yearly": 2.6,
            "eps_growth_yearly": 39.98
        },
        "20104": {
            "year_quarter": 20104,
            "year": 2010,
            "quarter": 4,
            "eps": -0.3,
            "eps_growth_year": -109.49,
            "eps_4q": 4.36,
            "eps_4q_growth_year": -45.73,
            "roe": -0.79,
            "roe_4q": 8.14,
            "gross_profit": 179023,
            "gross_margin": 40.21,
            "gross_margin_4q_avg": 47.54,
            "net_income": -30628,
            "revenue": 445220,
            "common_shares": 829208,
            "book_valuer_per_share": 46.55,
            "book_valuer_per_share_4q_avg": 50.58,
            "equity": 3755798,
            "current_ratio": 223.14,
            "debt_ratio": 33.86,
            "inventory_turnover_ratio": 3.58,
            "account_receivable_turnover_ratio": 0.44,
            "reinvestment_rate": 217.2,
            "research_to_sale_ratio": 11.11,
            "price_fair": 333.11,
            "eps_avg_yearly": 9.52,
            "eps_latest_yearly": 2.6,
            "eps_growth_yearly": 42.99
        },
        "20111": {
            "year_quarter": 20111,
            "year": 2011,
            "quarter": 1,
            "eps": 0.18,
            "eps_growth_year": -90.86,
            "eps_4q": 2.67,
            "eps_4q_growth_year": -69.06,
            "roe": 0.24,
            "roe_4q": 4.8,
            "gross_profit": 143293,
            "gross_margin": 38.3,
            "gross_margin_4q_avg": 43.74,
            "net_income": 9117,
            "revenue": 374152,
            "common_shares": 829808,
            "book_valuer_per_share": 47.37,
            "book_valuer_per_share_4q_avg": 48.8,
            "equity": 3788761,
            "current_ratio": 225.51,
            "debt_ratio": 32.51,
            "inventory_turnover_ratio": 3.87,
            "account_receivable_turnover_ratio": 0.45,
            "reinvestment_rate": 262.4,
            "research_to_sale_ratio": 12.39,
            "price_fair": 327,
            "eps_avg_yearly": 9.34,
            "eps_latest_yearly": 2.6,
            "eps_growth_yearly": 52.03
        },
        "20112": {
            "year_quarter": 20112,
            "year": 2011,
            "quarter": 2,
            "eps": 0.27,
            "eps_growth_year": -87.44,
            "eps_4q": 0.8,
            "eps_4q_growth_year": -91.44,
            "roe": 0.59,
            "roe_4q": 1.2599999999999998,
            "gross_profit": 125727,
            "gross_margin": 31.49,
            "gross_margin_4q_avg": 38.39,
            "net_income": 21613,
            "revenue": 399218,
            "common_shares": 829808,
            "book_valuer_per_share": 44.39,
            "book_valuer_per_share_4q_avg": 46.91,
            "equity": 3550639,
            "current_ratio": 190.42,
            "debt_ratio": 36.92,
            "inventory_turnover_ratio": 5.55,
            "account_receivable_turnover_ratio": 0.53,
            "reinvestment_rate": 272.21,
            "research_to_sale_ratio": 12.07,
            "price_fair": 292.9,
            "eps_avg_yearly": 8.37,
            "eps_latest_yearly": 1.08,
            "eps_growth_yearly": 59.73
        },
        "20113": {
            "year_quarter": 20113,
            "year": 2011,
            "quarter": 3,
            "eps": 0.42,
            "eps_growth_year": -35.04,
            "eps_4q": 0.57,
            "eps_4q_growth_year": -92.59,
            "roe": 0.92,
            "roe_4q": 0.96,
            "gross_profit": 152479,
            "gross_margin": 35.11,
            "gross_margin_4q_avg": 36.28,
            "net_income": 33735,
            "revenue": 434339,
            "common_shares": 800408,
            "book_valuer_per_share": 47.61,
            "book_valuer_per_share_4q_avg": 46.48,
            "equity": 3810831,
            "current_ratio": 223.35,
            "debt_ratio": 37.9,
            "inventory_turnover_ratio": 5.42,
            "account_receivable_turnover_ratio": 0.52,
            "reinvestment_rate": 324.69,
            "research_to_sale_ratio": 10.72,
            "price_fair": 255,
            "eps_avg_yearly": 7.29,
            "eps_latest_yearly": 1.68,
            "eps_growth_yearly": 71.48
        },
        "20114": {
            "year_quarter": 20114,
            "year": 2011,
            "quarter": 4,
            "eps": -0.38,
            "eps_growth_year": null,
            "eps_4q": 0.49,
            "eps_4q_growth_year": -88.85,
            "roe": -0.81,
            "roe_4q": 0.94,
            "gross_profit": 121108,
            "gross_margin": 31.55,
            "gross_margin_4q_avg": 34.11,
            "net_income": -30651,
            "revenue": 383839,
            "common_shares": 800408,
            "book_valuer_per_share": 47.22,
            "book_valuer_per_share_4q_avg": 46.65,
            "equity": 3779327,
            "current_ratio": 244.81,
            "debt_ratio": 38.78,
            "inventory_turnover_ratio": 5.32,
            "account_receivable_turnover_ratio": 0.44,
            "reinvestment_rate": 326.21,
            "research_to_sale_ratio": 12.63,
            "price_fair": 230.35,
            "eps_avg_yearly": 6.58,
            "eps_latest_yearly": 1.68,
            "eps_growth_yearly": 77.71
        },
        "20121": {
            "year_quarter": 20121,
            "year": 2012,
            "quarter": 1,
            "eps": -0.46,
            "eps_growth_year": -355.56,
            "eps_4q": -0.15,
            "eps_4q_growth_year": -105.58,
            "roe": -0.99,
            "roe_4q": -0.29000000000000004,
            "gross_profit": 102000,
            "gross_margin": 29.44,
            "gross_margin_4q_avg": 31.9,
            "net_income": -36662,
            "revenue": 346470,
            "common_shares": 802208,
            "book_valuer_per_share": 45.67,
            "book_valuer_per_share_4q_avg": 46.22,
            "equity": 3663840,
            "current_ratio": 232.38,
            "debt_ratio": 37.62,
            "inventory_turnover_ratio": 5.43,
            "account_receivable_turnover_ratio": 0.43,
            "reinvestment_rate": 343.74,
            "research_to_sale_ratio": 6.67,
            "price_fair": 218.4,
            "eps_avg_yearly": 6.24,
            "eps_latest_yearly": 1.68,
            "eps_growth_yearly": 95.87
        },
        "20122": {
            "year_quarter": 20122,
            "year": 2012,
            "quarter": 2,
            "eps": -0.29,
            "eps_growth_year": -208.76,
            "eps_4q": -0.69,
            "eps_4q_growth_year": -187.08,
            "roe": -0.68,
            "roe_4q": -1.56,
            "gross_profit": 112213,
            "gross_margin": 24.73,
            "gross_margin_4q_avg": 30.21,
            "net_income": -24757,
            "revenue": 453696,
            "common_shares": 802208,
            "book_valuer_per_share": 45.08,
            "book_valuer_per_share_4q_avg": 46.4,
            "equity": 3616415,
            "current_ratio": 239.92,
            "debt_ratio": 36.66,
            "inventory_turnover_ratio": 5.99,
            "account_receivable_turnover_ratio": 0.59,
            "reinvestment_rate": 346.67,
            "research_to_sale_ratio": 4.93,
            "price_fair": 229.85,
            "eps_avg_yearly": 6.57,
            "eps_latest_yearly": 1.68,
            "eps_growth_yearly": 131.96
        },
        "20123": {
            "year_quarter": 20123,
            "year": 2012,
            "quarter": 3,
            "eps": -0.54,
            "eps_growth_year": -229.01,
            "eps_4q": -1.64,
            "eps_4q_growth_year": -387.61,
            "roe": -1.29,
            "roe_4q": -3.77,
            "gross_profit": 128090,
            "gross_margin": 26.51,
            "gross_margin_4q_avg": 28.06,
            "net_income": -45800,
            "revenue": 483117,
            "common_shares": 842319,
            "book_valuer_per_share": 41.57,
            "book_valuer_per_share_4q_avg": 44.89,
            "equity": 3501306,
            "current_ratio": 314.91,
            "debt_ratio": 31.39,
            "inventory_turnover_ratio": 5.66,
            "account_receivable_turnover_ratio": 0.56,
            "reinvestment_rate": 310.96,
            "research_to_sale_ratio": 3.75,
            "price_fair": 217.56,
            "eps_avg_yearly": 6.22,
            "eps_latest_yearly": 1.68,
            "eps_growth_yearly": 32.43
        },
        "20124": {
            "year_quarter": 20124,
            "year": 2012,
            "quarter": 4,
            "eps": -0.88,
            "eps_growth_year": null,
            "eps_4q": -2.15,
            "eps_4q_growth_year": -541.87,
            "roe": -2.13,
            "roe_4q": -5.09,
            "gross_profit": 86228,
            "gross_margin": 21.4,
            "gross_margin_4q_avg": 25.52,
            "net_income": -73842,
            "revenue": 403010,
            "common_shares": 842319,
            "book_valuer_per_share": 40.62,
            "book_valuer_per_share_4q_avg": 43.24,
            "equity": 3421755,
            "current_ratio": 250.29,
            "debt_ratio": 30.87,
            "inventory_turnover_ratio": 5.46,
            "account_receivable_turnover_ratio": 0.44,
            "reinvestment_rate": 385.66,
            "research_to_sale_ratio": 3.06,
            "price_fair": 210,
            "eps_avg_yearly": 6,
            "eps_latest_yearly": 1.68,
            "eps_growth_yearly": 44.5
        },
        "20131": {
            "year_quarter": 20131,
            "year": 2013,
            "quarter": 1,
            "eps": -0.11,
            "eps_growth_year": null,
            "eps_4q": -1.83,
            "eps_4q_growth_year": null,
            "roe": -0.28,
            "roe_4q": -4.38,
            "gross_profit": 96599,
            "gross_margin": 28.09,
            "gross_margin_4q_avg": 25.18,
            "net_income": -9656,
            "revenue": 343925,
            "common_shares": 842319,
            "book_valuer_per_share": 42.28,
            "book_valuer_per_share_4q_avg": 42.39,
            "equity": 3560927,
            "current_ratio": 266.29,
            "debt_ratio": 30.61,
            "inventory_turnover_ratio": 3.82,
            "account_receivable_turnover_ratio": 0.42,
            "reinvestment_rate": -83.43,
            "research_to_sale_ratio": 2.53,
            "price_fair": 212.8,
            "eps_avg_yearly": 6.08,
            "eps_latest_yearly": 1.68,
            "eps_growth_yearly": 67.22
        },
        "20132": {
            "year_quarter": 20132,
            "year": 2013,
            "quarter": 2,
            "eps": 1.6,
            "eps_growth_year": null,
            "eps_4q": 0.06,
            "eps_4q_growth_year": null,
            "roe": 3.68,
            "roe_4q": -0.019999999999999574,
            "gross_profit": 83967,
            "gross_margin": 24.13,
            "gross_margin_4q_avg": 25.03,
            "net_income": 134515,
            "revenue": 347940,
            "common_shares": 842319,
            "book_valuer_per_share": 44.53,
            "book_valuer_per_share_4q_avg": 42.25,
            "equity": 3751219,
            "current_ratio": 258.17,
            "debt_ratio": 29.71,
            "inventory_turnover_ratio": 3.92,
            "account_receivable_turnover_ratio": 0.49,
            "reinvestment_rate": -64.77,
            "research_to_sale_ratio": 3.16,
            "price_fair": 220.4,
            "eps_avg_yearly": 6.3,
            "eps_latest_yearly": 1.68,
            "eps_growth_yearly": 85.35
        },
        "20133": {
            "year_quarter": 20133,
            "year": 2013,
            "quarter": 3,
            "eps": -0.34,
            "eps_growth_year": null,
            "eps_4q": 0.25,
            "eps_4q_growth_year": null,
            "roe": -0.79,
            "roe_4q": 0.4800000000000004,
            "gross_profit": 65224,
            "gross_margin": 18.79,
            "gross_margin_4q_avg": 23.1,
            "net_income": -29326,
            "revenue": 347066,
            "common_shares": 850742,
            "book_valuer_per_share": 43.39,
            "book_valuer_per_share_4q_avg": 42.71,
            "equity": 3691083,
            "current_ratio": 361.22,
            "debt_ratio": 17.54,
            "inventory_turnover_ratio": 4.47,
            "account_receivable_turnover_ratio": 0.5,
            "reinvestment_rate": -78.22,
            "research_to_sale_ratio": 2.38,
            "price_fair": 201.37,
            "eps_avg_yearly": 5.75,
            "eps_latest_yearly": 1.68,
            "eps_growth_yearly": 26.47
        },
        "20134": {
            "year_quarter": 20134,
            "year": 2013,
            "quarter": 4,
            "eps": -0.01,
            "eps_growth_year": null,
            "eps_4q": 1.12,
            "eps_4q_growth_year": null,
            "roe": -0.01,
            "roe_4q": 2.5999999999999996,
            "gross_profit": 118108,
            "gross_margin": 28.96,
            "gross_margin_4q_avg": 24.99,
            "net_income": -556,
            "revenue": 407810,
            "common_shares": 850742,
            "book_valuer_per_share": 44.13,
            "book_valuer_per_share_4q_avg": 43.58,
            "equity": 3753917,
            "current_ratio": 293.51,
            "debt_ratio": 21.71,
            "inventory_turnover_ratio": 4.4,
            "account_receivable_turnover_ratio": 0.54,
            "reinvestment_rate": -1431.07,
            "research_to_sale_ratio": 1.04,
            "price_fair": 68.39,
            "eps_avg_yearly": 4.37,
            "eps_latest_yearly": 1.68,
            "eps_growth_yearly": 5.66
        },
        "20141": {
            "year_quarter": 20141,
            "year": 2014,
            "quarter": 1,
            "eps": -0.84,
            "eps_growth_year": null,
            "eps_4q": 0.39,
            "eps_4q_growth_year": null,
            "roe": -1.92,
            "roe_4q": 0.9600000000000004,
            "gross_profit": 42592,
            "gross_margin": 14.39,
            "gross_margin_4q_avg": 21.57,
            "net_income": -71429,
            "revenue": 295993,
            "common_shares": 850742,
            "book_valuer_per_share": 43.21,
            "book_valuer_per_share_4q_avg": 43.82,
            "equity": 3676447,
            "current_ratio": 300.77,
            "debt_ratio": 20.67,
            "inventory_turnover_ratio": 3.6,
            "account_receivable_turnover_ratio": 0.39,
            "reinvestment_rate": -5600.64,
            "research_to_sale_ratio": 3.43,
            "price_fair": 122.15,
            "eps_avg_yearly": 3.49,
            "eps_latest_yearly": 1.68,
            "eps_growth_yearly": 44.93
        },
        "20142": {
            "year_quarter": 20142,
            "year": 2014,
            "quarter": 2,
            "eps": -0.9,
            "eps_growth_year": -156.25,
            "eps_4q": -2.09,
            "eps_4q_growth_year": -3506.9,
            "roe": -2.14,
            "roe_4q": -4.86,
            "gross_profit": 49402,
            "gross_margin": 14.67,
            "gross_margin_4q_avg": 19.2,
            "net_income": -76427,
            "revenue": 336815,
            "common_shares": 850742,
            "book_valuer_per_share": 40.77,
            "book_valuer_per_share_4q_avg": 42.88,
            "equity": 3468444,
            "current_ratio": 284.27,
            "debt_ratio": 21.36,
            "inventory_turnover_ratio": 5.09,
            "account_receivable_turnover_ratio": 0.45,
            "reinvestment_rate": null,
            "research_to_sale_ratio": 2.82,
            "price_fair": 62.53,
            "eps_avg_yearly": 1.79,
            "eps_latest_yearly": 1.68,
            "eps_growth_yearly": 47.72
        },
        "20143": {
            "year_quarter": 20143,
            "year": 2014,
            "quarter": 3,
            "eps": -0.79,
            "eps_growth_year": null,
            "eps_4q": -2.54,
            "eps_4q_growth_year": -1094.35,
            "roe": -1.94,
            "roe_4q": -6.01,
            "gross_profit": 49960,
            "gross_margin": 17.68,
            "gross_margin_4q_avg": 18.93,
            "net_income": -67272,
            "revenue": 282564,
            "common_shares": 850742,
            "book_valuer_per_share": 40.91,
            "book_valuer_per_share_4q_avg": 42.26,
            "equity": 3480691,
            "current_ratio": 280.32,
            "debt_ratio": 21.86,
            "inventory_turnover_ratio": 6.52,
            "account_receivable_turnover_ratio": 0.37,
            "reinvestment_rate": null,
            "research_to_sale_ratio": 2.27,
            "price_fair": 48.3,
            "eps_avg_yearly": 1.38,
            "eps_latest_yearly": 1.68,
            "eps_growth_yearly": 211.11
        },
        "20144": {
            "year_quarter": 20144,
            "year": 2014,
            "quarter": 4,
            "eps": -0.39,
            "eps_growth_year": null,
            "eps_4q": -2.94,
            "eps_4q_growth_year": -363.19,
            "roe": -0.95,
            "roe_4q": -6.949999999999999,
            "gross_profit": 81733,
            "gross_margin": 23.35,
            "gross_margin_4q_avg": 17.52,
            "net_income": -33079,
            "revenue": 350038,
            "common_shares": 850742,
            "book_valuer_per_share": 41.62,
            "book_valuer_per_share_4q_avg": 41.63,
            "equity": 3515684,
            "current_ratio": 290.94,
            "debt_ratio": 21.17,
            "inventory_turnover_ratio": 9.52,
            "account_receivable_turnover_ratio": 0.46,
            "reinvestment_rate": null,
            "research_to_sale_ratio": 2.94,
            "price_fair": 48.3,
            "eps_avg_yearly": 1.38,
            "eps_latest_yearly": 1.68,
            "eps_growth_yearly": 211.11
        },
        "20151": {
            "year_quarter": 20151,
            "year": 2015,
            "quarter": 1,
            "eps": 0.17,
            "eps_growth_year": null,
            "eps_4q": -1.93,
            "eps_4q_growth_year": -593.64,
            "roe": 0.4,
            "roe_4q": -4.63,
            "gross_profit": 96005,
            "gross_margin": 30.32,
            "gross_margin_4q_avg": 21.51,
            "net_income": 14026,
            "revenue": 316619,
            "common_shares": 850742,
            "book_valuer_per_share": 41.4,
            "book_valuer_per_share_4q_avg": 41.18,
            "equity": 3497225,
            "current_ratio": 355,
            "debt_ratio": 17.24,
            "inventory_turnover_ratio": 7.26,
            "account_receivable_turnover_ratio": 0.44,
            "reinvestment_rate": null,
            "research_to_sale_ratio": 2.52,
            "price_fair": 48.3,
            "eps_avg_yearly": 1.38,
            "eps_latest_yearly": 1.68,
            "eps_growth_yearly": 211.11
        },
        "20152": {
            "year_quarter": 20152,
            "year": 2015,
            "quarter": 2,
            "eps": 0.04,
            "eps_growth_year": null,
            "eps_4q": -0.96,
            "eps_4q_growth_year": null,
            "roe": 0.11,
            "roe_4q": -2.38,
            "gross_profit": 74388,
            "gross_margin": 25.09,
            "gross_margin_4q_avg": 24.11,
            "net_income": 3862,
            "revenue": 296439,
            "common_shares": 865472,
            "book_valuer_per_share": 38.95,
            "book_valuer_per_share_4q_avg": 40.72,
            "equity": 3348049,
            "current_ratio": 311.72,
            "debt_ratio": 19.37,
            "inventory_turnover_ratio": 5.74,
            "account_receivable_turnover_ratio": 0.47,
            "reinvestment_rate": null,
            "research_to_sale_ratio": 3.12,
            "price_fair": 2.76,
            "eps_avg_yearly": 0.92,
            "eps_latest_yearly": 0.16,
            "eps_growth_yearly": -41.83
        },
        "20153": {
            "year_quarter": 20153,
            "year": 2015,
            "quarter": 3,
            "eps": -0.51,
            "eps_growth_year": null,
            "eps_4q": -0.69,
            "eps_4q_growth_year": null,
            "roe": -1.3,
            "roe_4q": -1.7399999999999998,
            "gross_profit": 44786,
            "gross_margin": 16.41,
            "gross_margin_4q_avg": 23.79,
            "net_income": -44118,
            "revenue": 272912,
            "common_shares": 867072,
            "book_valuer_per_share": 39.79,
            "book_valuer_per_share_4q_avg": 40.44,
            "equity": 3425782,
            "current_ratio": 371.29,
            "debt_ratio": 16.73,
            "inventory_turnover_ratio": 4.34,
            "account_receivable_turnover_ratio": 0.46,
            "reinvestment_rate": null,
            "research_to_sale_ratio": 2.17,
            "price_fair": 0.48,
            "eps_avg_yearly": 0.16,
            "eps_latest_yearly": 0.16,
            "eps_growth_yearly": -305.88
        },
        "20154": {
            "year_quarter": 20154,
            "year": 2015,
            "quarter": 4,
            "eps": -1.66,
            "eps_growth_year": null,
            "eps_4q": -1.97,
            "eps_4q_growth_year": null,
            "roe": -4.34,
            "roe_4q": -5.129999999999999,
            "gross_profit": 58257,
            "gross_margin": 19.69,
            "gross_margin_4q_avg": 22.88,
            "net_income": -143232,
            "revenue": 295812,
            "common_shares": 867072,
            "book_valuer_per_share": 36.91,
            "book_valuer_per_share_4q_avg": 39.26,
            "equity": 3178051,
            "current_ratio": 350.88,
            "debt_ratio": 17.96,
            "inventory_turnover_ratio": 6.08,
            "account_receivable_turnover_ratio": 0.49,
            "reinvestment_rate": null,
            "research_to_sale_ratio": 2.38,
            "price_fair": 0.48,
            "eps_avg_yearly": 0.16,
            "eps_latest_yearly": 0.16,
            "eps_growth_yearly": -305.88
        },
        "20161": {
            "year_quarter": 20161,
            "year": 2016,
            "quarter": 1,
            "eps": -0.67,
            "eps_growth_year": -494.12,
            "eps_4q": -2.87,
            "eps_4q_growth_year": null,
            "roe": -1.83,
            "roe_4q": -7.359999999999999,
            "gross_profit": 32865,
            "gross_margin": 16.13,
            "gross_margin_4q_avg": 19.33,
            "net_income": -56968,
            "revenue": 203803,
            "common_shares": 867072,
            "book_valuer_per_share": 36.34,
            "book_valuer_per_share_4q_avg": 38,
            "equity": 3041713,
            "current_ratio": 397.86,
            "debt_ratio": 16.45,
            "inventory_turnover_ratio": 10.46,
            "account_receivable_turnover_ratio": 0.37,
            "reinvestment_rate": null,
            "research_to_sale_ratio": 2.75,
            "price_fair": 0.48,
            "eps_avg_yearly": 0.16,
            "eps_latest_yearly": 0.16,
            "eps_growth_yearly": -305.88
        },
        "20162": {
            "year_quarter": 20162,
            "year": 2016,
            "quarter": 2,
            "eps": -1.79,
            "eps_growth_year": -4575,
            "eps_4q": -4.9,
            "eps_4q_growth_year": null,
            "roe": -5.18,
            "roe_4q": -12.65,
            "gross_profit": 39849,
            "gross_margin": 19.09,
            "gross_margin_4q_avg": 17.83,
            "net_income": -147948,
            "revenue": 208751,
            "common_shares": 842072,
            "book_valuer_per_share": 33.32,
            "book_valuer_per_share_4q_avg": 36.59,
            "equity": 2668968,
            "current_ratio": 304.09,
            "debt_ratio": 19.55,
            "inventory_turnover_ratio": 11.23,
            "account_receivable_turnover_ratio": 0.45,
            "reinvestment_rate": null,
            "research_to_sale_ratio": 2.89,
            "price_fair": 0.48,
            "eps_avg_yearly": 0.16,
            "eps_latest_yearly": 0.16,
            "eps_growth_yearly": -305.88
        },
        "20163": {
            "year_quarter": 20163,
            "year": 2016,
            "quarter": 3,
            "eps": -0.93,
            "eps_growth_year": null,
            "eps_4q": -5.28,
            "eps_4q_growth_year": null,
            "roe": -2.88,
            "roe_4q": -14.229999999999999,
            "gross_profit": 38291,
            "gross_margin": 17.62,
            "gross_margin_4q_avg": 18.13,
            "net_income": -74762,
            "revenue": 217296,
            "common_shares": 807072,
            "book_valuer_per_share": 31.46,
            "book_valuer_per_share_4q_avg": 34.51,
            "equity": 2520473,
            "current_ratio": 300.38,
            "debt_ratio": 19.67,
            "inventory_turnover_ratio": 11.19,
            "account_receivable_turnover_ratio": 0.5,
            "reinvestment_rate": null,
            "research_to_sale_ratio": 9.92,
            "price_fair": 0.48,
            "eps_avg_yearly": 0.16,
            "eps_latest_yearly": 0.16,
            "eps_growth_yearly": -305.88
        },
        "20164": {
            "year_quarter": 20164,
            "year": 2016,
            "quarter": 4,
            "eps": -1.7,
            "eps_growth_year": null,
            "eps_4q": -5.19,
            "eps_4q_growth_year": null,
            "roe": -5.6,
            "roe_4q": -15.49,
            "gross_profit": 30440,
            "gross_margin": 14.36,
            "gross_margin_4q_avg": 16.8,
            "net_income": -136440,
            "revenue": 211904,
            "common_shares": 807072,
            "book_valuer_per_share": 29.32,
            "book_valuer_per_share_4q_avg": 32.61,
            "equity": 2349093,
            "current_ratio": 315.27,
            "debt_ratio": 18.93,
            "inventory_turnover_ratio": 11.62,
            "account_receivable_turnover_ratio": 0.5,
            "reinvestment_rate": null,
            "research_to_sale_ratio": 3.52,
            "price_fair": 0.48,
            "eps_avg_yearly": 0.16,
            "eps_latest_yearly": 0.16,
            "eps_growth_yearly": -305.88
        },
        "20171": {
            "year_quarter": 20171,
            "year": 2017,
            "quarter": 1,
            "eps": -0.81,
            "eps_growth_year": null,
            "eps_4q": -5.29,
            "eps_4q_growth_year": null,
            "roe": -2.86,
            "roe_4q": -16.52,
            "gross_profit": 11630,
            "gross_margin": 7.8,
            "gross_margin_4q_avg": 14.72,
            "net_income": -64848,
            "revenue": 149172,
            "common_shares": 807072,
            "book_valuer_per_share": 27.38,
            "book_valuer_per_share_4q_avg": 30.37,
            "equity": 2193151,
            "current_ratio": 352.02,
            "debt_ratio": 16.85,
            "inventory_turnover_ratio": 10.39,
            "account_receivable_turnover_ratio": 0.39,
            "reinvestment_rate": null,
            "research_to_sale_ratio": 6.13,
            "price_fair": 0.48,
            "eps_avg_yearly": 0.16,
            "eps_latest_yearly": 0.16,
            "eps_growth_yearly": -305.88
        },
        "20172": {
            "year_quarter": 20172,
            "year": 2017,
            "quarter": 2,
            "eps": -0.61,
            "eps_growth_year": null,
            "eps_4q": -4.11,
            "eps_4q_growth_year": null,
            "roe": -2.26,
            "roe_4q": -13.599999999999998,
            "gross_profit": 17346,
            "gross_margin": 9.98,
            "gross_margin_4q_avg": 12.44,
            "net_income": -48655,
            "revenue": 173839,
            "common_shares": 807072,
            "book_valuer_per_share": 26.76,
            "book_valuer_per_share_4q_avg": 28.73,
            "equity": 2112680,
            "current_ratio": 274.04,
            "debt_ratio": 20.27,
            "inventory_turnover_ratio": 12.99,
            "account_receivable_turnover_ratio": 0.52,
            "reinvestment_rate": null,
            "research_to_sale_ratio": 5.65,
            "price_fair": 0.48,
            "eps_avg_yearly": 0.16,
            "eps_latest_yearly": 0.16,
            "eps_growth_yearly": -305.88
        },
        "20173": {
            "year_quarter": 20173,
            "year": 2017,
            "quarter": 3,
            "eps": -0.8,
            "eps_growth_year": null,
            "eps_4q": -3.97,
            "eps_4q_growth_year": null,
            "roe": -2.97,
            "roe_4q": -13.69,
            "gross_profit": -2374,
            "gross_margin": -1.39,
            "gross_margin_4q_avg": 7.69,
            "net_income": -62078,
            "revenue": 170627,
            "common_shares": 807072,
            "book_valuer_per_share": 26.34,
            "book_valuer_per_share_4q_avg": 27.45,
            "equity": 2067590,
            "current_ratio": 282.74,
            "debt_ratio": 19.61,
            "inventory_turnover_ratio": 12.17,
            "account_receivable_turnover_ratio": 0.5,
            "reinvestment_rate": null,
            "research_to_sale_ratio": 5.1,
            "price_fair": 0.48,
            "eps_avg_yearly": 0.16,
            "eps_latest_yearly": 0.16,
            "eps_growth_yearly": -305.88
        },
        "20174": {
            "year_quarter": 20174,
            "year": 2017,
            "quarter": 4,
            "eps": -0.85,
            "eps_growth_year": null,
            "eps_4q": -3.07,
            "eps_4q_growth_year": null,
            "roe": -3.3,
            "roe_4q": -11.389999999999999,
            "gross_profit": 5078,
            "gross_margin": 2.98,
            "gross_margin_4q_avg": 4.84,
            "net_income": -67536,
            "revenue": 170287,
            "common_shares": 807522,
            "book_valuer_per_share": 25.61,
            "book_valuer_per_share_4q_avg": 26.52,
            "equity": 2027000,
            "current_ratio": 271.96,
            "debt_ratio": 20.73,
            "inventory_turnover_ratio": 10.49,
            "account_receivable_turnover_ratio": 0.49,
            "reinvestment_rate": null,
            "research_to_sale_ratio": 5.27,
            "price_fair": 0.48,
            "eps_avg_yearly": 0.16,
            "eps_latest_yearly": 0.16,
            "eps_growth_yearly": -305.88
        },
        "20181": {
            "year_quarter": 20181,
            "year": 2018,
            "quarter": 1,
            "eps": -1.09,
            "eps_growth_year": null,
            "eps_4q": -3.34,
            "eps_4q_growth_year": null,
            "roe": -4.31,
            "roe_4q": -12.84,
            "gross_profit": -11168,
            "gross_margin": -8.26,
            "gross_margin_4q_avg": 0.83,
            "net_income": -86280,
            "revenue": 135277,
            "common_shares": 807522,
            "book_valuer_per_share": 24.94,
            "book_valuer_per_share_4q_avg": 25.91,
            "equity": 1974072,
            "current_ratio": 259.16,
            "debt_ratio": 20.38,
            "inventory_turnover_ratio": 10.2,
            "account_receivable_turnover_ratio": 0.42,
            "reinvestment_rate": null,
            "research_to_sale_ratio": 5.98,
            "price_fair": 0.48,
            "eps_avg_yearly": 0.16,
            "eps_latest_yearly": 0.16,
            "eps_growth_yearly": -305.88
        },
        "20182": {
            "year_quarter": 20182,
            "year": 2018,
            "quarter": 2,
            "eps": -0.92,
            "eps_growth_year": null,
            "eps_4q": -3.64,
            "eps_4q_growth_year": null,
            "roe": -3.76,
            "roe_4q": -14.340000000000002,
            "gross_profit": -6435,
            "gross_margin": -4.5,
            "gross_margin_4q_avg": -2.79,
            "net_income": -72513,
            "revenue": 142918,
            "common_shares": 807522,
            "book_valuer_per_share": 23.79,
            "book_valuer_per_share_4q_avg": 25.17,
            "equity": 1882924,
            "current_ratio": 226,
            "debt_ratio": 24.45,
            "inventory_turnover_ratio": 11.62,
            "account_receivable_turnover_ratio": 0.49,
            "reinvestment_rate": null,
            "research_to_sale_ratio": 10.21,
            "price_fair": 0.48,
            "eps_avg_yearly": 0.16,
            "eps_latest_yearly": 0.16,
            "eps_growth_yearly": -305.88
        },
        "20183": {
            "year_quarter": 20183,
            "year": 2018,
            "quarter": 3,
            "eps": -1.15,
            "eps_growth_year": null,
            "eps_4q": -4.01,
            "eps_4q_growth_year": null,
            "roe": -5.03,
            "roe_4q": -16.4,
            "gross_profit": 12271,
            "gross_margin": 7.33,
            "gross_margin_4q_avg": -0.61,
            "net_income": -90986,
            "revenue": 167359,
            "common_shares": 807522,
            "book_valuer_per_share": 21.96,
            "book_valuer_per_share_4q_avg": 24.08,
            "equity": 1737892,
            "current_ratio": 213.13,
            "debt_ratio": 25.94,
            "inventory_turnover_ratio": 15.2,
            "account_receivable_turnover_ratio": 0.57,
            "reinvestment_rate": null,
            "research_to_sale_ratio": 7.09,
            "price_fair": 0.48,
            "eps_avg_yearly": 0.16,
            "eps_latest_yearly": 0.16,
            "eps_growth_yearly": -305.88
        },
        "20184": {
            "year_quarter": 20184,
            "year": 2018,
            "quarter": 4,
            "eps": -1.12,
            "eps_growth_year": null,
            "eps_4q": -4.27,
            "eps_4q_growth_year": null,
            "roe": -5.21,
            "roe_4q": -18.31,
            "gross_profit": 20334,
            "gross_margin": 15.53,
            "gross_margin_4q_avg": 2.53,
            "net_income": -88529,
            "revenue": 130902,
            "common_shares": 807522,
            "book_valuer_per_share": 20.98,
            "book_valuer_per_share_4q_avg": 22.92,
            "equity": 1660668,
            "current_ratio": 181.07,
            "debt_ratio": 29.72,
            "inventory_turnover_ratio": 12.73,
            "account_receivable_turnover_ratio": 0.44,
            "reinvestment_rate": null,
            "research_to_sale_ratio": 7.12,
            "price_fair": 0.48,
            "eps_avg_yearly": 0.16,
            "eps_latest_yearly": 0.16,
            "eps_growth_yearly": -305.88
        },
        "20191": {
            "year_quarter": 20191,
            "year": 2019,
            "quarter": 1,
            "eps": -0.17,
            "eps_growth_year": null,
            "eps_4q": -3.35,
            "eps_4q_growth_year": null,
            "roe": -0.79,
            "roe_4q": -14.790000000000001,
            "gross_profit": 8332,
            "gross_margin": 7.28,
            "gross_margin_4q_avg": 6.41,
            "net_income": -13274,
            "revenue": 114402,
            "common_shares": 807522,
            "book_valuer_per_share": 21.23,
            "book_valuer_per_share_4q_avg": 21.99,
            "equity": 1680561,
            "current_ratio": 198.63,
            "debt_ratio": 26.98,
            "inventory_turnover_ratio": 11.04,
            "account_receivable_turnover_ratio": 0.41,
            "reinvestment_rate": null,
            "research_to_sale_ratio": 8.7,
            "price_fair": 0.48,
            "eps_avg_yearly": 0.16,
            "eps_latest_yearly": 0.16,
            "eps_growth_yearly": -305.88
        },
        "20192": {
            "year_quarter": 20192,
            "year": 2019,
            "quarter": 2,
            "eps": -0.44,
            "eps_growth_year": null,
            "eps_4q": -2.87,
            "eps_4q_growth_year": null,
            "roe": -2.09,
            "roe_4q": -13.120000000000001,
            "gross_profit": 23921,
            "gross_margin": 16.72,
            "gross_margin_4q_avg": 11.72,
            "net_income": -34505,
            "revenue": 143025,
            "common_shares": 807522,
            "book_valuer_per_share": 20.57,
            "book_valuer_per_share_4q_avg": 21.19,
            "equity": 1628057,
            "current_ratio": 202.6,
            "debt_ratio": 28.93,
            "inventory_turnover_ratio": 11.51,
            "account_receivable_turnover_ratio": 0.52,
            "reinvestment_rate": null,
            "research_to_sale_ratio": 7.39,
            "price_fair": 0,
            "eps_avg_yearly": 0,
            "eps_latest_yearly": 0,
            "eps_growth_yearly": 0
        },
        "20193": {
            "year_quarter": 20193,
            "year": 2019,
            "quarter": 3,
            "eps": -0.54,
            "eps_growth_year": null,
            "eps_4q": -2.26,
            "eps_4q_growth_year": null,
            "roe": -2.7,
            "roe_4q": -10.79,
            "gross_profit": 19393,
            "gross_margin": 13.85,
            "gross_margin_4q_avg": 13.35,
            "net_income": -42633,
            "revenue": 140009,
            "common_shares": 807522,
            "book_valuer_per_share": 19.4,
            "book_valuer_per_share_4q_avg": 20.55,
            "equity": 1535638,
            "current_ratio": 198.64,
            "debt_ratio": 30.38,
            "inventory_turnover_ratio": 13.25,
            "account_receivable_turnover_ratio": 0.49,
            "reinvestment_rate": null,
            "research_to_sale_ratio": 7.35,
            "price_fair": 0,
            "eps_avg_yearly": 0,
            "eps_latest_yearly": 0,
            "eps_growth_yearly": 0
        },
        "20194": {
            "year_quarter": 20194,
            "year": 2019,
            "quarter": 4,
            "eps": -1.35,
            "eps_growth_year": null,
            "eps_4q": -2.5,
            "eps_4q_growth_year": null,
            "roe": -7.25,
            "roe_4q": -12.829999999999998,
            "gross_profit": 34166,
            "gross_margin": 22.86,
            "gross_margin_4q_avg": 15.18,
            "net_income": -107073,
            "revenue": 149445,
            "common_shares": 807522,
            "book_valuer_per_share": 17.89,
            "book_valuer_per_share_4q_avg": 19.77,
            "equity": 1416244,
            "current_ratio": 187.83,
            "debt_ratio": 32.6,
            "inventory_turnover_ratio": 13.13,
            "account_receivable_turnover_ratio": 0.49,
            "reinvestment_rate": null,
            "research_to_sale_ratio": 6.01,
            "price_fair": 0,
            "eps_avg_yearly": 0,
            "eps_latest_yearly": 0,
            "eps_growth_yearly": 0
        },
        "20201": {
            "year_quarter": 20201,
            "year": 2020,
            "quarter": 1,
            "eps": -0.53,
            "eps_growth_year": null,
            "eps_4q": -2.86,
            "eps_4q_growth_year": null,
            "roe": -3.02,
            "roe_4q": -15.059999999999999,
            "gross_profit": 8766,
            "gross_margin": 9.02,
            "gross_margin_4q_avg": 15.61,
            "net_income": -41984,
            "revenue": 97187,
            "common_shares": 807522,
            "book_valuer_per_share": 17.2,
            "book_valuer_per_share_4q_avg": 18.77,
            "equity": 1361111,
            "current_ratio": 201.7,
            "debt_ratio": 32.84,
            "inventory_turnover_ratio": 11.34,
            "account_receivable_turnover_ratio": 0.33,
            "reinvestment_rate": null,
            "research_to_sale_ratio": 9.63,
            "price_fair": 0,
            "eps_avg_yearly": 0,
            "eps_latest_yearly": 0,
            "eps_growth_yearly": 0
        },
        "20202": {
            "year_quarter": 20202,
            "year": 2020,
            "quarter": 2,
            "eps": -0.07,
            "eps_growth_year": null,
            "eps_4q": -2.49,
            "eps_4q_growth_year": null,
            "roe": -0.39,
            "roe_4q": -13.36,
            "gross_profit": 62845,
            "gross_margin": 32.95,
            "gross_margin_4q_avg": 19.67,
            "net_income": -5228,
            "revenue": 190730,
            "common_shares": 807522,
            "book_valuer_per_share": 16.91,
            "book_valuer_per_share_4q_avg": 17.85,
            "equity": 1338675,
            "current_ratio": 195.84,
            "debt_ratio": 35.03,
            "inventory_turnover_ratio": 17.83,
            "account_receivable_turnover_ratio": 0.61,
            "reinvestment_rate": null,
            "research_to_sale_ratio": 4.92,
            "price_fair": 0,
            "eps_avg_yearly": 0,
            "eps_latest_yearly": 0,
            "eps_growth_yearly": 0
        },
        "20203": {
            "year_quarter": 20203,
            "year": 2020,
            "quarter": 3,
            "eps": -0.06,
            "eps_growth_year": null,
            "eps_4q": -2.01,
            "eps_4q_growth_year": null,
            "roe": -0.34,
            "roe_4q": -11,
            "gross_profit": 66953,
            "gross_margin": 36.52,
            "gross_margin_4q_avg": 25.34,
            "net_income": -4593,
            "revenue": 183309,
            "common_shares": 807522,
            "book_valuer_per_share": 17.12,
            "book_valuer_per_share_4q_avg": 17.28,
            "equity": 1354985,
            "current_ratio": 210.95,
            "debt_ratio": 36.87,
            "inventory_turnover_ratio": 13.34,
            "account_receivable_turnover_ratio": 0.5,
            "reinvestment_rate": null,
            "research_to_sale_ratio": 5.51,
            "price_fair": 0,
            "eps_avg_yearly": 0,
            "eps_latest_yearly": 0,
            "eps_growth_yearly": 0
        },
        "20204": {
            "year_quarter": 20204,
            "year": 2020,
            "quarter": 4,
            "eps": -0.05,
            "eps_growth_year": null,
            "eps_4q": -0.71,
            "eps_4q_growth_year": null,
            "roe": -0.3,
            "roe_4q": -4.05,
            "gross_profit": 85002,
            "gross_margin": 39.84,
            "gross_margin_4q_avg": 29.58,
            "net_income": -4135,
            "revenue": 213372,
            "common_shares": 807522,
            "book_valuer_per_share": 17.43,
            "book_valuer_per_share_4q_avg": 17.17,
            "equity": 1379768,
            "current_ratio": 185.25,
            "debt_ratio": 37.12,
            "inventory_turnover_ratio": 13.14,
            "account_receivable_turnover_ratio": 0.52,
            "reinvestment_rate": null,
            "research_to_sale_ratio": 4.68,
            "price_fair": 0,
            "eps_avg_yearly": 0,
            "eps_latest_yearly": 0,
            "eps_growth_yearly": 0
        },
        "20211": {
            "year_quarter": 20211,
            "year": 2021,
            "quarter": 1,
            "eps": -0.08,
            "eps_growth_year": null,
            "eps_4q": -0.26,
            "eps_4q_growth_year": null,
            "roe": -0.47,
            "roe_4q": -1.5,
            "gross_profit": 63930,
            "gross_margin": 33.45,
            "gross_margin_4q_avg": 35.69,
            "net_income": -6397,
            "revenue": 191135,
            "common_shares": 807522,
            "book_valuer_per_share": 17.3,
            "book_valuer_per_share_4q_avg": 17.19,
            "equity": 1369034,
            "current_ratio": 224.42,
            "debt_ratio": 33.89,
            "inventory_turnover_ratio": 12.26,
            "account_receivable_turnover_ratio": 0.43,
            "reinvestment_rate": null,
            "research_to_sale_ratio": 4.69,
            "price_fair": 0,
            "eps_avg_yearly": 0,
            "eps_latest_yearly": 0,
            "eps_growth_yearly": 0
        },
        "20212": {
            "year_quarter": 20212,
            "year": 2021,
            "quarter": 2,
            "eps": 0.15,
            "eps_growth_year": null,
            "eps_4q": -0.04,
            "eps_4q_growth_year": null,
            "roe": 0.88,
            "roe_4q": -0.22999999999999998,
            "gross_profit": 85817,
            "gross_margin": 39.59,
            "gross_margin_4q_avg": 37.35,
            "net_income": 12076,
            "revenue": 216778,
            "common_shares": 807522,
            "book_valuer_per_share": 17.33,
            "book_valuer_per_share_4q_avg": 17.3,
            "equity": 1371670,
            "current_ratio": 215.79,
            "debt_ratio": 30.77,
            "inventory_turnover_ratio": 11.82,
            "account_receivable_turnover_ratio": 0.49,
            "reinvestment_rate": null,
            "research_to_sale_ratio": 4.27,
            "price_fair": 0,
            "eps_avg_yearly": 0,
            "eps_latest_yearly": 0,
            "eps_growth_yearly": 0
        },
        "20213": {
            "year_quarter": 20213,
            "year": 2021,
            "quarter": 3,
            "eps": 0.02,
            "eps_growth_year": null,
            "eps_4q": 0.04,
            "eps_4q_growth_year": null,
            "roe": 0.11,
            "roe_4q": 0.22000000000000003,
            "gross_profit": 55733,
            "gross_margin": 32.96,
            "gross_margin_4q_avg": 36.46,
            "net_income": 1443,
            "revenue": 169109,
            "common_shares": 807522,
            "book_valuer_per_share": 17.34,
            "book_valuer_per_share_4q_avg": 17.35,
            "equity": 1372023,
            "current_ratio": 254.4,
            "debt_ratio": 31.66,
            "inventory_turnover_ratio": 10.19,
            "account_receivable_turnover_ratio": 0.4,
            "reinvestment_rate": null,
            "research_to_sale_ratio": 6.07,
            "price_fair": 0.24,
            "eps_avg_yearly": 0.08,
            "eps_latest_yearly": 0.08,
            "eps_growth_yearly": -346.67
        },
        "20214": {
            "year_quarter": 20214,
            "year": 2021,
            "quarter": 4,
            "eps": 0.43,
            "eps_growth_year": null,
            "eps_4q": 0.52,
            "eps_4q_growth_year": null,
            "roe": 2.45,
            "roe_4q": 2.9699999999999998,
            "gross_profit": 86420,
            "gross_margin": 38.74,
            "gross_margin_4q_avg": 36.19,
            "net_income": 34134,
            "revenue": 223081,
            "common_shares": 807522,
            "book_valuer_per_share": 17.9,
            "book_valuer_per_share_4q_avg": 17.47,
            "equity": 1416828,
            "current_ratio": 377.86,
            "debt_ratio": 24.55,
            "inventory_turnover_ratio": 18.71,
            "account_receivable_turnover_ratio": 0.52,
            "reinvestment_rate": null,
            "research_to_sale_ratio": 4.54,
            "price_fair": 31.5,
            "eps_avg_yearly": 0.9,
            "eps_latest_yearly": 1.72,
            "eps_growth_yearly": 3926.67
        },
        "20221": {
            "year_quarter": 20221,
            "year": 2022,
            "quarter": 1,
            "eps": 0.09,
            "eps_growth_year": null,
            "eps_4q": 0.69,
            "eps_4q_growth_year": null,
            "roe": 0.48,
            "roe_4q": 3.92,
            "gross_profit": 58248,
            "gross_margin": 33.9,
            "gross_margin_4q_avg": 36.3,
            "net_income": 6966,
            "revenue": 171807,
            "common_shares": 807522,
            "book_valuer_per_share": 18.53,
            "book_valuer_per_share_4q_avg": 17.78,
            "equity": 1466858,
            "current_ratio": 406.3,
            "debt_ratio": 23.03,
            "inventory_turnover_ratio": 30.08,
            "account_receivable_turnover_ratio": 0.37,
            "reinvestment_rate": null,
            "research_to_sale_ratio": 4.98,
            "price_fair": 25.2,
            "eps_avg_yearly": 0.72,
            "eps_latest_yearly": 0.36,
            "eps_growth_yearly": 2512.35
        },
        "20222": {
            "year_quarter": 20222,
            "year": 2022,
            "quarter": 2,
            "eps": -0.07,
            "eps_growth_year": -146.67,
            "eps_4q": 0.46,
            "eps_4q_growth_year": null,
            "roe": -0.41,
            "roe_4q": 2.63,
            "gross_profit": 35515,
            "gross_margin": 29.67,
            "gross_margin_4q_avg": 33.82,
            "net_income": -5813,
            "revenue": 119693,
            "common_shares": 807522,
            "book_valuer_per_share": 17.23,
            "book_valuer_per_share_4q_avg": 17.75,
            "equity": 1363978,
            "current_ratio": 385.13,
            "debt_ratio": 25.45,
            "inventory_turnover_ratio": 17.76,
            "account_receivable_turnover_ratio": 0.29,
            "reinvestment_rate": null,
            "research_to_sale_ratio": 7.07,
            "price_fair": 25.2,
            "eps_avg_yearly": 0.72,
            "eps_latest_yearly": 0.36,
            "eps_growth_yearly": 2512.35
        },
        "20223": {
            "year_quarter": 20223,
            "year": 2022,
            "quarter": 3,
            "eps": -0.31,
            "eps_growth_year": -1650,
            "eps_4q": 0.13,
            "eps_4q_growth_year": 237.24,
            "roe": -1.8,
            "roe_4q": 0.7200000000000002,
            "gross_profit": 11500,
            "gross_margin": 13.9,
            "gross_margin_4q_avg": 29.05,
            "net_income": -25257,
            "revenue": 82714,
            "common_shares": 807422,
            "book_valuer_per_share": 17.05,
            "book_valuer_per_share_4q_avg": 17.68,
            "equity": 1439433,
            "current_ratio": 384.08,
            "debt_ratio": 26,
            "inventory_turnover_ratio": 15.45,
            "account_receivable_turnover_ratio": 0.26,
            "reinvestment_rate": null,
            "research_to_sale_ratio": 10.01,
            "price_fair": 25.2,
            "eps_avg_yearly": 0.72,
            "eps_latest_yearly": 0.36,
            "eps_growth_yearly": 2512.35
        },
        "20224": {
            "year_quarter": 20224,
            "year": 2022,
            "quarter": 4,
            "eps": 0.61,
            "eps_growth_year": 40.45,
            "eps_4q": 0.31,
            "eps_4q_growth_year": -40.48,
            "roe": 3.3,
            "roe_4q": 1.5699999999999998,
            "gross_profit": 8077,
            "gross_margin": 9.73,
            "gross_margin_4q_avg": 21.8,
            "net_income": 48325,
            "revenue": 83006,
            "common_shares": 807422,
            "book_valuer_per_share": 17.48,
            "book_valuer_per_share_4q_avg": 17.57,
            "equity": 1489279,
            "current_ratio": 606.5,
            "debt_ratio": 16.3,
            "inventory_turnover_ratio": 18.55,
            "account_receivable_turnover_ratio": 0.3,
            "reinvestment_rate": null,
            "research_to_sale_ratio": 8.56,
            "price_fair": 25.2,
            "eps_avg_yearly": 0.72,
            "eps_latest_yearly": 0.36,
            "eps_growth_yearly": 2512.35
        },
        "20231": {
            "year_quarter": 20231,
            "year": 2023,
            "quarter": 1,
            "eps": 0.09,
            "eps_growth_year": 0,
            "eps_4q": 0.32,
            "eps_4q_growth_year": -53.81,
            "roe": 0.46,
            "roe_4q": 1.5499999999999998,
            "gross_profit": 27587,
            "gross_margin": 29.63,
            "gross_margin_4q_avg": 20.73,
            "net_income": 6941,
            "revenue": 93117,
            "common_shares": 807422,
            "book_valuer_per_share": 17.63,
            "book_valuer_per_share_4q_avg": 17.35,
            "equity": 1499851,
            "current_ratio": 652.88,
            "debt_ratio": 15.01,
            "inventory_turnover_ratio": 15.43,
            "account_receivable_turnover_ratio": 0.35,
            "reinvestment_rate": null,
            "research_to_sale_ratio": 6.96,
            "price_fair": 22.05,
            "eps_avg_yearly": 0.63,
            "eps_latest_yearly": 0.36,
            "eps_growth_yearly": 1799.02
        }
    },
    "months": {
        "2006-07": {
            "month": "2006-07",
            "price": "156.12",
            "revenue": 12792
        },
        "2006-08": {
            "month": "2006-08",
            "price": "148.12",
            "revenue": 68864
        },
        "2006-09": {
            "month": "2006-09",
            "price": "151.88",
            "revenue": 7323
        },
        "2006-10": {
            "month": "2006-10",
            "price": "153.25",
            "revenue": 7535
        },
        "2006-11": {
            "month": "2006-11",
            "price": "147.46",
            "revenue": 8570
        },
        "2006-12": {
            "month": "2006-12",
            "price": "150.57",
            "revenue": 8256
        },
        "2007-01": {
            "month": "2007-01",
            "price": "173.85",
            "revenue": 5759
        },
        "2007-02": {
            "month": "2007-02",
            "price": "190.71",
            "revenue": 2349
        },
        "2007-03": {
            "month": "2007-03",
            "price": "190.79",
            "revenue": 23376
        },
        "2007-04": {
            "month": "2007-04",
            "price": "195.58",
            "revenue": 15893
        },
        "2007-05": {
            "month": "2007-05",
            "price": "219.34",
            "revenue": 21639
        },
        "2007-06": {
            "month": "2007-06",
            "price": "237.66",
            "revenue": 17905
        },
        "2007-07": {
            "month": "2007-07",
            "price": "254.58",
            "revenue": 15441
        },
        "2007-08": {
            "month": "2007-08",
            "price": "266.67",
            "revenue": 22015
        },
        "2007-09": {
            "month": "2007-09",
            "price": "260.50",
            "revenue": 86866
        },
        "2007-10": {
            "month": "2007-10",
            "price": "251.89",
            "revenue": 18493
        },
        "2007-11": {
            "month": "2007-11",
            "price": "207.83",
            "revenue": 157972
        },
        "2007-12": {
            "month": "2007-12",
            "price": "223.12",
            "revenue": 19218
        },
        "2008-01": {
            "month": "2008-01",
            "price": "199.18",
            "revenue": 142429
        },
        "2008-02": {
            "month": "2008-02",
            "price": "166.86",
            "revenue": 100172
        },
        "2008-03": {
            "month": "2008-03",
            "price": "171.98",
            "revenue": 171633
        },
        "2008-04": {
            "month": "2008-04",
            "price": "195.71",
            "revenue": 163470
        },
        "2008-05": {
            "month": "2008-05",
            "price": "219.62",
            "revenue": 141321
        },
        "2008-06": {
            "month": "2008-06",
            "price": "202.24",
            "revenue": 157488
        },
        "2008-07": {
            "month": "2008-07",
            "price": "159.93",
            "revenue": 172566
        },
        "2008-08": {
            "month": "2008-08",
            "price": "131.19",
            "revenue": 192868
        },
        "2008-09": {
            "month": "2008-09",
            "price": "99.31",
            "revenue": 224723
        },
        "2008-10": {
            "month": "2008-10",
            "price": "64.64",
            "revenue": 249792
        },
        "2008-11": {
            "month": "2008-11",
            "price": "55.91",
            "revenue": 178840
        },
        "2008-12": {
            "month": "2008-12",
            "price": "56.32",
            "revenue": 97934
        },
        "2009-01": {
            "month": "2009-01",
            "price": "54.59",
            "revenue": 107885
        },
        "2009-02": {
            "month": "2009-02",
            "price": "59.50",
            "revenue": 143718
        },
        "2009-03": {
            "month": "2009-03",
            "price": "73.59",
            "revenue": 200200
        },
        "2009-04": {
            "month": "2009-04",
            "price": "84.42",
            "revenue": 184663
        },
        "2009-05": {
            "month": "2009-05",
            "price": "100.78",
            "revenue": 154958
        },
        "2009-06": {
            "month": "2009-06",
            "price": "86.11",
            "revenue": 179017
        },
        "2009-07": {
            "month": "2009-07",
            "price": "96.91",
            "revenue": 212417
        },
        "2009-08": {
            "month": "2009-08",
            "price": "92.12",
            "revenue": 227807
        },
        "2009-09": {
            "month": "2009-09",
            "price": "94.01",
            "revenue": 230120
        },
        "2009-10": {
            "month": "2009-10",
            "price": "89.90",
            "revenue": 244523
        },
        "2009-11": {
            "month": "2009-11",
            "price": "89.30",
            "revenue": 243216
        },
        "2009-12": {
            "month": "2009-12",
            "price": "89.73",
            "revenue": 250225
        },
        "2010-01": {
            "month": "2010-01",
            "price": "93.16",
            "revenue": 221758
        },
        "2010-02": {
            "month": "2010-02",
            "price": "85.42",
            "revenue": 163992
        },
        "2010-03": {
            "month": "2010-03",
            "price": "88.70",
            "revenue": 20495
        },
        "2010-04": {
            "month": "2010-04",
            "price": "88.77",
            "revenue": 205088
        },
        "2010-05": {
            "month": "2010-05",
            "price": "85.90",
            "revenue": 198643
        },
        "2010-06": {
            "month": "2010-06",
            "price": "81.71",
            "revenue": 183434
        },
        "2010-07": {
            "month": "2010-07",
            "price": "78.93",
            "revenue": 163027
        },
        "2010-08": {
            "month": "2010-08",
            "price": "72.80",
            "revenue": 187550
        },
        "2010-09": {
            "month": "2010-09",
            "price": "72.46",
            "revenue": 173634
        },
        "2010-10": {
            "month": "2010-10",
            "price": "71.79",
            "revenue": 172703
        },
        "2010-11": {
            "month": "2010-11",
            "price": "60.14",
            "revenue": 140986
        },
        "2010-12": {
            "month": "2010-12",
            "price": "60.92",
            "revenue": 131415
        },
        "2011-01": {
            "month": "2011-01",
            "price": "57.44",
            "revenue": 121054
        },
        "2011-02": {
            "month": "2011-02",
            "price": "52.69",
            "revenue": 94197
        },
        "2011-03": {
            "month": "2011-03",
            "price": "52.67",
            "revenue": 153492
        },
        "2011-04": {
            "month": "2011-04",
            "price": "52.64",
            "revenue": 145331
        },
        "2011-05": {
            "month": "2011-05",
            "price": "49.83",
            "revenue": 122411
        },
        "2011-06": {
            "month": "2011-06",
            "price": "42.86",
            "revenue": 132210
        },
        "2011-07": {
            "month": "2011-07",
            "price": "35.60",
            "revenue": 159262
        },
        "2011-08": {
            "month": "2011-08",
            "price": "30.25",
            "revenue": 149587
        },
        "2011-09": {
            "month": "2011-09",
            "price": "30.70",
            "revenue": 124618
        },
        "2011-10": {
            "month": "2011-10",
            "price": "35.70",
            "revenue": 131535
        },
        "2011-11": {
            "month": "2011-11",
            "price": "31.42",
            "revenue": 132459
        },
        "2011-12": {
            "month": "2011-12",
            "price": "29.05",
            "revenue": 119832
        },
        "2012-01": {
            "month": "2012-01",
            "price": "29.77",
            "revenue": 91738
        },
        "2012-02": {
            "month": "2012-02",
            "price": "35.09",
            "revenue": 111353
        },
        "2012-03": {
            "month": "2012-03",
            "price": "36.35",
            "revenue": 143250
        },
        "2012-04": {
            "month": "2012-04",
            "price": "30.42",
            "revenue": 141177
        },
        "2012-05": {
            "month": "2012-05",
            "price": "29.42",
            "revenue": 156707
        },
        "2012-06": {
            "month": "2012-06",
            "price": "28.74",
            "revenue": 155955
        },
        "2012-07": {
            "month": "2012-07",
            "price": "28.74",
            "revenue": 184938
        },
        "2012-08": {
            "month": "2012-08",
            "price": "30.06",
            "revenue": 160281
        },
        "2012-09": {
            "month": "2012-09",
            "price": "35.16",
            "revenue": 136975
        },
        "2012-10": {
            "month": "2012-10",
            "price": "38.53",
            "revenue": 131570
        },
        "2012-11": {
            "month": "2012-11",
            "price": "35.35",
            "revenue": 131603
        },
        "2012-12": {
            "month": "2012-12",
            "price": "36.55",
            "revenue": 124303
        },
        "2013-01": {
            "month": "2013-01",
            "price": "35.56",
            "revenue": 133116
        },
        "2013-02": {
            "month": "2013-02",
            "price": "37.82",
            "revenue": 79283
        },
        "2013-03": {
            "month": "2013-03",
            "price": "40.33",
            "revenue": 128252
        },
        "2013-04": {
            "month": "2013-04",
            "price": "40.58",
            "revenue": 119235
        },
        "2013-05": {
            "month": "2013-05",
            "price": "41.10",
            "revenue": 107017
        },
        "2013-06": {
            "month": "2013-06",
            "price": "39.37",
            "revenue": 118471
        },
        "2013-07": {
            "month": "2013-07",
            "price": "40.70",
            "revenue": 128546
        },
        "2013-08": {
            "month": "2013-08",
            "price": "39.65",
            "revenue": 112076
        },
        "2013-09": {
            "month": "2013-09",
            "price": "38.24",
            "revenue": 107454
        },
        "2013-10": {
            "month": "2013-10",
            "price": "37.77",
            "revenue": 119842
        },
        "2013-11": {
            "month": "2013-11",
            "price": "38.55",
            "revenue": 141840
        },
        "2013-12": {
            "month": "2013-12",
            "price": "50.28",
            "revenue": 143050
        },
        "2014-01": {
            "month": "2014-01",
            "price": "63.83",
            "revenue": 107367
        },
        "2014-02": {
            "month": "2014-02",
            "price": "66.57",
            "revenue": 78126
        },
        "2014-03": {
            "month": "2014-03",
            "price": "65.11",
            "revenue": 110477
        },
        "2014-04": {
            "month": "2014-04",
            "price": "73.27",
            "revenue": 101219
        },
        "2014-05": {
            "month": "2014-05",
            "price": "84.37",
            "revenue": 115779
        },
        "2014-06": {
            "month": "2014-06",
            "price": "82.38",
            "revenue": 122541
        },
        "2014-07": {
            "month": "2014-07",
            "price": "70.88",
            "revenue": 99971
        },
        "2014-08": {
            "month": "2014-08",
            "price": "55.04",
            "revenue": 102823
        },
        "2014-09": {
            "month": "2014-09",
            "price": "50.46",
            "revenue": 80285
        },
        "2014-10": {
            "month": "2014-10",
            "price": "47.97",
            "revenue": 97891
        },
        "2014-11": {
            "month": "2014-11",
            "price": "46.70",
            "revenue": 123740
        },
        "2014-12": {
            "month": "2014-12",
            "price": "48.17",
            "revenue": 128207
        },
        "2015-01": {
            "month": "2015-01",
            "price": "49.32",
            "revenue": 122378
        },
        "2015-02": {
            "month": "2015-02",
            "price": "50.12",
            "revenue": 75936
        },
        "2015-03": {
            "month": "2015-03",
            "price": "52.36",
            "revenue": 116098
        },
        "2015-04": {
            "month": "2015-04",
            "price": "55.26",
            "revenue": 105048
        },
        "2015-05": {
            "month": "2015-05",
            "price": "49.44",
            "revenue": 105361
        },
        "2015-06": {
            "month": "2015-06",
            "price": "52.14",
            "revenue": 85989
        },
        "2015-07": {
            "month": "2015-07",
            "price": "54.21",
            "revenue": 88538
        },
        "2015-08": {
            "month": "2015-08",
            "price": "42.46",
            "revenue": 92116
        },
        "2015-09": {
            "month": "2015-09",
            "price": "37.04",
            "revenue": 90521
        },
        "2015-10": {
            "month": "2015-10",
            "price": "37.36",
            "revenue": 100169
        },
        "2015-11": {
            "month": "2015-11",
            "price": "35.66",
            "revenue": 109475
        },
        "2015-12": {
            "month": "2015-12",
            "price": "36.17",
            "revenue": 89157
        },
        "2016-01": {
            "month": "2016-01",
            "price": "30.44",
            "revenue": 86649
        },
        "2016-02": {
            "month": "2016-02",
            "price": "27.84",
            "revenue": 46303
        },
        "2016-03": {
            "month": "2016-03",
            "price": "28.63",
            "revenue": 71310
        },
        "2016-04": {
            "month": "2016-04",
            "price": "25.38",
            "revenue": 75555
        },
        "2016-05": {
            "month": "2016-05",
            "price": "21.08",
            "revenue": 69832
        },
        "2016-06": {
            "month": "2016-06",
            "price": "22.19",
            "revenue": 61720
        },
        "2016-07": {
            "month": "2016-07",
            "price": "23.44",
            "revenue": 68597
        },
        "2016-08": {
            "month": "2016-08",
            "price": "23.32",
            "revenue": 80830
        },
        "2016-09": {
            "month": "2016-09",
            "price": "24.42",
            "revenue": 67744
        },
        "2016-10": {
            "month": "2016-10",
            "price": "24.48",
            "revenue": 72346
        },
        "2016-11": {
            "month": "2016-11",
            "price": "22.18",
            "revenue": 72384
        },
        "2016-12": {
            "month": "2016-12",
            "price": "21.90",
            "revenue": 68061
        },
        "2017-01": {
            "month": "2017-01",
            "price": "21.34",
            "revenue": 51330
        },
        "2017-02": {
            "month": "2017-02",
            "price": "23.29",
            "revenue": 41563
        },
        "2017-03": {
            "month": "2017-03",
            "price": "22.79",
            "revenue": 56199
        },
        "2017-04": {
            "month": "2017-04",
            "price": "21.31",
            "revenue": 52241
        },
        "2017-05": {
            "month": "2017-05",
            "price": "19.98",
            "revenue": 59404
        },
        "2017-06": {
            "month": "2017-06",
            "price": "21.48",
            "revenue": 62201
        },
        "2017-07": {
            "month": "2017-07",
            "price": "21.10",
            "revenue": 55265
        },
        "2017-08": {
            "month": "2017-08",
            "price": "22.38",
            "revenue": 59239
        },
        "2017-09": {
            "month": "2017-09",
            "price": "34.19",
            "revenue": 56095
        },
        "2017-10": {
            "month": "2017-10",
            "price": "42.43",
            "revenue": 45592
        },
        "2017-11": {
            "month": "2017-11",
            "price": "35.41",
            "revenue": 65547
        },
        "2017-12": {
            "month": "2017-12",
            "price": "36.35",
            "revenue": 59107
        },
        "2018-01": {
            "month": "2018-01",
            "price": "32.65",
            "revenue": 60082
        },
        "2018-02": {
            "month": "2018-02",
            "price": "30.08",
            "revenue": 28199
        },
        "2018-03": {
            "month": "2018-03",
            "price": "29.45",
            "revenue": 46794
        },
        "2018-04": {
            "month": "2018-04",
            "price": "29.56",
            "revenue": 47381
        },
        "2018-05": {
            "month": "2018-05",
            "price": "27.71",
            "revenue": 51300
        },
        "2018-06": {
            "month": "2018-06",
            "price": "24.86",
            "revenue": 44275
        },
        "2018-07": {
            "month": "2018-07",
            "price": "22.34",
            "revenue": 55601
        },
        "2018-08": {
            "month": "2018-08",
            "price": "22.69",
            "revenue": 64725
        },
        "2018-09": {
            "month": "2018-09",
            "price": "23.56",
            "revenue": 46906
        },
        "2018-10": {
            "month": "2018-10",
            "price": "18.03",
            "revenue": 38711
        },
        "2018-11": {
            "month": "2018-11",
            "price": "16.75",
            "revenue": 48499
        },
        "2018-12": {
            "month": "2018-12",
            "price": "16.38",
            "revenue": 41149
        },
        "2019-01": {
            "month": "2019-01",
            "price": "15.17",
            "revenue": 39498
        },
        "2019-02": {
            "month": "2019-02",
            "price": "16.54",
            "revenue": 36691
        },
        "2019-03": {
            "month": "2019-03",
            "price": "18.54",
            "revenue": 38640
        },
        "2019-04": {
            "month": "2019-04",
            "price": "19.81",
            "revenue": 48494
        },
        "2019-05": {
            "month": "2019-05",
            "price": "17.46",
            "revenue": 48414
        },
        "2019-06": {
            "month": "2019-06",
            "price": "18.40",
            "revenue": 46105
        },
        "2019-07": {
            "month": "2019-07",
            "price": "21.15",
            "revenue": 48245
        },
        "2019-08": {
            "month": "2019-08",
            "price": "20.85",
            "revenue": 45769
        },
        "2019-09": {
            "month": "2019-09",
            "price": "21.80",
            "revenue": 45606
        },
        "2019-10": {
            "month": "2019-10",
            "price": "22.35",
            "revenue": 50356
        },
        "2019-11": {
            "month": "2019-11",
            "price": "25.78",
            "revenue": 51479
        },
        "2019-12": {
            "month": "2019-12",
            "price": "30.81",
            "revenue": 47619
        },
        "2020-01": {
            "month": "2020-01",
            "price": "36.29",
            "revenue": 32232
        },
        "2020-02": {
            "month": "2020-02",
            "price": "32.35",
            "revenue": 13466
        },
        "2020-03": {
            "month": "2020-03",
            "price": "22.10",
            "revenue": 51412
        },
        "2020-04": {
            "month": "2020-04",
            "price": "25.46",
            "revenue": 65894
        },
        "2020-05": {
            "month": "2020-05",
            "price": "34.77",
            "revenue": 68269
        },
        "2020-06": {
            "month": "2020-06",
            "price": "35.50",
            "revenue": 56575
        },
        "2020-07": {
            "month": "2020-07",
            "price": "32.64",
            "revenue": 62762
        },
        "2020-08": {
            "month": "2020-08",
            "price": "29.91",
            "revenue": 60192
        },
        "2020-09": {
            "month": "2020-09",
            "price": "27.77",
            "revenue": 60320
        },
        "2020-10": {
            "month": "2020-10",
            "price": "28.04",
            "revenue": 67706
        },
        "2020-11": {
            "month": "2020-11",
            "price": "30.37",
            "revenue": 69172
        },
        "2020-12": {
            "month": "2020-12",
            "price": "33.59",
            "revenue": 76559
        },
        "2021-01": {
            "month": "2021-01",
            "price": "32.04",
            "revenue": 74335
        },
        "2021-02": {
            "month": "2021-02",
            "price": "30.70",
            "revenue": 42527
        },
        "2021-03": {
            "month": "2021-03",
            "price": "31.34",
            "revenue": 74229
        },
        "2021-04": {
            "month": "2021-04",
            "price": "31.29",
            "revenue": 85842
        },
        "2021-05": {
            "month": "2021-05",
            "price": "26.39",
            "revenue": 77754
        },
        "2021-06": {
            "month": "2021-06",
            "price": "27.05",
            "revenue": 53207
        },
        "2021-07": {
            "month": "2021-07",
            "price": "24.78",
            "revenue": 61397
        },
        "2021-08": {
            "month": "2021-08",
            "price": "22.38",
            "revenue": 56438
        },
        "2021-09": {
            "month": "2021-09",
            "price": "22.30",
            "revenue": 51307
        },
        "2021-10": {
            "month": "2021-10",
            "price": "23.30",
            "revenue": 59255
        },
        "2021-11": {
            "month": "2021-11",
            "price": "23.18",
            "revenue": 77696
        },
        "2021-12": {
            "month": "2021-12",
            "price": "23.47",
            "revenue": 85754
        },
        "2022-01": {
            "month": "2022-01",
            "price": "23.49",
            "revenue": 56993
        },
        "2022-02": {
            "month": "2022-02",
            "price": "22.71",
            "revenue": 41587
        },
        "2022-03": {
            "month": "2022-03",
            "price": "21.21",
            "revenue": 73513
        },
        "2022-04": {
            "month": "2022-04",
            "price": "20.16",
            "revenue": 44566
        },
        "2022-05": {
            "month": "2022-05",
            "price": "19.21",
            "revenue": 35905
        },
        "2022-06": {
            "month": "2022-06",
            "price": "19.92",
            "revenue": 39341
        },
        "2022-07": {
            "month": "2022-07",
            "price": "17.67",
            "revenue": 35045
        },
        "2022-08": {
            "month": "2022-08",
            "price": "21.90",
            "revenue": 22510
        },
        "2022-09": {
            "month": "2022-09",
            "price": "26.36",
            "revenue": 25168
        },
        "2022-10": {
            "month": "2022-10",
            "price": "21.22",
            "revenue": 26301
        },
        "2022-11": {
            "month": "2022-11",
            "price": "20.74",
            "revenue": 24319
        },
        "2022-12": {
            "month": "2022-12",
            "price": "20.72",
            "revenue": 32380
        },
        "2023-01": {
            "month": "2023-01",
            "price": "20.15",
            "revenue": 23601
        },
        "2023-02": {
            "month": "2023-02",
            "price": "21.54",
            "revenue": 33399
        },
        "2023-03": {
            "month": "2023-03",
            "price": "22.44",
            "revenue": 36033
        },
        "2023-04": {
            "month": "2023-04",
            "price": "30.70",
            "revenue": 29742
        }
    }
}
