{
    "summary": {
        "stock_name": "綠能",
        "stock_id": "3519",
        "category": "半導體",
        "main_business": "電子零組件製造業<br>電子材料批發業<br>電子材料零售業",
        "website_url": "",
        "ceo": "林士源",
        "pe_ratio": -0,
        "report_year_from": 2006,
        "report_year_to": 2019,
        "age": 17,
        "eps_negative_percentage": 60,
        "eps_growth_avg": {
            "last_all": 16.16,
            "last_2y": null,
            "last_4y": null,
            "last_8y": 0,
            "last_12y": null,
            "last_16y": null,
            "last_20y": null,
            "at_2006_last_3y": null,
            "at_2007_last_3y": null,
            "at_2008_last_3y": null,
            "at_2009_last_3y": null,
            "at_2010_last_3y": 45.2,
            "at_2011_last_3y": -1.14,
            "at_2012_last_3y": -31.81,
            "at_2013_last_3y": 0,
            "at_2014_last_3y": -100,
            "at_2015_last_3y": null,
            "at_2016_last_3y": null,
            "at_2017_last_3y": null,
            "at_2018_last_3y": null,
            "at_2019_last_3y": null,
            "at_2020_last_3y": null,
            "at_2021_last_3y": null,
            "at_2022_last_3y": null,
            "at_2023_last_3y": null,
            "at_2006_last_all": null,
            "at_2007_last_all": null,
            "at_2008_last_all": 88.13,
            "at_2009_last_all": 26.94,
            "at_2010_last_all": 45.2,
            "at_2011_last_all": 16.16,
            "at_2012_last_all": 16.16,
            "at_2013_last_all": 16.16,
            "at_2014_last_all": 16.16,
            "at_2015_last_all": 16.16,
            "at_2016_last_all": 16.16,
            "at_2017_last_all": 16.16,
            "at_2018_last_all": 16.16,
            "at_2019_last_all": 16.16,
            "at_2020_last_all": 16.16,
            "at_2021_last_all": 16.16,
            "at_2022_last_all": 16.16,
            "at_2023_last_all": 16.16
        },
        "latest_eps": -16.34,
        "latest_price": 0.32,
        "latest_roe": -464.01,
        "latest_gross_margin": -154.62,
        "latest_equity": -2208459,
        "latest_revenue": 592390,
        "latest_gross_profit": -915926,
        "latest_net_income": -3879252,
        "latest_debt_ratio": 124.4,
        "latest_current_ratio": 29.37,
        "latest_account_receivable_turnover_ratio": 0.59,
        "latest_inventory_turnover_ratio": 1.93,
        "latest_reinvestment_rate": null,
        "latest_research_to_sale_ratio": 3.11
    },
    "eps_dividends": {
        "2001": {
            "cash": 0,
            "stock": 0,
            "eps": 0
        },
        "2002": {
            "cash": 0,
            "stock": 0,
            "eps": 0
        },
        "2003": {
            "cash": 0,
            "stock": 0,
            "eps": 0
        },
        "2004": {
            "cash": 0,
            "stock": 0,
            "eps": 0
        },
        "2005": {
            "cash": 0,
            "stock": 0,
            "eps": 0
        },
        "2006": {
            "cash": 0,
            "stock": 0,
            "eps": 4.03
        },
        "2007": {
            "cash": 3,
            "stock": 1,
            "eps": 7.47
        },
        "2008": {
            "cash": 5,
            "stock": 1,
            "eps": 14.26
        },
        "2009": {
            "cash": 4,
            "stock": 2,
            "eps": 0.65
        },
        "2010": {
            "cash": 1,
            "stock": 0,
            "eps": 8.42
        },
        "2011": {
            "cash": 2,
            "stock": 1,
            "eps": -8.25
        },
        "2012": {
            "cash": 0,
            "stock": 0,
            "eps": -11.59
        },
        "2013": {
            "cash": 0,
            "stock": 0,
            "eps": -7.35
        },
        "2014": {
            "cash": 0,
            "stock": 0,
            "eps": -5.54
        },
        "2015": {
            "cash": 0,
            "stock": 0,
            "eps": -3.78
        },
        "2016": {
            "cash": 0,
            "stock": 0,
            "eps": -2.13
        },
        "2017": {
            "cash": 0,
            "stock": 0,
            "eps": -1.5
        },
        "2018": {
            "cash": 0,
            "stock": 0,
            "eps": -16.32
        }
    },
    "dividends": {
        "2007-04-09": {
            "cash": 3,
            "stock": 0.75
        },
        "2008-02-25": {
            "cash": 4.56,
            "stock": 1
        },
        "2009-03-03": {
            "cash": 3.84,
            "stock": 1.54
        },
        "2010-03-17": {
            "cash": 0.9,
            "stock": 0.45
        },
        "2011-04-12": {
            "cash": 1.79,
            "stock": 1.2
        }
    },
    "prices": {
        "200101": "無",
        "200102": "無",
        "200103": "無",
        "200104": "無",
        "200105": "無",
        "200106": "無",
        "200107": "無",
        "200108": "無",
        "200109": "無",
        "200110": "無",
        "200111": "無",
        "200112": "無",
        "200201": "無",
        "200202": "無",
        "200203": "無",
        "200204": "無",
        "200205": "無",
        "200206": "無",
        "200207": "無",
        "200208": "無",
        "200209": "無",
        "200210": "無",
        "200211": "無",
        "200212": "無",
        "200301": "無",
        "200302": "無",
        "200303": "無",
        "200304": "無",
        "200305": "無",
        "200306": "無",
        "200307": "無",
        "200308": "無",
        "200309": "無",
        "200310": "無",
        "200311": "無",
        "200312": "無",
        "200401": "無",
        "200402": "無",
        "200403": "無",
        "200404": "無",
        "200405": "無",
        "200406": "無",
        "200407": "無",
        "200408": "無",
        "200409": "無",
        "200410": "無",
        "200411": "無",
        "200412": "無",
        "200501": "無",
        "200502": "無",
        "200503": "無",
        "200504": "無",
        "200505": "無",
        "200506": "無",
        "200507": "無",
        "200508": "無",
        "200509": "無",
        "200510": "無",
        "200511": "無",
        "200512": "無",
        "200601": "無",
        "200602": "無",
        "200603": "無",
        "200604": "無",
        "200605": "無",
        "200606": "無",
        "200607": "無",
        "200608": "272.42",
        "200609": "321.71",
        "200610": "230.81",
        "200611": "235.60",
        "200612": "250.47",
        "200701": "224.46",
        "200702": "196.10",
        "200703": "263.81",
        "200704": "291.52",
        "200705": "299.02",
        "200706": "287.92",
        "200707": "399.21",
        "200708": "355.94",
        "200709": "279.12",
        "200710": "298.36",
        "200711": "275.06",
        "200712": "206.46",
        "200801": "147.30",
        "200802": "149.57",
        "200803": "156.14",
        "200804": "204.05",
        "200805": "259.60",
        "200806": "223.02",
        "200807": "179.48",
        "200808": "178.98",
        "200809": "182.88",
        "200810": "137.07",
        "200811": "96.88",
        "200812": "83.94",
        "200901": "94.67",
        "200902": "97.52",
        "200903": "104.42",
        "200904": "113.66",
        "200905": "112.19",
        "200906": "108.98",
        "200907": "104.52",
        "200908": "86.03",
        "200909": "79.39",
        "200910": "77.19",
        "200911": "81.30",
        "200912": "84.74",
        "201001": "79.45",
        "201002": "72.99",
        "201003": "76.66",
        "201004": "78.60",
        "201005": "66.93",
        "201006": "66.92",
        "201007": "70.30",
        "201008": "79.70",
        "201009": "87.81",
        "201010": "86.20",
        "201011": "84.41",
        "201012": "85.10",
        "201101": "105.30",
        "201102": "134.21",
        "201103": "145.33",
        "201104": "123.74",
        "201105": "101.01",
        "201106": "94.69",
        "201107": "87.63",
        "201108": "67.67",
        "201109": "41.01",
        "201110": "34.40",
        "201111": "25.99",
        "201112": "30.86",
        "201201": "34.75",
        "201202": "42.07",
        "201203": "39.06",
        "201204": "32.06",
        "201205": "27.88",
        "201206": "24.58",
        "201207": "23.00",
        "201208": "19.56",
        "201209": "20.84",
        "201210": "17.66",
        "201211": "18.16",
        "201212": "24.10",
        "201301": "25.93",
        "201302": "26.02",
        "201303": "26.63",
        "201304": "24.15",
        "201305": "25.40",
        "201306": "22.43",
        "201307": "20.79",
        "201308": "18.55",
        "201309": "22.04",
        "201310": "25.05",
        "201311": "24.99",
        "201312": "26.61",
        "201401": "33.34",
        "201402": "29.31",
        "201403": "27.82",
        "201404": "26.11",
        "201405": "24.90",
        "201406": "27.86",
        "201407": "26.98",
        "201408": "24.27",
        "201409": "24.25",
        "201410": "21.08",
        "201411": "18.48",
        "201412": "18.72",
        "201501": "18.81",
        "201502": "18.79",
        "201503": "19.30",
        "201504": "20.57",
        "201505": "16.94",
        "201506": "14.55",
        "201507": "15.87",
        "201508": "12.16",
        "201509": "12.42",
        "201510": "15.00",
        "201511": "16.77",
        "201512": "22.94",
        "201601": "21.85",
        "201602": "23.02",
        "201603": "21.35",
        "201604": "19.06",
        "201605": "19.81",
        "201606": "21.39",
        "201607": "20.36",
        "201608": "18.55",
        "201609": "17.97",
        "201610": "18.31",
        "201611": "16.13",
        "201612": "16.13",
        "201701": "16.41",
        "201702": "18.06",
        "201703": "17.60",
        "201704": "16.21",
        "201705": "15.30",
        "201706": "15.06",
        "201707": "14.08",
        "201708": "13.79",
        "201709": "17.39",
        "201710": "18.72",
        "201711": "19.22",
        "201712": "17.88",
        "201801": "17.86",
        "201802": "15.54",
        "201803": "15.38",
        "201804": "15.66",
        "201805": "15.36",
        "201806": "13.49",
        "201807": "11.75",
        "201808": "11.90",
        "201809": "11.42",
        "201810": "10.28",
        "201811": "8.76",
        "201812": "4.66",
        "201901": "3.76",
        "201902": "4.61",
        "201903": "3.66",
        "201904": "0.81",
        "201905": "無",
        "201906": "無",
        "201907": "無",
        "201908": "無",
        "201909": "無",
        "201910": "無",
        "201911": "無",
        "201912": "無",
        "202001": "無",
        "202002": "無",
        "202003": "無",
        "202004": "無",
        "202005": "無",
        "202006": "無",
        "202007": "無",
        "202008": "無",
        "202009": "無",
        "202010": "無",
        "202011": "無",
        "202012": "無",
        "202101": "無",
        "202102": "無",
        "202103": "無",
        "202104": "無",
        "202105": "無",
        "202106": "無",
        "202107": "無",
        "202108": "無",
        "202109": "無",
        "202110": "無",
        "202111": "無",
        "202112": "無",
        "202201": "無",
        "202202": "無",
        "202203": "無",
        "202204": "無",
        "202205": "無",
        "202206": "無",
        "202207": "無",
        "202208": "無",
        "202209": "無",
        "202210": "無",
        "202211": "無",
        "202212": "無",
        "202301": "無",
        "202302": "無",
        "202303": "無",
        "202304": "無",
        "202305": "無"
    },
    "quarters": {
        "20011": {
            "year_quarter": 20011,
            "year": 2001,
            "quarter": 1,
            "eps": null,
            "eps_growth_year": null,
            "eps_4q": null,
            "eps_4q_growth_year": null,
            "roe": null,
            "gross_profit": null,
            "gross_margin": null,
            "net_income": null,
            "revenue": null,
            "common_shares": null,
            "equity": null,
            "current_ratio": null,
            "debt_ratio": null,
            "inventory_turnover_ratio": null,
            "account_receivable_turnover_ratio": null,
            "reinvestment_rate": null,
            "research_to_sale_ratio": null,
            "price_fair": 0,
            "eps_avg_yearly": 0,
            "eps_latest_yearly": 0,
            "eps_growth_yearly": 0
        },
        "20012": {
            "year_quarter": 20012,
            "year": 2001,
            "quarter": 2,
            "eps": null,
            "eps_growth_year": null,
            "eps_4q": null,
            "eps_4q_growth_year": null,
            "roe": null,
            "gross_profit": null,
            "gross_margin": null,
            "net_income": null,
            "revenue": null,
            "common_shares": null,
            "equity": null,
            "current_ratio": null,
            "debt_ratio": null,
            "inventory_turnover_ratio": null,
            "account_receivable_turnover_ratio": null,
            "reinvestment_rate": null,
            "research_to_sale_ratio": null,
            "price_fair": 0,
            "eps_avg_yearly": 0,
            "eps_latest_yearly": 0,
            "eps_growth_yearly": 0
        },
        "20013": {
            "year_quarter": 20013,
            "year": 2001,
            "quarter": 3,
            "eps": null,
            "eps_growth_year": null,
            "eps_4q": null,
            "eps_4q_growth_year": null,
            "roe": null,
            "gross_profit": null,
            "gross_margin": null,
            "net_income": null,
            "revenue": null,
            "common_shares": null,
            "equity": null,
            "current_ratio": null,
            "debt_ratio": null,
            "inventory_turnover_ratio": null,
            "account_receivable_turnover_ratio": null,
            "reinvestment_rate": null,
            "research_to_sale_ratio": null,
            "price_fair": 0,
            "eps_avg_yearly": 0,
            "eps_latest_yearly": 0,
            "eps_growth_yearly": 0
        },
        "20014": {
            "year_quarter": 20014,
            "year": 2001,
            "quarter": 4,
            "eps": null,
            "eps_growth_year": null,
            "eps_4q": null,
            "eps_4q_growth_year": null,
            "roe": null,
            "gross_profit": null,
            "gross_margin": null,
            "net_income": null,
            "revenue": null,
            "common_shares": null,
            "equity": null,
            "current_ratio": null,
            "debt_ratio": null,
            "inventory_turnover_ratio": null,
            "account_receivable_turnover_ratio": null,
            "reinvestment_rate": null,
            "research_to_sale_ratio": null,
            "price_fair": 0,
            "eps_avg_yearly": 0,
            "eps_latest_yearly": 0,
            "eps_growth_yearly": 0
        },
        "20021": {
            "year_quarter": 20021,
            "year": 2002,
            "quarter": 1,
            "eps": null,
            "eps_growth_year": null,
            "eps_4q": null,
            "eps_4q_growth_year": null,
            "roe": null,
            "gross_profit": null,
            "gross_margin": null,
            "net_income": null,
            "revenue": null,
            "common_shares": null,
            "equity": null,
            "current_ratio": null,
            "debt_ratio": null,
            "inventory_turnover_ratio": null,
            "account_receivable_turnover_ratio": null,
            "reinvestment_rate": null,
            "research_to_sale_ratio": null,
            "price_fair": 0,
            "eps_avg_yearly": 0,
            "eps_latest_yearly": 0,
            "eps_growth_yearly": 0
        },
        "20022": {
            "year_quarter": 20022,
            "year": 2002,
            "quarter": 2,
            "eps": null,
            "eps_growth_year": null,
            "eps_4q": null,
            "eps_4q_growth_year": null,
            "roe": null,
            "gross_profit": null,
            "gross_margin": null,
            "net_income": null,
            "revenue": null,
            "common_shares": null,
            "equity": null,
            "current_ratio": null,
            "debt_ratio": null,
            "inventory_turnover_ratio": null,
            "account_receivable_turnover_ratio": null,
            "reinvestment_rate": null,
            "research_to_sale_ratio": null,
            "price_fair": 0,
            "eps_avg_yearly": 0,
            "eps_latest_yearly": 0,
            "eps_growth_yearly": 0
        },
        "20023": {
            "year_quarter": 20023,
            "year": 2002,
            "quarter": 3,
            "eps": null,
            "eps_growth_year": null,
            "eps_4q": null,
            "eps_4q_growth_year": null,
            "roe": null,
            "gross_profit": null,
            "gross_margin": null,
            "net_income": null,
            "revenue": null,
            "common_shares": null,
            "equity": null,
            "current_ratio": null,
            "debt_ratio": null,
            "inventory_turnover_ratio": null,
            "account_receivable_turnover_ratio": null,
            "reinvestment_rate": null,
            "research_to_sale_ratio": null,
            "price_fair": 0,
            "eps_avg_yearly": 0,
            "eps_latest_yearly": 0,
            "eps_growth_yearly": 0
        },
        "20024": {
            "year_quarter": 20024,
            "year": 2002,
            "quarter": 4,
            "eps": null,
            "eps_growth_year": null,
            "eps_4q": null,
            "eps_4q_growth_year": null,
            "roe": null,
            "gross_profit": null,
            "gross_margin": null,
            "net_income": null,
            "revenue": null,
            "common_shares": null,
            "equity": null,
            "current_ratio": null,
            "debt_ratio": null,
            "inventory_turnover_ratio": null,
            "account_receivable_turnover_ratio": null,
            "reinvestment_rate": null,
            "research_to_sale_ratio": null,
            "price_fair": 0,
            "eps_avg_yearly": 0,
            "eps_latest_yearly": 0,
            "eps_growth_yearly": 0
        },
        "20031": {
            "year_quarter": 20031,
            "year": 2003,
            "quarter": 1,
            "eps": null,
            "eps_growth_year": null,
            "eps_4q": null,
            "eps_4q_growth_year": null,
            "roe": null,
            "gross_profit": null,
            "gross_margin": null,
            "net_income": null,
            "revenue": null,
            "common_shares": null,
            "equity": null,
            "current_ratio": null,
            "debt_ratio": null,
            "inventory_turnover_ratio": null,
            "account_receivable_turnover_ratio": null,
            "reinvestment_rate": null,
            "research_to_sale_ratio": null,
            "price_fair": 0,
            "eps_avg_yearly": 0,
            "eps_latest_yearly": 0,
            "eps_growth_yearly": 0
        },
        "20032": {
            "year_quarter": 20032,
            "year": 2003,
            "quarter": 2,
            "eps": null,
            "eps_growth_year": null,
            "eps_4q": null,
            "eps_4q_growth_year": null,
            "roe": null,
            "gross_profit": null,
            "gross_margin": null,
            "net_income": null,
            "revenue": null,
            "common_shares": null,
            "equity": null,
            "current_ratio": null,
            "debt_ratio": null,
            "inventory_turnover_ratio": null,
            "account_receivable_turnover_ratio": null,
            "reinvestment_rate": null,
            "research_to_sale_ratio": null,
            "price_fair": 0,
            "eps_avg_yearly": 0,
            "eps_latest_yearly": 0,
            "eps_growth_yearly": 0
        },
        "20033": {
            "year_quarter": 20033,
            "year": 2003,
            "quarter": 3,
            "eps": null,
            "eps_growth_year": null,
            "eps_4q": null,
            "eps_4q_growth_year": null,
            "roe": null,
            "gross_profit": null,
            "gross_margin": null,
            "net_income": null,
            "revenue": null,
            "common_shares": null,
            "equity": null,
            "current_ratio": null,
            "debt_ratio": null,
            "inventory_turnover_ratio": null,
            "account_receivable_turnover_ratio": null,
            "reinvestment_rate": null,
            "research_to_sale_ratio": null,
            "price_fair": 0,
            "eps_avg_yearly": 0,
            "eps_latest_yearly": 0,
            "eps_growth_yearly": 0
        },
        "20034": {
            "year_quarter": 20034,
            "year": 2003,
            "quarter": 4,
            "eps": null,
            "eps_growth_year": null,
            "eps_4q": null,
            "eps_4q_growth_year": null,
            "roe": null,
            "gross_profit": null,
            "gross_margin": null,
            "net_income": null,
            "revenue": null,
            "common_shares": null,
            "equity": null,
            "current_ratio": null,
            "debt_ratio": null,
            "inventory_turnover_ratio": null,
            "account_receivable_turnover_ratio": null,
            "reinvestment_rate": null,
            "research_to_sale_ratio": null,
            "price_fair": 0,
            "eps_avg_yearly": 0,
            "eps_latest_yearly": 0,
            "eps_growth_yearly": 0
        },
        "20041": {
            "year_quarter": 20041,
            "year": 2004,
            "quarter": 1,
            "eps": null,
            "eps_growth_year": null,
            "eps_4q": null,
            "eps_4q_growth_year": null,
            "roe": null,
            "gross_profit": null,
            "gross_margin": null,
            "net_income": null,
            "revenue": null,
            "common_shares": null,
            "equity": null,
            "current_ratio": null,
            "debt_ratio": null,
            "inventory_turnover_ratio": null,
            "account_receivable_turnover_ratio": null,
            "reinvestment_rate": null,
            "research_to_sale_ratio": null,
            "price_fair": 0,
            "eps_avg_yearly": 0,
            "eps_latest_yearly": 0,
            "eps_growth_yearly": 0
        },
        "20042": {
            "year_quarter": 20042,
            "year": 2004,
            "quarter": 2,
            "eps": null,
            "eps_growth_year": null,
            "eps_4q": null,
            "eps_4q_growth_year": null,
            "roe": null,
            "gross_profit": null,
            "gross_margin": null,
            "net_income": null,
            "revenue": null,
            "common_shares": null,
            "equity": null,
            "current_ratio": null,
            "debt_ratio": null,
            "inventory_turnover_ratio": null,
            "account_receivable_turnover_ratio": null,
            "reinvestment_rate": null,
            "research_to_sale_ratio": null,
            "price_fair": 0,
            "eps_avg_yearly": 0,
            "eps_latest_yearly": 0,
            "eps_growth_yearly": 0
        },
        "20043": {
            "year_quarter": 20043,
            "year": 2004,
            "quarter": 3,
            "eps": null,
            "eps_growth_year": null,
            "eps_4q": null,
            "eps_4q_growth_year": null,
            "roe": null,
            "gross_profit": null,
            "gross_margin": null,
            "net_income": null,
            "revenue": null,
            "common_shares": null,
            "equity": null,
            "current_ratio": null,
            "debt_ratio": null,
            "inventory_turnover_ratio": null,
            "account_receivable_turnover_ratio": null,
            "reinvestment_rate": null,
            "research_to_sale_ratio": null,
            "price_fair": 0,
            "eps_avg_yearly": 0,
            "eps_latest_yearly": 0,
            "eps_growth_yearly": 0
        },
        "20044": {
            "year_quarter": 20044,
            "year": 2004,
            "quarter": 4,
            "eps": null,
            "eps_growth_year": null,
            "eps_4q": null,
            "eps_4q_growth_year": null,
            "roe": null,
            "gross_profit": null,
            "gross_margin": null,
            "net_income": null,
            "revenue": null,
            "common_shares": 250000,
            "equity": 245965,
            "current_ratio": 414.73,
            "debt_ratio": 9.08,
            "inventory_turnover_ratio": null,
            "account_receivable_turnover_ratio": null,
            "reinvestment_rate": null,
            "research_to_sale_ratio": null,
            "price_fair": 0,
            "eps_avg_yearly": 0,
            "eps_latest_yearly": 0,
            "eps_growth_yearly": 0
        },
        "20051": {
            "year_quarter": 20051,
            "year": 2005,
            "quarter": 1,
            "eps": null,
            "eps_growth_year": null,
            "eps_4q": null,
            "eps_4q_growth_year": null,
            "roe": null,
            "gross_profit": null,
            "gross_margin": null,
            "net_income": null,
            "revenue": null,
            "common_shares": null,
            "equity": null,
            "current_ratio": null,
            "debt_ratio": null,
            "inventory_turnover_ratio": null,
            "account_receivable_turnover_ratio": null,
            "reinvestment_rate": null,
            "research_to_sale_ratio": null,
            "price_fair": 0,
            "eps_avg_yearly": 0,
            "eps_latest_yearly": 0,
            "eps_growth_yearly": 0
        },
        "20052": {
            "year_quarter": 20052,
            "year": 2005,
            "quarter": 2,
            "eps": null,
            "eps_growth_year": null,
            "eps_4q": null,
            "eps_4q_growth_year": null,
            "roe": null,
            "gross_profit": null,
            "gross_margin": null,
            "net_income": null,
            "revenue": null,
            "common_shares": null,
            "equity": null,
            "current_ratio": null,
            "debt_ratio": null,
            "inventory_turnover_ratio": null,
            "account_receivable_turnover_ratio": null,
            "reinvestment_rate": null,
            "research_to_sale_ratio": null,
            "price_fair": 0,
            "eps_avg_yearly": 0,
            "eps_latest_yearly": 0,
            "eps_growth_yearly": 0
        },
        "20053": {
            "year_quarter": 20053,
            "year": 2005,
            "quarter": 3,
            "eps": null,
            "eps_growth_year": null,
            "eps_4q": null,
            "eps_4q_growth_year": null,
            "roe": null,
            "gross_profit": null,
            "gross_margin": null,
            "net_income": null,
            "revenue": null,
            "common_shares": null,
            "equity": null,
            "current_ratio": null,
            "debt_ratio": null,
            "inventory_turnover_ratio": null,
            "account_receivable_turnover_ratio": null,
            "reinvestment_rate": null,
            "research_to_sale_ratio": null,
            "price_fair": 0,
            "eps_avg_yearly": 0,
            "eps_latest_yearly": 0,
            "eps_growth_yearly": 0
        },
        "20054": {
            "year_quarter": 20054,
            "year": 2005,
            "quarter": 4,
            "eps": null,
            "eps_growth_year": null,
            "eps_4q": null,
            "eps_4q_growth_year": null,
            "roe": null,
            "gross_profit": null,
            "gross_margin": null,
            "net_income": null,
            "revenue": null,
            "common_shares": 750000,
            "equity": 685831,
            "current_ratio": 110.78,
            "debt_ratio": 45.06,
            "inventory_turnover_ratio": null,
            "account_receivable_turnover_ratio": null,
            "reinvestment_rate": null,
            "research_to_sale_ratio": null,
            "price_fair": 0,
            "eps_avg_yearly": 0,
            "eps_latest_yearly": 0,
            "eps_growth_yearly": 0
        },
        "20061": {
            "year_quarter": 20061,
            "year": 2006,
            "quarter": 1,
            "eps": null,
            "eps_growth_year": null,
            "eps_4q": null,
            "eps_4q_growth_year": null,
            "roe": null,
            "gross_profit": null,
            "gross_margin": null,
            "net_income": null,
            "revenue": null,
            "common_shares": null,
            "equity": null,
            "current_ratio": null,
            "debt_ratio": null,
            "inventory_turnover_ratio": null,
            "account_receivable_turnover_ratio": null,
            "reinvestment_rate": null,
            "research_to_sale_ratio": null,
            "price_fair": 0,
            "eps_avg_yearly": 0,
            "eps_latest_yearly": 0,
            "eps_growth_yearly": 0
        },
        "20062": {
            "year_quarter": 20062,
            "year": 2006,
            "quarter": 2,
            "eps": null,
            "eps_growth_year": null,
            "eps_4q": null,
            "eps_4q_growth_year": null,
            "roe": null,
            "gross_profit": null,
            "gross_margin": null,
            "net_income": null,
            "revenue": null,
            "common_shares": null,
            "equity": null,
            "current_ratio": null,
            "debt_ratio": null,
            "inventory_turnover_ratio": null,
            "account_receivable_turnover_ratio": null,
            "reinvestment_rate": null,
            "research_to_sale_ratio": null,
            "price_fair": 0,
            "eps_avg_yearly": 0,
            "eps_latest_yearly": 0,
            "eps_growth_yearly": 0
        },
        "20063": {
            "year_quarter": 20063,
            "year": 2006,
            "quarter": 3,
            "eps": 2.02,
            "eps_growth_year": null,
            "eps_4q": null,
            "eps_4q_growth_year": null,
            "roe": 14.07,
            "gross_profit": 232244,
            "gross_margin": 40.47,
            "net_income": 151582,
            "revenue": 573797,
            "common_shares": 750000,
            "equity": 1077273,
            "current_ratio": 151.54,
            "debt_ratio": 57.07,
            "inventory_turnover_ratio": 0.34,
            "account_receivable_turnover_ratio": null,
            "reinvestment_rate": null,
            "research_to_sale_ratio": null,
            "price_fair": 0,
            "eps_avg_yearly": 0,
            "eps_latest_yearly": 0,
            "eps_growth_yearly": 0
        },
        "20064": {
            "year_quarter": 20064,
            "year": 2006,
            "quarter": 4,
            "eps": 2.01,
            "eps_growth_year": null,
            "eps_4q": null,
            "eps_4q_growth_year": null,
            "roe": 13.08,
            "gross_profit": 281769,
            "gross_margin": 37.41,
            "net_income": 150702,
            "revenue": 753214,
            "common_shares": 750000,
            "equity": 1227811,
            "current_ratio": 140.22,
            "debt_ratio": 61.09,
            "inventory_turnover_ratio": 0.42,
            "account_receivable_turnover_ratio": null,
            "reinvestment_rate": null,
            "research_to_sale_ratio": null,
            "price_fair": 24.12,
            "eps_avg_yearly": 8.04,
            "eps_latest_yearly": 8.04,
            "eps_growth_yearly": -1.98
        },
        "20071": {
            "year_quarter": 20071,
            "year": 2007,
            "quarter": 1,
            "eps": -0.07,
            "eps_growth_year": null,
            "eps_4q": null,
            "eps_4q_growth_year": null,
            "roe": -0.44,
            "gross_profit": 36061,
            "gross_margin": 5.29,
            "net_income": -5444,
            "revenue": 681237,
            "common_shares": 750000,
            "equity": 1222964,
            "current_ratio": 105.92,
            "debt_ratio": 67.36,
            "inventory_turnover_ratio": 0.58,
            "account_receivable_turnover_ratio": null,
            "reinvestment_rate": null,
            "research_to_sale_ratio": null,
            "price_fair": 24.12,
            "eps_avg_yearly": 8.04,
            "eps_latest_yearly": 8.04,
            "eps_growth_yearly": -1.98
        },
        "20072": {
            "year_quarter": 20072,
            "year": 2007,
            "quarter": 2,
            "eps": 1.42,
            "eps_growth_year": null,
            "eps_4q": 5.07,
            "eps_4q_growth_year": null,
            "roe": 6.65,
            "gross_profit": 170281,
            "gross_margin": 17.2,
            "net_income": 115482,
            "revenue": 989920,
            "common_shares": 864000,
            "equity": 2247786,
            "current_ratio": 131.12,
            "debt_ratio": 63.63,
            "inventory_turnover_ratio": 0.6,
            "account_receivable_turnover_ratio": null,
            "reinvestment_rate": null,
            "research_to_sale_ratio": null,
            "price_fair": 24.12,
            "eps_avg_yearly": 8.04,
            "eps_latest_yearly": 8.04,
            "eps_growth_yearly": -1.98
        },
        "20073": {
            "year_quarter": 20073,
            "year": 2007,
            "quarter": 3,
            "eps": 2.81,
            "eps_growth_year": 39.11,
            "eps_4q": 5.94,
            "eps_4q_growth_year": null,
            "roe": 9.88,
            "gross_profit": 362414,
            "gross_margin": 22.66,
            "net_income": 233728,
            "revenue": 1599637,
            "common_shares": 864000,
            "equity": 2481691,
            "current_ratio": 110.49,
            "debt_ratio": 61.43,
            "inventory_turnover_ratio": 0.68,
            "account_receivable_turnover_ratio": null,
            "reinvestment_rate": null,
            "research_to_sale_ratio": null,
            "price_fair": 337.4,
            "eps_avg_yearly": 9.64,
            "eps_latest_yearly": 11.24,
            "eps_growth_yearly": 194.78
        },
        "20074": {
            "year_quarter": 20074,
            "year": 2007,
            "quarter": 4,
            "eps": 3.31,
            "eps_growth_year": 64.68,
            "eps_4q": 7.4,
            "eps_4q_growth_year": null,
            "roe": 10.61,
            "gross_profit": 379281,
            "gross_margin": 21.41,
            "net_income": 278036,
            "revenue": 1771211,
            "common_shares": 864000,
            "equity": 2759003,
            "current_ratio": 102.37,
            "debt_ratio": 59.79,
            "inventory_turnover_ratio": 0.75,
            "account_receivable_turnover_ratio": null,
            "reinvestment_rate": null,
            "research_to_sale_ratio": null,
            "price_fair": 379.4,
            "eps_avg_yearly": 10.84,
            "eps_latest_yearly": 13.24,
            "eps_growth_yearly": 153.58
        },
        "20081": {
            "year_quarter": 20081,
            "year": 2008,
            "quarter": 1,
            "eps": 2.9,
            "eps_growth_year": null,
            "eps_4q": 9.59,
            "eps_4q_growth_year": null,
            "roe": 7.46,
            "gross_profit": 487455,
            "gross_margin": 24.95,
            "net_income": 271712,
            "revenue": 1953539,
            "common_shares": 965200,
            "equity": 4523707,
            "current_ratio": 164.14,
            "debt_ratio": 48.53,
            "inventory_turnover_ratio": 0.91,
            "account_receivable_turnover_ratio": null,
            "reinvestment_rate": null,
            "research_to_sale_ratio": null,
            "price_fair": 386.05,
            "eps_avg_yearly": 11.03,
            "eps_latest_yearly": 11.6,
            "eps_growth_yearly": 102.8
        },
        "20082": {
            "year_quarter": 20082,
            "year": 2008,
            "quarter": 2,
            "eps": 4.21,
            "eps_growth_year": 196.48,
            "eps_4q": 11.66,
            "eps_4q_growth_year": 130.01,
            "roe": 9.81,
            "gross_profit": 702235,
            "gross_margin": 30.49,
            "net_income": 442654,
            "revenue": 2303345,
            "common_shares": 965200,
            "equity": 4501362,
            "current_ratio": 173.86,
            "debt_ratio": 53.78,
            "inventory_turnover_ratio": 1.07,
            "account_receivable_turnover_ratio": null,
            "reinvestment_rate": null,
            "research_to_sale_ratio": null,
            "price_fair": 426.72,
            "eps_avg_yearly": 12.19,
            "eps_latest_yearly": 16.84,
            "eps_growth_yearly": 118.38
        },
        "20083": {
            "year_quarter": 20083,
            "year": 2008,
            "quarter": 3,
            "eps": 4.22,
            "eps_growth_year": 50.18,
            "eps_4q": 13.64,
            "eps_4q_growth_year": 129.4,
            "roe": 9.38,
            "gross_profit": 503031,
            "gross_margin": 20.37,
            "net_income": 444711,
            "revenue": 2469652,
            "common_shares": 1072000,
            "equity": 4977699,
            "current_ratio": 156.51,
            "debt_ratio": 55.74,
            "inventory_turnover_ratio": 1.3,
            "account_receivable_turnover_ratio": null,
            "reinvestment_rate": null,
            "research_to_sale_ratio": null,
            "price_fair": 454.07,
            "eps_avg_yearly": 12.97,
            "eps_latest_yearly": 16.88,
            "eps_growth_yearly": 98.81
        },
        "20084": {
            "year_quarter": 20084,
            "year": 2008,
            "quarter": 4,
            "eps": 2.93,
            "eps_growth_year": -11.48,
            "eps_4q": 13.92,
            "eps_4q_growth_year": 88.06,
            "roe": 5.83,
            "gross_profit": 406843,
            "gross_margin": 19.73,
            "net_income": 308974,
            "revenue": 2062457,
            "common_shares": 1072000,
            "equity": 5629295,
            "current_ratio": 209.84,
            "debt_ratio": 57.84,
            "inventory_turnover_ratio": 0.85,
            "account_receivable_turnover_ratio": 6.01,
            "reinvestment_rate": null,
            "research_to_sale_ratio": null,
            "price_fair": 447.8,
            "eps_avg_yearly": 12.79,
            "eps_latest_yearly": 11.72,
            "eps_growth_yearly": 67.22
        },
        "20091": {
            "year_quarter": 20091,
            "year": 2009,
            "quarter": 1,
            "eps": 0.59,
            "eps_growth_year": -79.66,
            "eps_4q": 12.21,
            "eps_4q_growth_year": 27.31,
            "roe": 1.08,
            "gross_profit": 125350,
            "gross_margin": 7.6,
            "net_income": 60804,
            "revenue": 1648760,
            "common_shares": 1072000,
            "equity": 5659652,
            "current_ratio": 135.05,
            "debt_ratio": 64.05,
            "inventory_turnover_ratio": 0.55,
            "account_receivable_turnover_ratio": 2.29,
            "reinvestment_rate": null,
            "research_to_sale_ratio": null,
            "price_fair": 331.93,
            "eps_avg_yearly": 11.49,
            "eps_latest_yearly": 2.36,
            "eps_growth_yearly": 18.89
        },
        "20092": {
            "year_quarter": 20092,
            "year": 2009,
            "quarter": 2,
            "eps": -1.52,
            "eps_growth_year": -136.1,
            "eps_4q": 6.11,
            "eps_4q_growth_year": -47.62,
            "roe": -3.06,
            "gross_profit": -221169,
            "gross_margin": -12.2,
            "net_income": -163237,
            "revenue": 1812315,
            "common_shares": 1072000,
            "equity": 5015841,
            "current_ratio": 108.45,
            "debt_ratio": 68.61,
            "inventory_turnover_ratio": 0.65,
            "account_receivable_turnover_ratio": 2.57,
            "reinvestment_rate": null,
            "research_to_sale_ratio": null,
            "price_fair": 331.93,
            "eps_avg_yearly": 11.49,
            "eps_latest_yearly": 2.36,
            "eps_growth_yearly": 18.89
        },
        "20093": {
            "year_quarter": 20093,
            "year": 2009,
            "quarter": 3,
            "eps": 0.82,
            "eps_growth_year": -80.57,
            "eps_4q": 2.48,
            "eps_4q_growth_year": -81.83,
            "roe": 1.64,
            "gross_profit": 230045,
            "gross_margin": 8.81,
            "net_income": 104950,
            "revenue": 2612070,
            "common_shares": 1611114,
            "equity": 7771620,
            "current_ratio": 145.01,
            "debt_ratio": 58.32,
            "inventory_turnover_ratio": 0.8,
            "account_receivable_turnover_ratio": 4.12,
            "reinvestment_rate": null,
            "research_to_sale_ratio": null,
            "price_fair": 331.93,
            "eps_avg_yearly": 11.49,
            "eps_latest_yearly": 2.36,
            "eps_growth_yearly": 18.89
        },
        "20094": {
            "year_quarter": 20094,
            "year": 2009,
            "quarter": 4,
            "eps": 0.76,
            "eps_growth_year": -74.06,
            "eps_4q": 0.72,
            "eps_4q_growth_year": -94.82,
            "roe": 1.33,
            "gross_profit": 208755,
            "gross_margin": 7.39,
            "net_income": 103686,
            "revenue": 2824621,
            "common_shares": 1611114,
            "equity": 7854916,
            "current_ratio": 115.06,
            "debt_ratio": 52.39,
            "inventory_turnover_ratio": 1.08,
            "account_receivable_turnover_ratio": 12.86,
            "reinvestment_rate": null,
            "research_to_sale_ratio": null,
            "price_fair": 248.35,
            "eps_avg_yearly": 10.55,
            "eps_latest_yearly": 3.04,
            "eps_growth_yearly": 13.54
        },
        "20101": {
            "year_quarter": 20101,
            "year": 2010,
            "quarter": 1,
            "eps": 1.62,
            "eps_growth_year": 174.58,
            "eps_4q": 1.74,
            "eps_4q_growth_year": -85.79,
            "roe": 2.74,
            "gross_profit": 306734,
            "gross_margin": 9.3,
            "net_income": 217835,
            "revenue": 3296750,
            "common_shares": 1611114,
            "equity": 8066197,
            "current_ratio": 96.92,
            "debt_ratio": 57.69,
            "inventory_turnover_ratio": 1.43,
            "account_receivable_turnover_ratio": 4.42,
            "reinvestment_rate": null,
            "research_to_sale_ratio": 0.6,
            "price_fair": 355.04,
            "eps_avg_yearly": 10.14,
            "eps_latest_yearly": 6.48,
            "eps_growth_yearly": 57.45
        },
        "20102": {
            "year_quarter": 20102,
            "year": 2010,
            "quarter": 2,
            "eps": 2.2,
            "eps_growth_year": null,
            "eps_4q": 4.56,
            "eps_4q_growth_year": -25.35,
            "roe": 4.77,
            "gross_profit": 446734,
            "gross_margin": 11.98,
            "net_income": 423177,
            "revenue": 3727790,
            "common_shares": 1790814,
            "equity": 9661749,
            "current_ratio": 147.59,
            "debt_ratio": 52.96,
            "inventory_turnover_ratio": 1.51,
            "account_receivable_turnover_ratio": 2.92,
            "reinvestment_rate": 342.61,
            "research_to_sale_ratio": 0.61,
            "price_fair": 350.76,
            "eps_avg_yearly": 10.02,
            "eps_latest_yearly": 8.8,
            "eps_growth_yearly": 65.24
        },
        "20103": {
            "year_quarter": 20103,
            "year": 2010,
            "quarter": 3,
            "eps": 0.81,
            "eps_growth_year": -0.96,
            "eps_4q": 4.13,
            "eps_4q_growth_year": 66.73,
            "roe": 1.8,
            "gross_profit": 844290,
            "gross_margin": 16.25,
            "net_income": 200040,
            "revenue": 5196235,
            "common_shares": 2242730,
            "equity": 12543320,
            "current_ratio": 151.42,
            "debt_ratio": 51.11,
            "inventory_turnover_ratio": 2.04,
            "account_receivable_turnover_ratio": 3.05,
            "reinvestment_rate": 378.29,
            "research_to_sale_ratio": 0.4,
            "price_fair": 330.98,
            "eps_avg_yearly": 9.46,
            "eps_latest_yearly": 3.24,
            "eps_growth_yearly": 38.75
        },
        "20104": {
            "year_quarter": 20104,
            "year": 2010,
            "quarter": 4,
            "eps": 3.79,
            "eps_growth_year": 398.16,
            "eps_4q": 7.44,
            "eps_4q_growth_year": 930.56,
            "roe": 6.81,
            "gross_profit": 1255051,
            "gross_margin": 25.28,
            "net_income": 879018,
            "revenue": 4964395,
            "common_shares": 2242730,
            "equity": 13284280,
            "current_ratio": 126.5,
            "debt_ratio": 49.68,
            "inventory_turnover_ratio": 1.92,
            "account_receivable_turnover_ratio": 2.61,
            "reinvestment_rate": 319.88,
            "research_to_sale_ratio": 0.68,
            "price_fair": 351.75,
            "eps_avg_yearly": 10.05,
            "eps_latest_yearly": 15.16,
            "eps_growth_yearly": 161.54
        },
        "20111": {
            "year_quarter": 20111,
            "year": 2011,
            "quarter": 1,
            "eps": 2.67,
            "eps_growth_year": 64.81,
            "eps_4q": 8.4,
            "eps_4q_growth_year": 383.62,
            "roe": 4.19,
            "gross_profit": 1506113,
            "gross_margin": 23.28,
            "net_income": 616482,
            "revenue": 6470003,
            "common_shares": 2418732,
            "equity": 16110809,
            "current_ratio": 102.54,
            "debt_ratio": 49.13,
            "inventory_turnover_ratio": 2.23,
            "account_receivable_turnover_ratio": 2.98,
            "reinvestment_rate": 310.74,
            "research_to_sale_ratio": 0.41,
            "price_fair": 353.45,
            "eps_avg_yearly": 10.1,
            "eps_latest_yearly": 10.68,
            "eps_growth_yearly": 140.03
        },
        "20112": {
            "year_quarter": 20112,
            "year": 2011,
            "quarter": 2,
            "eps": -1.08,
            "eps_growth_year": -149.35,
            "eps_4q": 4.9,
            "eps_4q_growth_year": 7.4,
            "roe": -1.75,
            "gross_profit": 9232,
            "gross_margin": 0.18,
            "net_income": -275663,
            "revenue": 5138018,
            "common_shares": 2422001,
            "equity": 15452761,
            "current_ratio": 124.51,
            "debt_ratio": 53.06,
            "inventory_turnover_ratio": 1.94,
            "account_receivable_turnover_ratio": 2,
            "reinvestment_rate": 418.97,
            "research_to_sale_ratio": 1.52,
            "price_fair": 353.45,
            "eps_avg_yearly": 10.1,
            "eps_latest_yearly": 10.68,
            "eps_growth_yearly": 140.03
        },
        "20113": {
            "year_quarter": 20113,
            "year": 2011,
            "quarter": 3,
            "eps": -3.08,
            "eps_growth_year": -479.43,
            "eps_4q": 1.14,
            "eps_4q_growth_year": -72.44,
            "roe": -5.28,
            "gross_profit": -497847,
            "gross_margin": -12.18,
            "net_income": -802267,
            "revenue": 4086370,
            "common_shares": 2718513,
            "equity": 14942589,
            "current_ratio": 106.68,
            "debt_ratio": 57.3,
            "inventory_turnover_ratio": 1.58,
            "account_receivable_turnover_ratio": 1.57,
            "reinvestment_rate": 591.97,
            "research_to_sale_ratio": 0.73,
            "price_fair": 350.12,
            "eps_avg_yearly": 10,
            "eps_latest_yearly": 10.68,
            "eps_growth_yearly": 119.07
        },
        "20114": {
            "year_quarter": 20114,
            "year": 2011,
            "quarter": 4,
            "eps": -6.76,
            "eps_growth_year": -278.43,
            "eps_4q": -8.72,
            "eps_4q_growth_year": -217.28,
            "roe": -13.33,
            "gross_profit": -1770231,
            "gross_margin": -73.38,
            "net_income": -1864253,
            "revenue": 2412357,
            "common_shares": 2718513,
            "equity": 13027434,
            "current_ratio": 87.63,
            "debt_ratio": 58.11,
            "inventory_turnover_ratio": 1.76,
            "account_receivable_turnover_ratio": 1.08,
            "reinvestment_rate": 1685.25,
            "research_to_sale_ratio": 2.1,
            "price_fair": 339.82,
            "eps_avg_yearly": 9.71,
            "eps_latest_yearly": 10.68,
            "eps_growth_yearly": 123.42
        },
        "20121": {
            "year_quarter": 20121,
            "year": 2012,
            "quarter": 1,
            "eps": -3.13,
            "eps_growth_year": -217.23,
            "eps_4q": -14.05,
            "eps_4q_growth_year": -267.3,
            "roe": -6.79,
            "gross_profit": -714032,
            "gross_margin": -25.4,
            "net_income": -854299,
            "revenue": 2811153,
            "common_shares": 2718513,
            "equity": 12138796,
            "current_ratio": 78.03,
            "debt_ratio": 59.03,
            "inventory_turnover_ratio": 2.07,
            "account_receivable_turnover_ratio": 1.31,
            "reinvestment_rate": null,
            "research_to_sale_ratio": 2.47,
            "price_fair": 333.2,
            "eps_avg_yearly": 9.52,
            "eps_latest_yearly": 10.68,
            "eps_growth_yearly": 140.72
        },
        "20122": {
            "year_quarter": 20122,
            "year": 2012,
            "quarter": 2,
            "eps": -2.83,
            "eps_growth_year": null,
            "eps_4q": -13.78,
            "eps_4q_growth_year": -381.41,
            "roe": -7.36,
            "gross_profit": -667318,
            "gross_margin": -23.04,
            "net_income": -919157,
            "revenue": 2895881,
            "common_shares": 3218513,
            "equity": 12822640,
            "current_ratio": 86.61,
            "debt_ratio": 58.71,
            "inventory_turnover_ratio": 1.9,
            "account_receivable_turnover_ratio": 1.34,
            "reinvestment_rate": null,
            "research_to_sale_ratio": 2.1,
            "price_fair": 304.73,
            "eps_avg_yearly": 8.71,
            "eps_latest_yearly": 10.68,
            "eps_growth_yearly": 136.27
        },
        "20123": {
            "year_quarter": 20123,
            "year": 2012,
            "quarter": 3,
            "eps": -2.42,
            "eps_growth_year": null,
            "eps_4q": -13.6,
            "eps_4q_growth_year": -1294.36,
            "roe": -6.18,
            "gross_profit": -722514,
            "gross_margin": -36.32,
            "net_income": -767475,
            "revenue": 1989474,
            "common_shares": 3218513,
            "equity": 12011781,
            "current_ratio": 77.33,
            "debt_ratio": 58.61,
            "inventory_turnover_ratio": 1.22,
            "account_receivable_turnover_ratio": 1.2,
            "reinvestment_rate": null,
            "research_to_sale_ratio": 0.85,
            "price_fair": 268.98,
            "eps_avg_yearly": 7.69,
            "eps_latest_yearly": 10.68,
            "eps_growth_yearly": 153.19
        },
        "20124": {
            "year_quarter": 20124,
            "year": 2012,
            "quarter": 4,
            "eps": -3.21,
            "eps_growth_year": null,
            "eps_4q": -11.1,
            "eps_4q_growth_year": null,
            "roe": -9.25,
            "gross_profit": -767735,
            "gross_margin": -35.04,
            "net_income": -1039480,
            "revenue": 2190771,
            "common_shares": 3218513,
            "equity": 10456199,
            "current_ratio": 69.4,
            "debt_ratio": 61.04,
            "inventory_turnover_ratio": 1.28,
            "account_receivable_turnover_ratio": 1.36,
            "reinvestment_rate": null,
            "research_to_sale_ratio": 0.85,
            "price_fair": 248.8,
            "eps_avg_yearly": 7.11,
            "eps_latest_yearly": 10.68,
            "eps_growth_yearly": 192.54
        },
        "20131": {
            "year_quarter": 20131,
            "year": 2013,
            "quarter": 1,
            "eps": -2.08,
            "eps_growth_year": null,
            "eps_4q": -10.54,
            "eps_4q_growth_year": null,
            "roe": -6.61,
            "gross_profit": -511580,
            "gross_margin": -19.1,
            "net_income": -671731,
            "revenue": 2678673,
            "common_shares": 3218513,
            "equity": 9881499,
            "current_ratio": 71.52,
            "debt_ratio": 64.03,
            "inventory_turnover_ratio": 1.49,
            "account_receivable_turnover_ratio": 1.18,
            "reinvestment_rate": null,
            "research_to_sale_ratio": 1.57,
            "price_fair": 276.5,
            "eps_avg_yearly": 7.9,
            "eps_latest_yearly": 10.68,
            "eps_growth_yearly": 277.87
        },
        "20132": {
            "year_quarter": 20132,
            "year": 2013,
            "quarter": 2,
            "eps": -1.91,
            "eps_growth_year": null,
            "eps_4q": -9.02,
            "eps_4q_growth_year": null,
            "roe": -6,
            "gross_profit": -508965,
            "gross_margin": -16.48,
            "net_income": -591949,
            "revenue": 3088334,
            "common_shares": 3441285,
            "equity": 9861622,
            "current_ratio": 69.71,
            "debt_ratio": 63.72,
            "inventory_turnover_ratio": 1.65,
            "account_receivable_turnover_ratio": 1.17,
            "reinvestment_rate": null,
            "research_to_sale_ratio": 0.31,
            "price_fair": 276.5,
            "eps_avg_yearly": 7.9,
            "eps_latest_yearly": 10.68,
            "eps_growth_yearly": 277.87
        },
        "20133": {
            "year_quarter": 20133,
            "year": 2013,
            "quarter": 3,
            "eps": -1.36,
            "eps_growth_year": null,
            "eps_4q": -8.06,
            "eps_4q_growth_year": null,
            "roe": -4.61,
            "gross_profit": -295468,
            "gross_margin": -8.69,
            "net_income": -444732,
            "revenue": 3401768,
            "common_shares": 3441285,
            "equity": 9417444,
            "current_ratio": 67.69,
            "debt_ratio": 64.04,
            "inventory_turnover_ratio": 1.65,
            "account_receivable_turnover_ratio": 1.38,
            "reinvestment_rate": null,
            "research_to_sale_ratio": 0.63,
            "price_fair": 276.5,
            "eps_avg_yearly": 7.9,
            "eps_latest_yearly": 10.68,
            "eps_growth_yearly": 277.87
        },
        "20134": {
            "year_quarter": 20134,
            "year": 2013,
            "quarter": 4,
            "eps": -2,
            "eps_growth_year": null,
            "eps_4q": -7.06,
            "eps_4q_growth_year": null,
            "roe": -7.37,
            "gross_profit": -238028,
            "gross_margin": -6.19,
            "net_income": -671092,
            "revenue": 3843607,
            "common_shares": 3441285,
            "equity": 8802563,
            "current_ratio": 64.42,
            "debt_ratio": 64.05,
            "inventory_turnover_ratio": 1.96,
            "account_receivable_turnover_ratio": 1.61,
            "reinvestment_rate": null,
            "research_to_sale_ratio": 0.54,
            "price_fair": 310.52,
            "eps_avg_yearly": 8.87,
            "eps_latest_yearly": 10.68,
            "eps_growth_yearly": 339.3
        },
        "20141": {
            "year_quarter": 20141,
            "year": 2014,
            "quarter": 1,
            "eps": -0.39,
            "eps_growth_year": null,
            "eps_4q": -5.01,
            "eps_4q_growth_year": null,
            "roe": -1.42,
            "gross_profit": 193430,
            "gross_margin": 5.11,
            "net_income": -130784,
            "revenue": 3783101,
            "common_shares": 3795785,
            "equity": 9651743,
            "current_ratio": 74.01,
            "debt_ratio": 60.13,
            "inventory_turnover_ratio": 1.81,
            "account_receivable_turnover_ratio": 1.6,
            "reinvestment_rate": null,
            "research_to_sale_ratio": 0.59,
            "price_fair": 331.45,
            "eps_avg_yearly": 9.47,
            "eps_latest_yearly": 10.68,
            "eps_growth_yearly": 310.97
        },
        "20142": {
            "year_quarter": 20142,
            "year": 2014,
            "quarter": 2,
            "eps": -0.67,
            "eps_growth_year": null,
            "eps_4q": -4.04,
            "eps_4q_growth_year": null,
            "roe": -2.49,
            "gross_profit": -127321,
            "gross_margin": -3.7,
            "net_income": -238254,
            "revenue": 3445498,
            "common_shares": 3795785,
            "equity": 9494198,
            "current_ratio": 80.04,
            "debt_ratio": 60.95,
            "inventory_turnover_ratio": 1.46,
            "account_receivable_turnover_ratio": 1.42,
            "reinvestment_rate": null,
            "research_to_sale_ratio": 0.74,
            "price_fair": 339.27,
            "eps_avg_yearly": 9.69,
            "eps_latest_yearly": 10.68,
            "eps_growth_yearly": 366.89
        },
        "20143": {
            "year_quarter": 20143,
            "year": 2014,
            "quarter": 3,
            "eps": -1.69,
            "eps_growth_year": null,
            "eps_4q": -4.53,
            "eps_4q_growth_year": null,
            "roe": -6.92,
            "gross_profit": -342151,
            "gross_margin": -8.99,
            "net_income": -637545,
            "revenue": 3805116,
            "common_shares": 3795785,
            "equity": 8922064,
            "current_ratio": 75.57,
            "debt_ratio": 63.84,
            "inventory_turnover_ratio": 1.42,
            "account_receivable_turnover_ratio": 1.35,
            "reinvestment_rate": null,
            "research_to_sale_ratio": 0.89,
            "price_fair": 452.2,
            "eps_avg_yearly": 12.92,
            "eps_latest_yearly": 10.68,
            "eps_growth_yearly": 676.7
        },
        "20144": {
            "year_quarter": 20144,
            "year": 2014,
            "quarter": 4,
            "eps": -2.79,
            "eps_growth_year": null,
            "eps_4q": -5.51,
            "eps_4q_growth_year": null,
            "roe": -12.59,
            "gross_profit": -281728,
            "gross_margin": -6.63,
            "net_income": -1061584,
            "revenue": 4251107,
            "common_shares": 3795785,
            "equity": 7947578,
            "current_ratio": 71.4,
            "debt_ratio": 66.4,
            "inventory_turnover_ratio": 1.62,
            "account_receivable_turnover_ratio": 1.35,
            "reinvestment_rate": null,
            "research_to_sale_ratio": 0.59,
            "price_fair": 32.04,
            "eps_avg_yearly": 10.68,
            "eps_latest_yearly": 10.68,
            "eps_growth_yearly": -118.21
        },
        "20151": {
            "year_quarter": 20151,
            "year": 2015,
            "quarter": 1,
            "eps": -1.01,
            "eps_growth_year": null,
            "eps_4q": -6.14,
            "eps_4q_growth_year": null,
            "roe": -5.37,
            "gross_profit": -265995,
            "gross_margin": -6.6,
            "net_income": -414951,
            "revenue": 4028881,
            "common_shares": 3795785,
            "equity": 7503376,
            "current_ratio": 68.54,
            "debt_ratio": 66.54,
            "inventory_turnover_ratio": 1.68,
            "account_receivable_turnover_ratio": 1.42,
            "reinvestment_rate": null,
            "research_to_sale_ratio": 0.67,
            "price_fair": 0,
            "eps_avg_yearly": 0,
            "eps_latest_yearly": 0,
            "eps_growth_yearly": 0
        },
        "20152": {
            "year_quarter": 20152,
            "year": 2015,
            "quarter": 2,
            "eps": -1.34,
            "eps_growth_year": null,
            "eps_4q": -6.29,
            "eps_4q_growth_year": null,
            "roe": -7.36,
            "gross_profit": -415697,
            "gross_margin": -12.21,
            "net_income": -552237,
            "revenue": 3403519,
            "common_shares": 4142615,
            "equity": 7499690,
            "current_ratio": 50.06,
            "debt_ratio": 64.53,
            "inventory_turnover_ratio": 1.59,
            "account_receivable_turnover_ratio": 1.56,
            "reinvestment_rate": null,
            "research_to_sale_ratio": 0.87,
            "price_fair": 0,
            "eps_avg_yearly": 0,
            "eps_latest_yearly": 0,
            "eps_growth_yearly": 0
        },
        "20153": {
            "year_quarter": 20153,
            "year": 2015,
            "quarter": 3,
            "eps": -1.37,
            "eps_growth_year": null,
            "eps_4q": -6.12,
            "eps_4q_growth_year": null,
            "roe": -7.83,
            "gross_profit": -57363,
            "gross_margin": -1.51,
            "net_income": -567110,
            "revenue": 3797471,
            "common_shares": 4142615,
            "equity": 6976986,
            "current_ratio": 49.91,
            "debt_ratio": 66.92,
            "inventory_turnover_ratio": 1.66,
            "account_receivable_turnover_ratio": 1.71,
            "reinvestment_rate": null,
            "research_to_sale_ratio": 0.67,
            "price_fair": 0,
            "eps_avg_yearly": 0,
            "eps_latest_yearly": 0,
            "eps_growth_yearly": 0
        },
        "20154": {
            "year_quarter": 20154,
            "year": 2015,
            "quarter": 4,
            "eps": -0.06,
            "eps_growth_year": null,
            "eps_4q": -3.62,
            "eps_4q_growth_year": null,
            "roe": -0.6,
            "gross_profit": 324914,
            "gross_margin": 7.6,
            "net_income": -41319,
            "revenue": 4275856,
            "common_shares": 4142615,
            "equity": 6853402,
            "current_ratio": 59.68,
            "debt_ratio": 67.12,
            "inventory_turnover_ratio": 1.85,
            "account_receivable_turnover_ratio": 1.93,
            "reinvestment_rate": null,
            "research_to_sale_ratio": 0.72,
            "price_fair": 0,
            "eps_avg_yearly": 0,
            "eps_latest_yearly": 0,
            "eps_growth_yearly": 0
        },
        "20161": {
            "year_quarter": 20161,
            "year": 2016,
            "quarter": 1,
            "eps": 0.94,
            "eps_growth_year": null,
            "eps_4q": -1.76,
            "eps_4q_growth_year": null,
            "roe": 5.29,
            "gross_profit": 544061,
            "gross_margin": 10.32,
            "net_income": 371626,
            "revenue": 5269484,
            "common_shares": 4142615,
            "equity": 7190510,
            "current_ratio": 59.16,
            "debt_ratio": 63.31,
            "inventory_turnover_ratio": 2.4,
            "account_receivable_turnover_ratio": 2.72,
            "reinvestment_rate": null,
            "research_to_sale_ratio": 0.69,
            "price_fair": 0,
            "eps_avg_yearly": 0,
            "eps_latest_yearly": 0,
            "eps_growth_yearly": 0
        },
        "20162": {
            "year_quarter": 20162,
            "year": 2016,
            "quarter": 2,
            "eps": 0.39,
            "eps_growth_year": null,
            "eps_4q": -0.1,
            "eps_4q_growth_year": null,
            "roe": 2.25,
            "gross_profit": 379762,
            "gross_margin": 7.94,
            "net_income": 162759,
            "revenue": 4781164,
            "common_shares": 4142615,
            "equity": 7301442,
            "current_ratio": 60.85,
            "debt_ratio": 61,
            "inventory_turnover_ratio": 2.24,
            "account_receivable_turnover_ratio": 2.43,
            "reinvestment_rate": null,
            "research_to_sale_ratio": 0.71,
            "price_fair": 4.68,
            "eps_avg_yearly": 1.56,
            "eps_latest_yearly": 1.56,
            "eps_growth_yearly": -234.04
        },
        "20163": {
            "year_quarter": 20163,
            "year": 2016,
            "quarter": 3,
            "eps": -2.18,
            "eps_growth_year": null,
            "eps_4q": -0.91,
            "eps_4q_growth_year": null,
            "roe": -13.86,
            "gross_profit": -818393,
            "gross_margin": -31.86,
            "net_income": -947207,
            "revenue": 2568375,
            "common_shares": 4142615,
            "equity": 6362222,
            "current_ratio": 55.89,
            "debt_ratio": 64.13,
            "inventory_turnover_ratio": 1.83,
            "account_receivable_turnover_ratio": 1.41,
            "reinvestment_rate": null,
            "research_to_sale_ratio": 1.2,
            "price_fair": 4.68,
            "eps_avg_yearly": 1.56,
            "eps_latest_yearly": 1.56,
            "eps_growth_yearly": -234.04
        },
        "20164": {
            "year_quarter": 20164,
            "year": 2016,
            "quarter": 4,
            "eps": -1.28,
            "eps_growth_year": null,
            "eps_4q": -2.13,
            "eps_4q_growth_year": null,
            "roe": -9.79,
            "gross_profit": -310763,
            "gross_margin": -11.55,
            "net_income": -590543,
            "revenue": 2690753,
            "common_shares": 4142615,
            "equity": 5706518,
            "current_ratio": 48.37,
            "debt_ratio": 65.31,
            "inventory_turnover_ratio": 1.84,
            "account_receivable_turnover_ratio": 1.84,
            "reinvestment_rate": null,
            "research_to_sale_ratio": 1.03,
            "price_fair": 4.68,
            "eps_avg_yearly": 1.56,
            "eps_latest_yearly": 1.56,
            "eps_growth_yearly": -234.04
        },
        "20171": {
            "year_quarter": 20171,
            "year": 2017,
            "quarter": 1,
            "eps": -0.55,
            "eps_growth_year": -158.51,
            "eps_4q": -3.62,
            "eps_4q_growth_year": null,
            "roe": -4.61,
            "gross_profit": -250868,
            "gross_margin": -9.55,
            "net_income": -255281,
            "revenue": 2627225,
            "common_shares": 4142615,
            "equity": 5358305,
            "current_ratio": 45.9,
            "debt_ratio": 65.99,
            "inventory_turnover_ratio": 1.95,
            "account_receivable_turnover_ratio": 2.18,
            "reinvestment_rate": null,
            "research_to_sale_ratio": 0.96,
            "price_fair": 4.68,
            "eps_avg_yearly": 1.56,
            "eps_latest_yearly": 1.56,
            "eps_growth_yearly": -234.04
        },
        "20172": {
            "year_quarter": 20172,
            "year": 2017,
            "quarter": 2,
            "eps": -1.08,
            "eps_growth_year": -376.92,
            "eps_4q": -5.09,
            "eps_4q_growth_year": null,
            "roe": -8.87,
            "gross_profit": -208871,
            "gross_margin": -8.09,
            "net_income": -457417,
            "revenue": 2581720,
            "common_shares": 4142615,
            "equity": 4957352,
            "current_ratio": 40.47,
            "debt_ratio": 67.25,
            "inventory_turnover_ratio": 2.09,
            "account_receivable_turnover_ratio": 2.03,
            "reinvestment_rate": null,
            "research_to_sale_ratio": 0.97,
            "price_fair": 4.68,
            "eps_avg_yearly": 1.56,
            "eps_latest_yearly": 1.56,
            "eps_growth_yearly": -234.04
        },
        "20173": {
            "year_quarter": 20173,
            "year": 2017,
            "quarter": 3,
            "eps": -0.09,
            "eps_growth_year": null,
            "eps_4q": -3.01,
            "eps_4q_growth_year": null,
            "roe": -0.65,
            "gross_profit": 144769,
            "gross_margin": 4.56,
            "net_income": -32563,
            "revenue": 3176927,
            "common_shares": 4142615,
            "equity": 5100767,
            "current_ratio": 43.3,
            "debt_ratio": 66.62,
            "inventory_turnover_ratio": 2.44,
            "account_receivable_turnover_ratio": 2.43,
            "reinvestment_rate": null,
            "research_to_sale_ratio": 0.77,
            "price_fair": 4.68,
            "eps_avg_yearly": 1.56,
            "eps_latest_yearly": 1.56,
            "eps_growth_yearly": -234.04
        },
        "20174": {
            "year_quarter": 20174,
            "year": 2017,
            "quarter": 4,
            "eps": 0.22,
            "eps_growth_year": null,
            "eps_4q": -1.43,
            "eps_4q_growth_year": null,
            "roe": 1.92,
            "gross_profit": 278155,
            "gross_margin": 8.13,
            "net_income": 101129,
            "revenue": 3420685,
            "common_shares": 4339853,
            "equity": 5414957,
            "current_ratio": 49.27,
            "debt_ratio": 64.04,
            "inventory_turnover_ratio": 2.46,
            "account_receivable_turnover_ratio": 3.23,
            "reinvestment_rate": null,
            "research_to_sale_ratio": 0.77,
            "price_fair": 4.68,
            "eps_avg_yearly": 1.56,
            "eps_latest_yearly": 1.56,
            "eps_growth_yearly": -234.04
        },
        "20181": {
            "year_quarter": 20181,
            "year": 2018,
            "quarter": 1,
            "eps": -0.42,
            "eps_growth_year": null,
            "eps_4q": -1.32,
            "eps_4q_growth_year": null,
            "roe": -3.79,
            "gross_profit": -50302,
            "gross_margin": -1.92,
            "net_income": -201833,
            "revenue": 2619997,
            "common_shares": 4339853,
            "equity": 5242556,
            "current_ratio": 51.19,
            "debt_ratio": 64.86,
            "inventory_turnover_ratio": 1.94,
            "account_receivable_turnover_ratio": 2.2,
            "reinvestment_rate": null,
            "research_to_sale_ratio": 0.91,
            "price_fair": 4.68,
            "eps_avg_yearly": 1.56,
            "eps_latest_yearly": 1.56,
            "eps_growth_yearly": -234.04
        },
        "20182": {
            "year_quarter": 20182,
            "year": 2018,
            "quarter": 2,
            "eps": -2.66,
            "eps_growth_year": null,
            "eps_4q": -2.96,
            "eps_4q_growth_year": null,
            "roe": -26.39,
            "gross_profit": -702931,
            "gross_margin": -40.75,
            "net_income": -1218975,
            "revenue": 1724786,
            "common_shares": 4339853,
            "equity": 3994709,
            "current_ratio": 48.96,
            "debt_ratio": 71.67,
            "inventory_turnover_ratio": 1.65,
            "account_receivable_turnover_ratio": 1.26,
            "reinvestment_rate": null,
            "research_to_sale_ratio": 1.54,
            "price_fair": 4.68,
            "eps_avg_yearly": 1.56,
            "eps_latest_yearly": 1.56,
            "eps_growth_yearly": -234.04
        },
        "20183": {
            "year_quarter": 20183,
            "year": 2018,
            "quarter": 3,
            "eps": -4.68,
            "eps_growth_year": null,
            "eps_4q": -7.55,
            "eps_4q_growth_year": null,
            "roe": -74.1,
            "gross_profit": -774378,
            "gross_margin": -66.05,
            "net_income": -2139253,
            "revenue": 1172469,
            "common_shares": 4339853,
            "equity": 1779109,
            "current_ratio": 41.69,
            "debt_ratio": 86.54,
            "inventory_turnover_ratio": 1.53,
            "account_receivable_turnover_ratio": 1.03,
            "reinvestment_rate": null,
            "research_to_sale_ratio": 1.87,
            "price_fair": 4.68,
            "eps_avg_yearly": 1.56,
            "eps_latest_yearly": 1.56,
            "eps_growth_yearly": -234.04
        },
        "20184": {
            "year_quarter": 20184,
            "year": 2018,
            "quarter": 4,
            "eps": -8.56,
            "eps_growth_year": -4015.28,
            "eps_4q": -16.34,
            "eps_4q_growth_year": null,
            "roe": 1807.03,
            "gross_profit": -915926,
            "gross_margin": -154.62,
            "net_income": -3879252,
            "revenue": 592390,
            "common_shares": 4339853,
            "equity": -2208459,
            "current_ratio": 29.37,
            "debt_ratio": 124.4,
            "inventory_turnover_ratio": 1.93,
            "account_receivable_turnover_ratio": 0.59,
            "reinvestment_rate": null,
            "research_to_sale_ratio": 3.11,
            "price_fair": 4.68,
            "eps_avg_yearly": 1.56,
            "eps_latest_yearly": 1.56,
            "eps_growth_yearly": -234.04
        }
    },
    "months": {
        "2006-08": {
            "month": "2006-08",
            "price": "272.42",
            "revenue": 209734
        },
        "2006-09": {
            "month": "2006-09",
            "price": "321.71",
            "revenue": 296334
        },
        "2006-10": {
            "month": "2006-10",
            "price": "230.81",
            "revenue": 299299
        },
        "2006-11": {
            "month": "2006-11",
            "price": "235.60",
            "revenue": 350624
        },
        "2006-12": {
            "month": "2006-12",
            "price": "250.47",
            "revenue": 324266
        },
        "2007-01": {
            "month": "2007-01",
            "price": "224.46",
            "revenue": 231050
        },
        "2007-02": {
            "month": "2007-02",
            "price": "196.10",
            "revenue": 112657
        },
        "2007-03": {
            "month": "2007-03",
            "price": "263.81",
            "revenue": 337529
        },
        "2007-04": {
            "month": "2007-04",
            "price": "291.52",
            "revenue": 358671
        },
        "2007-05": {
            "month": "2007-05",
            "price": "299.02",
            "revenue": 295239
        },
        "2007-06": {
            "month": "2007-06",
            "price": "287.92",
            "revenue": 336011
        },
        "2007-07": {
            "month": "2007-07",
            "price": "399.21",
            "revenue": 487042
        },
        "2007-08": {
            "month": "2007-08",
            "price": "355.94",
            "revenue": 546662
        },
        "2007-09": {
            "month": "2007-09",
            "price": "279.12",
            "revenue": 565933
        },
        "2007-10": {
            "month": "2007-10",
            "price": "298.36",
            "revenue": 570784
        },
        "2007-11": {
            "month": "2007-11",
            "price": "275.06",
            "revenue": 602202
        },
        "2007-12": {
            "month": "2007-12",
            "price": "206.46",
            "revenue": 608022
        },
        "2008-01": {
            "month": "2008-01",
            "price": "147.30",
            "revenue": 642217
        },
        "2008-02": {
            "month": "2008-02",
            "price": "149.57",
            "revenue": 647377
        },
        "2008-03": {
            "month": "2008-03",
            "price": "156.14",
            "revenue": 663945
        },
        "2008-04": {
            "month": "2008-04",
            "price": "204.05",
            "revenue": 705824
        },
        "2008-05": {
            "month": "2008-05",
            "price": "259.60",
            "revenue": 766085
        },
        "2008-06": {
            "month": "2008-06",
            "price": "223.02",
            "revenue": 831436
        },
        "2008-07": {
            "month": "2008-07",
            "price": "179.48",
            "revenue": 811423
        },
        "2008-08": {
            "month": "2008-08",
            "price": "178.98",
            "revenue": 823183
        },
        "2008-09": {
            "month": "2008-09",
            "price": "182.88",
            "revenue": 835046
        },
        "2008-10": {
            "month": "2008-10",
            "price": "137.07",
            "revenue": 844126
        },
        "2008-11": {
            "month": "2008-11",
            "price": "96.88",
            "revenue": 608138
        },
        "2008-12": {
            "month": "2008-12",
            "price": "83.94",
            "revenue": 610191
        },
        "2009-01": {
            "month": "2009-01",
            "price": "94.67",
            "revenue": 590785
        },
        "2009-02": {
            "month": "2009-02",
            "price": "97.52",
            "revenue": 537985
        },
        "2009-03": {
            "month": "2009-03",
            "price": "104.42",
            "revenue": 531849
        },
        "2009-04": {
            "month": "2009-04",
            "price": "113.66",
            "revenue": 510692
        },
        "2009-05": {
            "month": "2009-05",
            "price": "112.19",
            "revenue": 509747
        },
        "2009-06": {
            "month": "2009-06",
            "price": "108.98",
            "revenue": 780017
        },
        "2009-07": {
            "month": "2009-07",
            "price": "104.52",
            "revenue": 751430
        },
        "2009-08": {
            "month": "2009-08",
            "price": "86.03",
            "revenue": 913941
        },
        "2009-09": {
            "month": "2009-09",
            "price": "79.39",
            "revenue": 946699
        },
        "2009-10": {
            "month": "2009-10",
            "price": "77.19",
            "revenue": 1003476
        },
        "2009-11": {
            "month": "2009-11",
            "price": "81.30",
            "revenue": 900209
        },
        "2009-12": {
            "month": "2009-12",
            "price": "84.74",
            "revenue": 918566
        },
        "2010-01": {
            "month": "2010-01",
            "price": "79.45",
            "revenue": 1059564
        },
        "2010-02": {
            "month": "2010-02",
            "price": "72.99",
            "revenue": 1038376
        },
        "2010-03": {
            "month": "2010-03",
            "price": "76.66",
            "revenue": 1202652
        },
        "2010-04": {
            "month": "2010-04",
            "price": "78.60",
            "revenue": 1212025
        },
        "2010-05": {
            "month": "2010-05",
            "price": "66.93",
            "revenue": 1217051
        },
        "2010-06": {
            "month": "2010-06",
            "price": "66.92",
            "revenue": 1274506
        },
        "2010-07": {
            "month": "2010-07",
            "price": "70.30",
            "revenue": 1520276
        },
        "2010-08": {
            "month": "2010-08",
            "price": "79.70",
            "revenue": 1534913
        },
        "2010-09": {
            "month": "2010-09",
            "price": "87.81",
            "revenue": 1564680
        },
        "2010-10": {
            "month": "2010-10",
            "price": "86.20",
            "revenue": 1749693
        },
        "2010-11": {
            "month": "2010-11",
            "price": "84.41",
            "revenue": 1862666
        },
        "2010-12": {
            "month": "2010-12",
            "price": "85.10",
            "revenue": 2051933
        },
        "2011-01": {
            "month": "2011-01",
            "price": "105.30",
            "revenue": 2067631
        },
        "2011-02": {
            "month": "2011-02",
            "price": "134.21",
            "revenue": 2113812
        },
        "2011-03": {
            "month": "2011-03",
            "price": "145.33",
            "revenue": 2330280
        },
        "2011-04": {
            "month": "2011-04",
            "price": "123.74",
            "revenue": 2374201
        },
        "2011-05": {
            "month": "2011-05",
            "price": "101.01",
            "revenue": 1352888
        },
        "2011-06": {
            "month": "2011-06",
            "price": "94.69",
            "revenue": 1460572
        },
        "2011-07": {
            "month": "2011-07",
            "price": "87.63",
            "revenue": 1466686
        },
        "2011-08": {
            "month": "2011-08",
            "price": "67.67",
            "revenue": 1508380
        },
        "2011-09": {
            "month": "2011-09",
            "price": "41.01",
            "revenue": 1128307
        },
        "2011-10": {
            "month": "2011-10",
            "price": "34.40",
            "revenue": 896908
        },
        "2011-11": {
            "month": "2011-11",
            "price": "25.99",
            "revenue": 1035402
        },
        "2011-12": {
            "month": "2011-12",
            "price": "30.86",
            "revenue": 880588
        },
        "2012-01": {
            "month": "2012-01",
            "price": "34.75",
            "revenue": 815803
        },
        "2012-02": {
            "month": "2012-02",
            "price": "42.07",
            "revenue": 958970
        },
        "2012-03": {
            "month": "2012-03",
            "price": "39.06",
            "revenue": 987198
        },
        "2012-04": {
            "month": "2012-04",
            "price": "32.06",
            "revenue": 988782
        },
        "2012-05": {
            "month": "2012-05",
            "price": "27.88",
            "revenue": 985373
        },
        "2012-06": {
            "month": "2012-06",
            "price": "24.58",
            "revenue": 943231
        },
        "2012-07": {
            "month": "2012-07",
            "price": "23.00",
            "revenue": 974868
        },
        "2012-08": {
            "month": "2012-08",
            "price": "19.56",
            "revenue": 661609
        },
        "2012-09": {
            "month": "2012-09",
            "price": "20.84",
            "revenue": 380631
        },
        "2012-10": {
            "month": "2012-10",
            "price": "17.66",
            "revenue": 631226
        },
        "2012-11": {
            "month": "2012-11",
            "price": "18.16",
            "revenue": 768721
        },
        "2012-12": {
            "month": "2012-12",
            "price": "24.10",
            "revenue": 739998
        },
        "2013-01": {
            "month": "2013-01",
            "price": "25.93",
            "revenue": 812424
        },
        "2013-02": {
            "month": "2013-02",
            "price": "26.02",
            "revenue": 922540
        },
        "2013-03": {
            "month": "2013-03",
            "price": "26.63",
            "revenue": 943708
        },
        "2013-04": {
            "month": "2013-04",
            "price": "24.15",
            "revenue": 1013538
        },
        "2013-05": {
            "month": "2013-05",
            "price": "25.40",
            "revenue": 1034870
        },
        "2013-06": {
            "month": "2013-06",
            "price": "22.43",
            "revenue": 1039925
        },
        "2013-07": {
            "month": "2013-07",
            "price": "20.79",
            "revenue": 1114243
        },
        "2013-08": {
            "month": "2013-08",
            "price": "18.55",
            "revenue": 1127918
        },
        "2013-09": {
            "month": "2013-09",
            "price": "22.04",
            "revenue": 1159606
        },
        "2013-10": {
            "month": "2013-10",
            "price": "25.05",
            "revenue": 1244337
        },
        "2013-11": {
            "month": "2013-11",
            "price": "24.99",
            "revenue": 1279226
        },
        "2013-12": {
            "month": "2013-12",
            "price": "26.61",
            "revenue": 1320042
        },
        "2014-01": {
            "month": "2014-01",
            "price": "33.34",
            "revenue": 1340789
        },
        "2014-02": {
            "month": "2014-02",
            "price": "29.31",
            "revenue": 1287891
        },
        "2014-03": {
            "month": "2014-03",
            "price": "27.82",
            "revenue": 1154421
        },
        "2014-04": {
            "month": "2014-04",
            "price": "26.11",
            "revenue": 1160513
        },
        "2014-05": {
            "month": "2014-05",
            "price": "24.90",
            "revenue": 1183561
        },
        "2014-06": {
            "month": "2014-06",
            "price": "27.86",
            "revenue": 1101423
        },
        "2014-07": {
            "month": "2014-07",
            "price": "26.98",
            "revenue": 1221077
        },
        "2014-08": {
            "month": "2014-08",
            "price": "24.27",
            "revenue": 1272144
        },
        "2014-09": {
            "month": "2014-09",
            "price": "24.25",
            "revenue": 1311893
        },
        "2014-10": {
            "month": "2014-10",
            "price": "21.08",
            "revenue": 1547582
        },
        "2014-11": {
            "month": "2014-11",
            "price": "18.48",
            "revenue": 1460521
        },
        "2014-12": {
            "month": "2014-12",
            "price": "18.72",
            "revenue": 1318127
        },
        "2015-01": {
            "month": "2015-01",
            "price": "18.81",
            "revenue": 1538006
        },
        "2015-02": {
            "month": "2015-02",
            "price": "18.79",
            "revenue": 1241475
        },
        "2015-03": {
            "month": "2015-03",
            "price": "19.30",
            "revenue": 1249399
        },
        "2015-04": {
            "month": "2015-04",
            "price": "20.57",
            "revenue": 1061702
        },
        "2015-05": {
            "month": "2015-05",
            "price": "16.94",
            "revenue": 1188972
        },
        "2015-06": {
            "month": "2015-06",
            "price": "14.55",
            "revenue": 1152844
        },
        "2015-07": {
            "month": "2015-07",
            "price": "15.87",
            "revenue": 1188727
        },
        "2015-08": {
            "month": "2015-08",
            "price": "12.16",
            "revenue": 1291788
        },
        "2015-09": {
            "month": "2015-09",
            "price": "12.42",
            "revenue": 1316954
        },
        "2015-10": {
            "month": "2015-10",
            "price": "15.00",
            "revenue": 1345032
        },
        "2015-11": {
            "month": "2015-11",
            "price": "16.77",
            "revenue": 1399476
        },
        "2015-12": {
            "month": "2015-12",
            "price": "22.94",
            "revenue": 1531347
        },
        "2016-01": {
            "month": "2016-01",
            "price": "21.85",
            "revenue": 1720380
        },
        "2016-02": {
            "month": "2016-02",
            "price": "23.02",
            "revenue": 1767751
        },
        "2016-03": {
            "month": "2016-03",
            "price": "21.35",
            "revenue": 1781352
        },
        "2016-04": {
            "month": "2016-04",
            "price": "19.06",
            "revenue": 1780146
        },
        "2016-05": {
            "month": "2016-05",
            "price": "19.81",
            "revenue": 1727984
        },
        "2016-06": {
            "month": "2016-06",
            "price": "21.39",
            "revenue": 1273032
        },
        "2016-07": {
            "month": "2016-07",
            "price": "20.36",
            "revenue": 1208213
        },
        "2016-08": {
            "month": "2016-08",
            "price": "18.55",
            "revenue": 645157
        },
        "2016-09": {
            "month": "2016-09",
            "price": "17.97",
            "revenue": 715004
        },
        "2016-10": {
            "month": "2016-10",
            "price": "18.31",
            "revenue": 941447
        },
        "2016-11": {
            "month": "2016-11",
            "price": "16.13",
            "revenue": 990732
        },
        "2016-12": {
            "month": "2016-12",
            "price": "16.13",
            "revenue": 758571
        },
        "2017-01": {
            "month": "2017-01",
            "price": "16.41",
            "revenue": 837924
        },
        "2017-02": {
            "month": "2017-02",
            "price": "18.06",
            "revenue": 857525
        },
        "2017-03": {
            "month": "2017-03",
            "price": "17.60",
            "revenue": 931775
        },
        "2017-04": {
            "month": "2017-04",
            "price": "16.21",
            "revenue": 852620
        },
        "2017-05": {
            "month": "2017-05",
            "price": "15.30",
            "revenue": 907121
        },
        "2017-06": {
            "month": "2017-06",
            "price": "15.06",
            "revenue": 821977
        },
        "2017-07": {
            "month": "2017-07",
            "price": "14.08",
            "revenue": 920866
        },
        "2017-08": {
            "month": "2017-08",
            "price": "13.79",
            "revenue": 1118460
        },
        "2017-09": {
            "month": "2017-09",
            "price": "17.39",
            "revenue": 1137600
        },
        "2017-10": {
            "month": "2017-10",
            "price": "18.72",
            "revenue": 1191090
        },
        "2017-11": {
            "month": "2017-11",
            "price": "19.22",
            "revenue": 1261993
        },
        "2017-12": {
            "month": "2017-12",
            "price": "17.88",
            "revenue": 1108292
        },
        "2018-01": {
            "month": "2018-01",
            "price": "17.86",
            "revenue": 963030
        },
        "2018-02": {
            "month": "2018-02",
            "price": "15.54",
            "revenue": 805293
        },
        "2018-03": {
            "month": "2018-03",
            "price": "15.38",
            "revenue": 851674
        },
        "2018-04": {
            "month": "2018-04",
            "price": "15.66",
            "revenue": 940986
        },
        "2018-05": {
            "month": "2018-05",
            "price": "15.36",
            "revenue": 537879
        },
        "2018-06": {
            "month": "2018-06",
            "price": "13.49",
            "revenue": 245920
        },
        "2018-07": {
            "month": "2018-07",
            "price": "11.75",
            "revenue": 502878
        },
        "2018-08": {
            "month": "2018-08",
            "price": "11.90",
            "revenue": 421341
        },
        "2018-09": {
            "month": "2018-09",
            "price": "11.42",
            "revenue": 253762
        },
        "2018-10": {
            "month": "2018-10",
            "price": "10.28",
            "revenue": 141310
        },
        "2018-11": {
            "month": "2018-11",
            "price": "8.76",
            "revenue": 176031
        },
        "2018-12": {
            "month": "2018-12",
            "price": "4.66",
            "revenue": 333032
        },
        "2019-01": {
            "month": "2019-01",
            "price": "3.76",
            "revenue": 266193
        },
        "2019-02": {
            "month": "2019-02",
            "price": "4.61",
            "revenue": 245985
        },
        "2019-03": {
            "month": "2019-03",
            "price": "3.66",
            "revenue": 328453
        },
        "2019-04": {
            "month": "2019-04",
            "price": "0.81",
            "revenue": 318691
        }
    }
}
