{
    "summary": {
        "stock_name": "華盈",
        "stock_id": "3520",
        "category": "電子零組件",
        "main_business": "電腦、通訊、電子資訊及家電用電源傳輸線及訊號連接線組<br>前項產品之進出口貿易業務及代理國內外廠商產品投標與經銷等業務",
        "website_url": "http://www.jve-tech.com",
        "ceo": "葛朝華",
        "pe_ratio": 36,
        "report_year_from": 2006,
        "report_year_to": 2023,
        "age": 17,
        "eps_negative_percentage": 50,
        "eps_growth_avg": {
            "last_all": -14.13,
            "last_2y": -3.29,
            "last_4y": 22.53,
            "last_8y": 22.53,
            "last_12y": -1.98,
            "last_16y": null,
            "last_20y": null,
            "at_2006_last_3y": null,
            "at_2007_last_3y": null,
            "at_2008_last_3y": null,
            "at_2009_last_3y": null,
            "at_2010_last_3y": -50.79,
            "at_2011_last_3y": -51.43,
            "at_2012_last_3y": -44.55,
            "at_2013_last_3y": -100,
            "at_2014_last_3y": null,
            "at_2015_last_3y": null,
            "at_2016_last_3y": null,
            "at_2017_last_3y": null,
            "at_2018_last_3y": null,
            "at_2019_last_3y": 100,
            "at_2020_last_3y": 32.56,
            "at_2021_last_3y": -3.29,
            "at_2022_last_3y": 22.53,
            "at_2023_last_3y": 22.53,
            "at_2006_last_all": null,
            "at_2007_last_all": null,
            "at_2008_last_all": -57.03,
            "at_2009_last_all": -34.38,
            "at_2010_last_all": -50.79,
            "at_2011_last_all": -50.79,
            "at_2012_last_all": -50.79,
            "at_2013_last_all": -50.79,
            "at_2014_last_all": -50.79,
            "at_2015_last_all": -50.79,
            "at_2016_last_all": -50.79,
            "at_2017_last_all": -50.79,
            "at_2018_last_all": -50.79,
            "at_2019_last_all": -20.63,
            "at_2020_last_all": -23.01,
            "at_2021_last_all": -30.43,
            "at_2022_last_all": -14.13,
            "at_2023_last_all": -14.13
        },
        "latest_eps": 0.52,
        "latest_price": 18.85,
        "latest_roe": 4.58,
        "latest_gross_margin": 12.66,
        "latest_equity": 787132,
        "latest_revenue": 208786,
        "latest_gross_profit": 26429,
        "latest_net_income": -5176,
        "latest_debt_ratio": 43.13,
        "latest_current_ratio": 260.73,
        "latest_account_receivable_turnover_ratio": 0.66,
        "latest_inventory_turnover_ratio": 1.23,
        "latest_reinvestment_rate": 266.88,
        "latest_research_to_sale_ratio": null
    },
    "eps_dividends": {
        "2001": {
            "cash": 0,
            "stock": 0,
            "eps": 0
        },
        "2002": {
            "cash": 0,
            "stock": 0,
            "eps": 0
        },
        "2003": {
            "cash": 0,
            "stock": 0,
            "eps": 0
        },
        "2004": {
            "cash": 0,
            "stock": 0,
            "eps": 0
        },
        "2005": {
            "cash": 0,
            "stock": 0,
            "eps": 0
        },
        "2006": {
            "cash": 1,
            "stock": 1,
            "eps": 3.09
        },
        "2007": {
            "cash": 2,
            "stock": 1,
            "eps": 1.58
        },
        "2008": {
            "cash": 1,
            "stock": 0,
            "eps": 0.55
        },
        "2009": {
            "cash": 0,
            "stock": 0,
            "eps": 0.61
        },
        "2010": {
            "cash": 1,
            "stock": 0,
            "eps": -0.08
        },
        "2011": {
            "cash": 0,
            "stock": 0,
            "eps": -2.64
        },
        "2012": {
            "cash": 0,
            "stock": 0,
            "eps": -3.07
        },
        "2013": {
            "cash": 0,
            "stock": 0,
            "eps": -2.54
        },
        "2014": {
            "cash": 0,
            "stock": 0,
            "eps": -1.81
        },
        "2015": {
            "cash": 0,
            "stock": 0,
            "eps": -0.78
        },
        "2016": {
            "cash": 0,
            "stock": 0,
            "eps": -1.01
        },
        "2017": {
            "cash": 0,
            "stock": 0,
            "eps": -1.68
        },
        "2018": {
            "cash": 0,
            "stock": 0,
            "eps": 0.13
        },
        "2019": {
            "cash": 0,
            "stock": 0,
            "eps": 0.43
        },
        "2020": {
            "cash": 0,
            "stock": 0,
            "eps": 0.28
        },
        "2021": {
            "cash": 0,
            "stock": 0,
            "eps": 0.07
        },
        "2022": {
            "cash": 0,
            "stock": 0,
            "eps": 1.5
        },
        "2023": {
            "cash": 0,
            "stock": 0,
            "eps": -0.08
        }
    },
    "dividends": {
        "2006-06-14": {
            "cash": 1,
            "stock": 1
        },
        "2007-04-02": {
            "cash": 1.5,
            "stock": 0.5
        },
        "2008-03-24": {
            "cash": 0.81,
            "stock": 0.2
        },
        "2009-03-17": {
            "cash": 0.3,
            "stock": 0.2
        },
        "2010-03-31": {
            "cash": 0.5,
            "stock": 0
        },
        "2023-03-28": {
            "cash": 0.3,
            "stock": 0
        }
    },
    "prices": {
        "200101": "無",
        "200102": "無",
        "200103": "無",
        "200104": "無",
        "200105": "無",
        "200106": "無",
        "200107": "無",
        "200108": "無",
        "200109": "無",
        "200110": "無",
        "200111": "無",
        "200112": "無",
        "200201": "無",
        "200202": "無",
        "200203": "無",
        "200204": "無",
        "200205": "無",
        "200206": "無",
        "200207": "無",
        "200208": "無",
        "200209": "無",
        "200210": "無",
        "200211": "無",
        "200212": "無",
        "200301": "無",
        "200302": "無",
        "200303": "無",
        "200304": "無",
        "200305": "無",
        "200306": "無",
        "200307": "無",
        "200308": "無",
        "200309": "無",
        "200310": "無",
        "200311": "無",
        "200312": "無",
        "200401": "無",
        "200402": "無",
        "200403": "無",
        "200404": "無",
        "200405": "無",
        "200406": "無",
        "200407": "無",
        "200408": "無",
        "200409": "無",
        "200410": "無",
        "200411": "無",
        "200412": "無",
        "200501": "無",
        "200502": "無",
        "200503": "無",
        "200504": "無",
        "200505": "無",
        "200506": "無",
        "200507": "無",
        "200508": "無",
        "200509": "無",
        "200510": "無",
        "200511": "無",
        "200512": "無",
        "200601": "無",
        "200602": "無",
        "200603": "無",
        "200604": "無",
        "200605": "無",
        "200606": "無",
        "200607": "無",
        "200608": "38.09",
        "200609": "38.63",
        "200610": "38.18",
        "200611": "32.08",
        "200612": "29.64",
        "200701": "29.22",
        "200702": "29.18",
        "200703": "30.07",
        "200704": "34.31",
        "200705": "35.64",
        "200706": "41.51",
        "200707": "46.70",
        "200708": "42.90",
        "200709": "34.34",
        "200710": "28.46",
        "200711": "25.69",
        "200712": "25.12",
        "200801": "19.14",
        "200802": "16.73",
        "200803": "16.80",
        "200804": "18.15",
        "200805": "20.57",
        "200806": "18.51",
        "200807": "15.57",
        "200808": "13.93",
        "200809": "13.07",
        "200810": "10.88",
        "200811": "8.29",
        "200812": "7.07",
        "200901": "7.13",
        "200902": "7.41",
        "200903": "9.01",
        "200904": "9.50",
        "200905": "9.66",
        "200906": "10.72",
        "200907": "11.57",
        "200908": "11.86",
        "200909": "13.79",
        "200910": "15.06",
        "200911": "14.33",
        "200912": "14.49",
        "201001": "16.89",
        "201002": "14.87",
        "201003": "16.54",
        "201004": "16.56",
        "201005": "14.00",
        "201006": "13.75",
        "201007": "14.05",
        "201008": "13.85",
        "201009": "13.24",
        "201010": "13.36",
        "201011": "11.21",
        "201012": "12.04",
        "201101": "11.70",
        "201102": "11.07",
        "201103": "12.63",
        "201104": "15.35",
        "201105": "15.98",
        "201106": "15.59",
        "201107": "14.90",
        "201108": "13.81",
        "201109": "13.32",
        "201110": "12.32",
        "201111": "12.54",
        "201112": "11.88",
        "201201": "10.91",
        "201202": "11.18",
        "201203": "12.87",
        "201204": "14.12",
        "201205": "13.60",
        "201206": "12.57",
        "201207": "11.71",
        "201208": "11.95",
        "201209": "11.88",
        "201210": "11.18",
        "201211": "10.64",
        "201212": "12.18",
        "201301": "12.74",
        "201302": "14.74",
        "201303": "15.08",
        "201304": "13.39",
        "201305": "13.83",
        "201306": "13.94",
        "201307": "14.63",
        "201308": "16.22",
        "201309": "17.10",
        "201310": "17.86",
        "201311": "17.62",
        "201312": "22.55",
        "201401": "32.17",
        "201402": "36.65",
        "201403": "43.13",
        "201404": "42.92",
        "201405": "40.25",
        "201406": "58.70",
        "201407": "83.98",
        "201408": "73.93",
        "201409": "87.88",
        "201410": "112.09",
        "201411": "116.35",
        "201412": "143.56",
        "201501": "155.48",
        "201502": "155.19",
        "201503": "139.75",
        "201504": "101.02",
        "201505": "103.41",
        "201506": "112.86",
        "201507": "109.55",
        "201508": "78.49",
        "201509": "77.95",
        "201510": "86.33",
        "201511": "85.70",
        "201512": "115.76",
        "201601": "99.99",
        "201602": "93.65",
        "201603": "117.17",
        "201604": "104.01",
        "201605": "84.52",
        "201606": "87.80",
        "201607": "108.54",
        "201608": "119.59",
        "201609": "109.91",
        "201610": "91.76",
        "201611": "88.76",
        "201612": "93.20",
        "201701": "99.17",
        "201702": "118.61",
        "201703": "137.83",
        "201704": "121.50",
        "201705": "122.30",
        "201706": "115.15",
        "201707": "95.84",
        "201708": "60.15",
        "201709": "65.51",
        "201710": "47.69",
        "201711": "42.50",
        "201712": "36.30",
        "201801": "28.97",
        "201802": "20.11",
        "201803": "20.40",
        "201804": "12.37",
        "201805": "10.22",
        "201806": "7.84",
        "201807": "6.90",
        "201808": "8.44",
        "201809": "7.50",
        "201810": "6.11",
        "201811": "5.69",
        "201812": "5.55",
        "201901": "10.58",
        "201902": "9.99",
        "201903": "9.51",
        "201904": "15.36",
        "201905": "16.95",
        "201906": "15.21",
        "201907": "15.25",
        "201908": "14.51",
        "201909": "13.00",
        "201910": "13.91",
        "201911": "12.51",
        "201912": "12.33",
        "202001": "11.69",
        "202002": "10.44",
        "202003": "8.93",
        "202004": "9.84",
        "202005": "12.72",
        "202006": "12.82",
        "202007": "18.12",
        "202008": "18.20",
        "202009": "17.91",
        "202010": "16.87",
        "202011": "16.60",
        "202012": "16.38",
        "202101": "15.00",
        "202102": "14.29",
        "202103": "15.29",
        "202104": "16.02",
        "202105": "14.03",
        "202106": "13.23",
        "202107": "12.92",
        "202108": "12.92",
        "202109": "13.02",
        "202110": "12.84",
        "202111": "14.09",
        "202112": "15.12",
        "202201": "14.67",
        "202202": "15.33",
        "202203": "15.18",
        "202204": "14.46",
        "202205": "15.00",
        "202206": "17.12",
        "202207": "15.74",
        "202208": "20.66",
        "202209": "21.27",
        "202210": "18.06",
        "202211": "20.68",
        "202212": "20.41",
        "202301": "18.98",
        "202302": "20.48",
        "202303": "21.24",
        "202304": "23.14",
        "202305": "20.37"
    },
    "quarters": {
        "20011": {
            "year_quarter": 20011,
            "year": 2001,
            "quarter": 1,
            "eps": null,
            "eps_growth_year": null,
            "eps_4q": null,
            "eps_4q_growth_year": null,
            "roe": null,
            "roe_4q": 0,
            "gross_profit": null,
            "gross_margin": null,
            "gross_margin_4q_avg": 0,
            "net_income": null,
            "revenue": null,
            "common_shares": null,
            "book_valuer_per_share": null,
            "book_valuer_per_share_4q_avg": 0,
            "equity": null,
            "current_ratio": null,
            "debt_ratio": null,
            "inventory_turnover_ratio": null,
            "account_receivable_turnover_ratio": null,
            "reinvestment_rate": null,
            "research_to_sale_ratio": null,
            "price_fair": 0,
            "eps_avg_yearly": 0,
            "eps_latest_yearly": 0,
            "eps_growth_yearly": 0
        },
        "20012": {
            "year_quarter": 20012,
            "year": 2001,
            "quarter": 2,
            "eps": null,
            "eps_growth_year": null,
            "eps_4q": null,
            "eps_4q_growth_year": null,
            "roe": null,
            "roe_4q": 0,
            "gross_profit": null,
            "gross_margin": null,
            "gross_margin_4q_avg": 0,
            "net_income": null,
            "revenue": null,
            "common_shares": null,
            "book_valuer_per_share": null,
            "book_valuer_per_share_4q_avg": 0,
            "equity": null,
            "current_ratio": null,
            "debt_ratio": null,
            "inventory_turnover_ratio": null,
            "account_receivable_turnover_ratio": null,
            "reinvestment_rate": null,
            "research_to_sale_ratio": null,
            "price_fair": 0,
            "eps_avg_yearly": 0,
            "eps_latest_yearly": 0,
            "eps_growth_yearly": 0
        },
        "20013": {
            "year_quarter": 20013,
            "year": 2001,
            "quarter": 3,
            "eps": null,
            "eps_growth_year": null,
            "eps_4q": null,
            "eps_4q_growth_year": null,
            "roe": null,
            "roe_4q": 0,
            "gross_profit": null,
            "gross_margin": null,
            "gross_margin_4q_avg": 0,
            "net_income": null,
            "revenue": null,
            "common_shares": null,
            "book_valuer_per_share": null,
            "book_valuer_per_share_4q_avg": 0,
            "equity": null,
            "current_ratio": null,
            "debt_ratio": null,
            "inventory_turnover_ratio": null,
            "account_receivable_turnover_ratio": null,
            "reinvestment_rate": null,
            "research_to_sale_ratio": null,
            "price_fair": 0,
            "eps_avg_yearly": 0,
            "eps_latest_yearly": 0,
            "eps_growth_yearly": 0
        },
        "20014": {
            "year_quarter": 20014,
            "year": 2001,
            "quarter": 4,
            "eps": null,
            "eps_growth_year": null,
            "eps_4q": null,
            "eps_4q_growth_year": null,
            "roe": null,
            "roe_4q": 0,
            "gross_profit": null,
            "gross_margin": null,
            "gross_margin_4q_avg": 0,
            "net_income": null,
            "revenue": null,
            "common_shares": 36000,
            "book_valuer_per_share": 10.12,
            "book_valuer_per_share_4q_avg": 2.53,
            "equity": 36449,
            "current_ratio": 134.66,
            "debt_ratio": 55.33,
            "inventory_turnover_ratio": null,
            "account_receivable_turnover_ratio": null,
            "reinvestment_rate": null,
            "research_to_sale_ratio": null,
            "price_fair": 0,
            "eps_avg_yearly": 0,
            "eps_latest_yearly": 0,
            "eps_growth_yearly": 0
        },
        "20021": {
            "year_quarter": 20021,
            "year": 2002,
            "quarter": 1,
            "eps": null,
            "eps_growth_year": null,
            "eps_4q": null,
            "eps_4q_growth_year": null,
            "roe": null,
            "roe_4q": 0,
            "gross_profit": null,
            "gross_margin": null,
            "gross_margin_4q_avg": 0,
            "net_income": null,
            "revenue": null,
            "common_shares": null,
            "book_valuer_per_share": null,
            "book_valuer_per_share_4q_avg": 2.53,
            "equity": null,
            "current_ratio": null,
            "debt_ratio": null,
            "inventory_turnover_ratio": null,
            "account_receivable_turnover_ratio": null,
            "reinvestment_rate": null,
            "research_to_sale_ratio": null,
            "price_fair": 0,
            "eps_avg_yearly": 0,
            "eps_latest_yearly": 0,
            "eps_growth_yearly": 0
        },
        "20022": {
            "year_quarter": 20022,
            "year": 2002,
            "quarter": 2,
            "eps": null,
            "eps_growth_year": null,
            "eps_4q": null,
            "eps_4q_growth_year": null,
            "roe": null,
            "roe_4q": 0,
            "gross_profit": null,
            "gross_margin": null,
            "gross_margin_4q_avg": 0,
            "net_income": null,
            "revenue": null,
            "common_shares": null,
            "book_valuer_per_share": null,
            "book_valuer_per_share_4q_avg": 2.53,
            "equity": null,
            "current_ratio": null,
            "debt_ratio": null,
            "inventory_turnover_ratio": null,
            "account_receivable_turnover_ratio": null,
            "reinvestment_rate": null,
            "research_to_sale_ratio": null,
            "price_fair": 0,
            "eps_avg_yearly": 0,
            "eps_latest_yearly": 0,
            "eps_growth_yearly": 0
        },
        "20023": {
            "year_quarter": 20023,
            "year": 2002,
            "quarter": 3,
            "eps": null,
            "eps_growth_year": null,
            "eps_4q": null,
            "eps_4q_growth_year": null,
            "roe": null,
            "roe_4q": 0,
            "gross_profit": null,
            "gross_margin": null,
            "gross_margin_4q_avg": 0,
            "net_income": null,
            "revenue": null,
            "common_shares": null,
            "book_valuer_per_share": null,
            "book_valuer_per_share_4q_avg": 2.53,
            "equity": null,
            "current_ratio": null,
            "debt_ratio": null,
            "inventory_turnover_ratio": null,
            "account_receivable_turnover_ratio": null,
            "reinvestment_rate": null,
            "research_to_sale_ratio": null,
            "price_fair": 0,
            "eps_avg_yearly": 0,
            "eps_latest_yearly": 0,
            "eps_growth_yearly": 0
        },
        "20024": {
            "year_quarter": 20024,
            "year": 2002,
            "quarter": 4,
            "eps": null,
            "eps_growth_year": null,
            "eps_4q": null,
            "eps_4q_growth_year": null,
            "roe": null,
            "roe_4q": 0,
            "gross_profit": null,
            "gross_margin": null,
            "gross_margin_4q_avg": 0,
            "net_income": null,
            "revenue": null,
            "common_shares": 250000,
            "book_valuer_per_share": 10.06,
            "book_valuer_per_share_4q_avg": 2.52,
            "equity": 251599,
            "current_ratio": 346.24,
            "debt_ratio": 10.83,
            "inventory_turnover_ratio": null,
            "account_receivable_turnover_ratio": null,
            "reinvestment_rate": null,
            "research_to_sale_ratio": null,
            "price_fair": 0,
            "eps_avg_yearly": 0,
            "eps_latest_yearly": 0,
            "eps_growth_yearly": 0
        },
        "20031": {
            "year_quarter": 20031,
            "year": 2003,
            "quarter": 1,
            "eps": null,
            "eps_growth_year": null,
            "eps_4q": null,
            "eps_4q_growth_year": null,
            "roe": null,
            "roe_4q": 0,
            "gross_profit": null,
            "gross_margin": null,
            "gross_margin_4q_avg": 0,
            "net_income": null,
            "revenue": null,
            "common_shares": null,
            "book_valuer_per_share": null,
            "book_valuer_per_share_4q_avg": 2.52,
            "equity": null,
            "current_ratio": null,
            "debt_ratio": null,
            "inventory_turnover_ratio": null,
            "account_receivable_turnover_ratio": null,
            "reinvestment_rate": null,
            "research_to_sale_ratio": null,
            "price_fair": 0,
            "eps_avg_yearly": 0,
            "eps_latest_yearly": 0,
            "eps_growth_yearly": 0
        },
        "20032": {
            "year_quarter": 20032,
            "year": 2003,
            "quarter": 2,
            "eps": null,
            "eps_growth_year": null,
            "eps_4q": null,
            "eps_4q_growth_year": null,
            "roe": null,
            "roe_4q": 0,
            "gross_profit": null,
            "gross_margin": null,
            "gross_margin_4q_avg": 0,
            "net_income": null,
            "revenue": null,
            "common_shares": null,
            "book_valuer_per_share": null,
            "book_valuer_per_share_4q_avg": 2.52,
            "equity": null,
            "current_ratio": null,
            "debt_ratio": null,
            "inventory_turnover_ratio": null,
            "account_receivable_turnover_ratio": null,
            "reinvestment_rate": null,
            "research_to_sale_ratio": null,
            "price_fair": 0,
            "eps_avg_yearly": 0,
            "eps_latest_yearly": 0,
            "eps_growth_yearly": 0
        },
        "20033": {
            "year_quarter": 20033,
            "year": 2003,
            "quarter": 3,
            "eps": null,
            "eps_growth_year": null,
            "eps_4q": null,
            "eps_4q_growth_year": null,
            "roe": null,
            "roe_4q": 0,
            "gross_profit": null,
            "gross_margin": null,
            "gross_margin_4q_avg": 0,
            "net_income": null,
            "revenue": null,
            "common_shares": null,
            "book_valuer_per_share": null,
            "book_valuer_per_share_4q_avg": 2.52,
            "equity": null,
            "current_ratio": null,
            "debt_ratio": null,
            "inventory_turnover_ratio": null,
            "account_receivable_turnover_ratio": null,
            "reinvestment_rate": null,
            "research_to_sale_ratio": null,
            "price_fair": 0,
            "eps_avg_yearly": 0,
            "eps_latest_yearly": 0,
            "eps_growth_yearly": 0
        },
        "20034": {
            "year_quarter": 20034,
            "year": 2003,
            "quarter": 4,
            "eps": null,
            "eps_growth_year": null,
            "eps_4q": null,
            "eps_4q_growth_year": null,
            "roe": null,
            "roe_4q": 0,
            "gross_profit": null,
            "gross_margin": null,
            "gross_margin_4q_avg": 0,
            "net_income": null,
            "revenue": null,
            "common_shares": 250000,
            "book_valuer_per_share": 8.82,
            "book_valuer_per_share_4q_avg": 2.21,
            "equity": 220410,
            "current_ratio": 124.38,
            "debt_ratio": 41.27,
            "inventory_turnover_ratio": null,
            "account_receivable_turnover_ratio": null,
            "reinvestment_rate": null,
            "research_to_sale_ratio": null,
            "price_fair": 0,
            "eps_avg_yearly": 0,
            "eps_latest_yearly": 0,
            "eps_growth_yearly": 0
        },
        "20041": {
            "year_quarter": 20041,
            "year": 2004,
            "quarter": 1,
            "eps": null,
            "eps_growth_year": null,
            "eps_4q": null,
            "eps_4q_growth_year": null,
            "roe": null,
            "roe_4q": 0,
            "gross_profit": null,
            "gross_margin": null,
            "gross_margin_4q_avg": 0,
            "net_income": null,
            "revenue": null,
            "common_shares": null,
            "book_valuer_per_share": null,
            "book_valuer_per_share_4q_avg": 2.21,
            "equity": null,
            "current_ratio": null,
            "debt_ratio": null,
            "inventory_turnover_ratio": null,
            "account_receivable_turnover_ratio": null,
            "reinvestment_rate": null,
            "research_to_sale_ratio": null,
            "price_fair": 0,
            "eps_avg_yearly": 0,
            "eps_latest_yearly": 0,
            "eps_growth_yearly": 0
        },
        "20042": {
            "year_quarter": 20042,
            "year": 2004,
            "quarter": 2,
            "eps": null,
            "eps_growth_year": null,
            "eps_4q": null,
            "eps_4q_growth_year": null,
            "roe": null,
            "roe_4q": 0,
            "gross_profit": null,
            "gross_margin": null,
            "gross_margin_4q_avg": 0,
            "net_income": null,
            "revenue": null,
            "common_shares": null,
            "book_valuer_per_share": null,
            "book_valuer_per_share_4q_avg": 2.21,
            "equity": null,
            "current_ratio": null,
            "debt_ratio": null,
            "inventory_turnover_ratio": null,
            "account_receivable_turnover_ratio": null,
            "reinvestment_rate": null,
            "research_to_sale_ratio": null,
            "price_fair": 0,
            "eps_avg_yearly": 0,
            "eps_latest_yearly": 0,
            "eps_growth_yearly": 0
        },
        "20043": {
            "year_quarter": 20043,
            "year": 2004,
            "quarter": 3,
            "eps": null,
            "eps_growth_year": null,
            "eps_4q": null,
            "eps_4q_growth_year": null,
            "roe": null,
            "roe_4q": 0,
            "gross_profit": null,
            "gross_margin": null,
            "gross_margin_4q_avg": 0,
            "net_income": null,
            "revenue": null,
            "common_shares": null,
            "book_valuer_per_share": null,
            "book_valuer_per_share_4q_avg": 2.21,
            "equity": null,
            "current_ratio": null,
            "debt_ratio": null,
            "inventory_turnover_ratio": null,
            "account_receivable_turnover_ratio": null,
            "reinvestment_rate": null,
            "research_to_sale_ratio": null,
            "price_fair": 0,
            "eps_avg_yearly": 0,
            "eps_latest_yearly": 0,
            "eps_growth_yearly": 0
        },
        "20044": {
            "year_quarter": 20044,
            "year": 2004,
            "quarter": 4,
            "eps": null,
            "eps_growth_year": null,
            "eps_4q": null,
            "eps_4q_growth_year": null,
            "roe": null,
            "roe_4q": 0,
            "gross_profit": null,
            "gross_margin": null,
            "gross_margin_4q_avg": 0,
            "net_income": null,
            "revenue": null,
            "common_shares": 250000,
            "book_valuer_per_share": 8.13,
            "book_valuer_per_share_4q_avg": 2.03,
            "equity": 203240,
            "current_ratio": 120.63,
            "debt_ratio": 63.02,
            "inventory_turnover_ratio": null,
            "account_receivable_turnover_ratio": null,
            "reinvestment_rate": null,
            "research_to_sale_ratio": null,
            "price_fair": 0,
            "eps_avg_yearly": 0,
            "eps_latest_yearly": 0,
            "eps_growth_yearly": 0
        },
        "20051": {
            "year_quarter": 20051,
            "year": 2005,
            "quarter": 1,
            "eps": null,
            "eps_growth_year": null,
            "eps_4q": null,
            "eps_4q_growth_year": null,
            "roe": null,
            "roe_4q": 0,
            "gross_profit": null,
            "gross_margin": null,
            "gross_margin_4q_avg": 0,
            "net_income": null,
            "revenue": null,
            "common_shares": null,
            "book_valuer_per_share": null,
            "book_valuer_per_share_4q_avg": 2.03,
            "equity": null,
            "current_ratio": null,
            "debt_ratio": null,
            "inventory_turnover_ratio": null,
            "account_receivable_turnover_ratio": null,
            "reinvestment_rate": null,
            "research_to_sale_ratio": null,
            "price_fair": 0,
            "eps_avg_yearly": 0,
            "eps_latest_yearly": 0,
            "eps_growth_yearly": 0
        },
        "20052": {
            "year_quarter": 20052,
            "year": 2005,
            "quarter": 2,
            "eps": null,
            "eps_growth_year": null,
            "eps_4q": null,
            "eps_4q_growth_year": null,
            "roe": null,
            "roe_4q": 0,
            "gross_profit": null,
            "gross_margin": null,
            "gross_margin_4q_avg": 0,
            "net_income": null,
            "revenue": null,
            "common_shares": null,
            "book_valuer_per_share": null,
            "book_valuer_per_share_4q_avg": 2.03,
            "equity": null,
            "current_ratio": null,
            "debt_ratio": null,
            "inventory_turnover_ratio": null,
            "account_receivable_turnover_ratio": null,
            "reinvestment_rate": null,
            "research_to_sale_ratio": null,
            "price_fair": 0,
            "eps_avg_yearly": 0,
            "eps_latest_yearly": 0,
            "eps_growth_yearly": 0
        },
        "20053": {
            "year_quarter": 20053,
            "year": 2005,
            "quarter": 3,
            "eps": null,
            "eps_growth_year": null,
            "eps_4q": null,
            "eps_4q_growth_year": null,
            "roe": null,
            "roe_4q": 0,
            "gross_profit": null,
            "gross_margin": null,
            "gross_margin_4q_avg": 0,
            "net_income": null,
            "revenue": null,
            "common_shares": null,
            "book_valuer_per_share": null,
            "book_valuer_per_share_4q_avg": 2.03,
            "equity": null,
            "current_ratio": null,
            "debt_ratio": null,
            "inventory_turnover_ratio": null,
            "account_receivable_turnover_ratio": null,
            "reinvestment_rate": null,
            "research_to_sale_ratio": null,
            "price_fair": 0,
            "eps_avg_yearly": 0,
            "eps_latest_yearly": 0,
            "eps_growth_yearly": 0
        },
        "20054": {
            "year_quarter": 20054,
            "year": 2005,
            "quarter": 4,
            "eps": null,
            "eps_growth_year": null,
            "eps_4q": null,
            "eps_4q_growth_year": null,
            "roe": null,
            "roe_4q": 0,
            "gross_profit": null,
            "gross_margin": null,
            "gross_margin_4q_avg": 0,
            "net_income": null,
            "revenue": null,
            "common_shares": 305000,
            "book_valuer_per_share": 12.92,
            "book_valuer_per_share_4q_avg": 3.23,
            "equity": 393968,
            "current_ratio": 124.78,
            "debt_ratio": 69.39,
            "inventory_turnover_ratio": null,
            "account_receivable_turnover_ratio": null,
            "reinvestment_rate": null,
            "research_to_sale_ratio": null,
            "price_fair": 0,
            "eps_avg_yearly": 0,
            "eps_latest_yearly": 0,
            "eps_growth_yearly": 0
        },
        "20061": {
            "year_quarter": 20061,
            "year": 2006,
            "quarter": 1,
            "eps": 1.02,
            "eps_growth_year": null,
            "eps_4q": null,
            "eps_4q_growth_year": null,
            "roe": 7.6,
            "roe_4q": 7.6,
            "gross_profit": 46128,
            "gross_margin": 12.47,
            "gross_margin_4q_avg": 3.12,
            "net_income": 31046,
            "revenue": 369847,
            "common_shares": 305000,
            "book_valuer_per_share": 13.89,
            "book_valuer_per_share_4q_avg": 6.7,
            "equity": 423514,
            "current_ratio": 130.04,
            "debt_ratio": 58.79,
            "inventory_turnover_ratio": 4.12,
            "account_receivable_turnover_ratio": null,
            "reinvestment_rate": null,
            "research_to_sale_ratio": null,
            "price_fair": 0,
            "eps_avg_yearly": 0,
            "eps_latest_yearly": 0,
            "eps_growth_yearly": 0
        },
        "20062": {
            "year_quarter": 20062,
            "year": 2006,
            "quarter": 2,
            "eps": 0.59,
            "eps_growth_year": null,
            "eps_4q": null,
            "eps_4q_growth_year": null,
            "roe": 4.11,
            "roe_4q": 11.71,
            "gross_profit": 48297,
            "gross_margin": 13.77,
            "gross_margin_4q_avg": 6.56,
            "net_income": 21189,
            "revenue": 350754,
            "common_shares": 355000,
            "book_valuer_per_share": 17.08,
            "book_valuer_per_share_4q_avg": 10.97,
            "equity": 606506,
            "current_ratio": 180.2,
            "debt_ratio": 41.96,
            "inventory_turnover_ratio": 5.93,
            "account_receivable_turnover_ratio": null,
            "reinvestment_rate": null,
            "research_to_sale_ratio": null,
            "price_fair": 7.08,
            "eps_avg_yearly": 2.36,
            "eps_latest_yearly": 2.36,
            "eps_growth_yearly": -168.63
        },
        "20063": {
            "year_quarter": 20063,
            "year": 2006,
            "quarter": 3,
            "eps": 1.02,
            "eps_growth_year": null,
            "eps_4q": null,
            "eps_4q_growth_year": null,
            "roe": 6.5,
            "roe_4q": 18.21,
            "gross_profit": 46451,
            "gross_margin": 12.84,
            "gross_margin_4q_avg": 9.77,
            "net_income": 40879,
            "revenue": 361639,
            "common_shares": 399128,
            "book_valuer_per_share": 16.33,
            "book_valuer_per_share_4q_avg": 15.06,
            "equity": 651594,
            "current_ratio": 214.11,
            "debt_ratio": 33.17,
            "inventory_turnover_ratio": 7.71,
            "account_receivable_turnover_ratio": null,
            "reinvestment_rate": null,
            "research_to_sale_ratio": null,
            "price_fair": 112.7,
            "eps_avg_yearly": 3.22,
            "eps_latest_yearly": 4.08,
            "eps_growth_yearly": 61.45
        },
        "20064": {
            "year_quarter": 20064,
            "year": 2006,
            "quarter": 4,
            "eps": 0.46,
            "eps_growth_year": null,
            "eps_4q": 2.93,
            "eps_4q_growth_year": null,
            "roe": 2.62,
            "roe_4q": 20.83,
            "gross_profit": 44477,
            "gross_margin": 14.23,
            "gross_margin_4q_avg": 13.33,
            "net_income": 17320,
            "revenue": 312610,
            "common_shares": 399128,
            "book_valuer_per_share": 16.77,
            "book_valuer_per_share_4q_avg": 16.02,
            "equity": 669323,
            "current_ratio": 130.45,
            "debt_ratio": 65.78,
            "inventory_turnover_ratio": 1.77,
            "account_receivable_turnover_ratio": null,
            "reinvestment_rate": null,
            "research_to_sale_ratio": null,
            "price_fair": 8.28,
            "eps_avg_yearly": 2.76,
            "eps_latest_yearly": 1.84,
            "eps_growth_yearly": -32.24
        },
        "20071": {
            "year_quarter": 20071,
            "year": 2007,
            "quarter": 1,
            "eps": 0.73,
            "eps_growth_year": -28.43,
            "eps_4q": 2.71,
            "eps_4q_growth_year": null,
            "roe": 4.28,
            "roe_4q": 17.51,
            "gross_profit": 43454,
            "gross_margin": 16.71,
            "gross_margin_4q_avg": 14.39,
            "net_income": 29254,
            "revenue": 260054,
            "common_shares": 399128,
            "book_valuer_per_share": 17.49,
            "book_valuer_per_share_4q_avg": 16.92,
            "equity": 698132,
            "current_ratio": 212.78,
            "debt_ratio": 34.68,
            "inventory_turnover_ratio": 1.43,
            "account_receivable_turnover_ratio": null,
            "reinvestment_rate": null,
            "research_to_sale_ratio": null,
            "price_fair": 98,
            "eps_avg_yearly": 2.8,
            "eps_latest_yearly": 2.92,
            "eps_growth_yearly": 34.52
        },
        "20072": {
            "year_quarter": 20072,
            "year": 2007,
            "quarter": 2,
            "eps": 0.3,
            "eps_growth_year": -49.15,
            "eps_4q": 2.51,
            "eps_4q_growth_year": null,
            "roe": 1.76,
            "roe_4q": 15.16,
            "gross_profit": 34862,
            "gross_margin": 14.33,
            "gross_margin_4q_avg": 14.53,
            "net_income": 11863,
            "revenue": 243272,
            "common_shares": 399128,
            "book_valuer_per_share": 16.3,
            "book_valuer_per_share_4q_avg": 16.72,
            "equity": 650446,
            "current_ratio": 215.75,
            "debt_ratio": 30.92,
            "inventory_turnover_ratio": 7.98,
            "account_receivable_turnover_ratio": null,
            "reinvestment_rate": null,
            "research_to_sale_ratio": null,
            "price_fair": 7.44,
            "eps_avg_yearly": 2.48,
            "eps_latest_yearly": 1.2,
            "eps_growth_yearly": -19.51
        },
        "20073": {
            "year_quarter": 20073,
            "year": 2007,
            "quarter": 3,
            "eps": 0.48,
            "eps_growth_year": -52.94,
            "eps_4q": 1.85,
            "eps_4q_growth_year": null,
            "roe": 3.09,
            "roe_4q": 11.75,
            "gross_profit": 30620,
            "gross_margin": 12.19,
            "gross_margin_4q_avg": 14.37,
            "net_income": 20411,
            "revenue": 251192,
            "common_shares": 426584,
            "book_valuer_per_share": 15.71,
            "book_valuer_per_share_4q_avg": 16.57,
            "equity": 670325,
            "current_ratio": 239.35,
            "debt_ratio": 26.47,
            "inventory_turnover_ratio": 10.17,
            "account_receivable_turnover_ratio": null,
            "reinvestment_rate": null,
            "research_to_sale_ratio": null,
            "price_fair": 80.53,
            "eps_avg_yearly": 2.39,
            "eps_latest_yearly": 1.92,
            "eps_growth_yearly": 23.74
        },
        "20074": {
            "year_quarter": 20074,
            "year": 2007,
            "quarter": 4,
            "eps": 0.07,
            "eps_growth_year": -84.78,
            "eps_4q": 1.4,
            "eps_4q_growth_year": -52.26,
            "roe": 0.43,
            "roe_4q": 9.56,
            "gross_profit": 35325,
            "gross_margin": 13.88,
            "gross_margin_4q_avg": 14.28,
            "net_income": 3238,
            "revenue": 254568,
            "common_shares": 496584,
            "book_valuer_per_share": 17.15,
            "book_valuer_per_share_4q_avg": 16.66,
            "equity": 851674,
            "current_ratio": 148.01,
            "debt_ratio": 53.53,
            "inventory_turnover_ratio": 1.94,
            "account_receivable_turnover_ratio": null,
            "reinvestment_rate": null,
            "research_to_sale_ratio": null,
            "price_fair": 6.26,
            "eps_avg_yearly": 2.09,
            "eps_latest_yearly": 0.28,
            "eps_growth_yearly": -28.46
        },
        "20081": {
            "year_quarter": 20081,
            "year": 2008,
            "quarter": 1,
            "eps": 0.13,
            "eps_growth_year": -82.19,
            "eps_4q": 0.86,
            "eps_4q_growth_year": -68.27,
            "roe": 0.75,
            "roe_4q": 6.029999999999999,
            "gross_profit": 85588,
            "gross_margin": 14.9,
            "gross_margin_4q_avg": 13.83,
            "net_income": 6323,
            "revenue": 574373,
            "common_shares": 496584,
            "book_valuer_per_share": 16.9,
            "book_valuer_per_share_4q_avg": 16.52,
            "equity": 839327,
            "current_ratio": 147.75,
            "debt_ratio": 51.96,
            "inventory_turnover_ratio": 2.09,
            "account_receivable_turnover_ratio": null,
            "reinvestment_rate": null,
            "research_to_sale_ratio": null,
            "price_fair": 52.84,
            "eps_avg_yearly": 1.89,
            "eps_latest_yearly": 0.52,
            "eps_growth_yearly": 17.96
        },
        "20082": {
            "year_quarter": 20082,
            "year": 2008,
            "quarter": 2,
            "eps": 0.71,
            "eps_growth_year": 136.67,
            "eps_4q": 1.32,
            "eps_4q_growth_year": -47.41,
            "roe": 4.16,
            "roe_4q": 8.43,
            "gross_profit": 103381,
            "gross_margin": 13.21,
            "gross_margin_4q_avg": 13.55,
            "net_income": 34840,
            "revenue": 782790,
            "common_shares": 496584,
            "book_valuer_per_share": 16.85,
            "book_valuer_per_share_4q_avg": 16.65,
            "equity": 836740,
            "current_ratio": 145.34,
            "debt_ratio": 52.55,
            "inventory_turnover_ratio": 2.6,
            "account_receivable_turnover_ratio": null,
            "reinvestment_rate": null,
            "research_to_sale_ratio": null,
            "price_fair": 69.84,
            "eps_avg_yearly": 2,
            "eps_latest_yearly": 2.84,
            "eps_growth_yearly": 214.25
        },
        "20083": {
            "year_quarter": 20083,
            "year": 2008,
            "quarter": 3,
            "eps": 0.68,
            "eps_growth_year": 41.67,
            "eps_4q": 1.56,
            "eps_4q_growth_year": -16.03,
            "roe": 3.97,
            "roe_4q": 9.31,
            "gross_profit": 84707,
            "gross_margin": 12.86,
            "gross_margin_4q_avg": 13.71,
            "net_income": 34428,
            "revenue": 658769,
            "common_shares": 508803,
            "book_valuer_per_share": 17.63,
            "book_valuer_per_share_4q_avg": 17.13,
            "equity": 896941,
            "current_ratio": 138.69,
            "debt_ratio": 56.37,
            "inventory_turnover_ratio": 2.15,
            "account_receivable_turnover_ratio": null,
            "reinvestment_rate": null,
            "research_to_sale_ratio": null,
            "price_fair": 72.38,
            "eps_avg_yearly": 2.07,
            "eps_latest_yearly": 2.72,
            "eps_growth_yearly": 191.14
        },
        "20084": {
            "year_quarter": 20084,
            "year": 2008,
            "quarter": 4,
            "eps": -0.97,
            "eps_growth_year": -1485.71,
            "eps_4q": 0.53,
            "eps_4q_growth_year": -62.15,
            "roe": -5.6,
            "roe_4q": 3.2800000000000007,
            "gross_profit": 16851,
            "gross_margin": 3.44,
            "gross_margin_4q_avg": 11.1,
            "net_income": -49018,
            "revenue": 490250,
            "common_shares": 508803,
            "book_valuer_per_share": 16.78,
            "book_valuer_per_share_4q_avg": 17.04,
            "equity": 853819,
            "current_ratio": 159.81,
            "debt_ratio": 43.56,
            "inventory_turnover_ratio": 2.22,
            "account_receivable_turnover_ratio": 2.01,
            "reinvestment_rate": null,
            "research_to_sale_ratio": null,
            "price_fair": 72.38,
            "eps_avg_yearly": 2.07,
            "eps_latest_yearly": 2.72,
            "eps_growth_yearly": 191.14
        },
        "20091": {
            "year_quarter": 20091,
            "year": 2009,
            "quarter": 1,
            "eps": 0.18,
            "eps_growth_year": 38.46,
            "eps_4q": 0.58,
            "eps_4q_growth_year": -32.57,
            "roe": 1.05,
            "roe_4q": 3.5800000000000005,
            "gross_profit": 40264,
            "gross_margin": 10.38,
            "gross_margin_4q_avg": 9.97,
            "net_income": 9113,
            "revenue": 387781,
            "common_shares": 508803,
            "book_valuer_per_share": 17.25,
            "book_valuer_per_share_4q_avg": 17.13,
            "equity": 877883,
            "current_ratio": 176.32,
            "debt_ratio": 37.44,
            "inventory_turnover_ratio": 2.28,
            "account_receivable_turnover_ratio": 0.92,
            "reinvestment_rate": null,
            "research_to_sale_ratio": null,
            "price_fair": 72.38,
            "eps_avg_yearly": 2.07,
            "eps_latest_yearly": 2.72,
            "eps_growth_yearly": 191.14
        },
        "20092": {
            "year_quarter": 20092,
            "year": 2009,
            "quarter": 2,
            "eps": 0.29,
            "eps_growth_year": -59.15,
            "eps_4q": 0.18,
            "eps_4q_growth_year": -86.26,
            "roe": 1.68,
            "roe_4q": 1.1000000000000005,
            "gross_profit": 80852,
            "gross_margin": 17.69,
            "gross_margin_4q_avg": 11.09,
            "net_income": 14627,
            "revenue": 457012,
            "common_shares": 508803,
            "book_valuer_per_share": 16.94,
            "book_valuer_per_share_4q_avg": 17.15,
            "equity": 862117,
            "current_ratio": 167.76,
            "debt_ratio": 40.04,
            "inventory_turnover_ratio": 2.46,
            "account_receivable_turnover_ratio": 1.11,
            "reinvestment_rate": null,
            "research_to_sale_ratio": null,
            "price_fair": 69.49,
            "eps_avg_yearly": 1.99,
            "eps_latest_yearly": 1.16,
            "eps_growth_yearly": 195.98
        },
        "20093": {
            "year_quarter": 20093,
            "year": 2009,
            "quarter": 3,
            "eps": 0.19,
            "eps_growth_year": -72.06,
            "eps_4q": -0.31,
            "eps_4q_growth_year": -119.85,
            "roe": 1.12,
            "roe_4q": -1.75,
            "gross_profit": 73645,
            "gross_margin": 14.39,
            "gross_margin_4q_avg": 11.48,
            "net_income": 9625,
            "revenue": 511820,
            "common_shares": 518855,
            "book_valuer_per_share": 16.6,
            "book_valuer_per_share_4q_avg": 16.89,
            "equity": 861238,
            "current_ratio": 159.11,
            "debt_ratio": 43.75,
            "inventory_turnover_ratio": 2.71,
            "account_receivable_turnover_ratio": 0.89,
            "reinvestment_rate": null,
            "research_to_sale_ratio": null,
            "price_fair": 65.92,
            "eps_avg_yearly": 1.88,
            "eps_latest_yearly": 0.76,
            "eps_growth_yearly": 168.16
        },
        "20094": {
            "year_quarter": 20094,
            "year": 2009,
            "quarter": 4,
            "eps": -0.05,
            "eps_growth_year": null,
            "eps_4q": 0.6,
            "eps_4q_growth_year": 13.9,
            "roe": -0.28,
            "roe_4q": 3.5700000000000003,
            "gross_profit": 56487,
            "gross_margin": 13.54,
            "gross_margin_4q_avg": 14,
            "net_income": -2417,
            "revenue": 417315,
            "common_shares": 518856,
            "book_valuer_per_share": 16.69,
            "book_valuer_per_share_4q_avg": 16.87,
            "equity": 855775,
            "current_ratio": 159.36,
            "debt_ratio": 42.81,
            "inventory_turnover_ratio": 2.13,
            "account_receivable_turnover_ratio": 1.32,
            "reinvestment_rate": 313.18,
            "research_to_sale_ratio": null,
            "price_fair": 65.92,
            "eps_avg_yearly": 1.88,
            "eps_latest_yearly": 0.76,
            "eps_growth_yearly": 168.16
        },
        "20101": {
            "year_quarter": 20101,
            "year": 2010,
            "quarter": 1,
            "eps": 0.07,
            "eps_growth_year": -61.11,
            "eps_4q": 0.49,
            "eps_4q_growth_year": -14.81,
            "roe": 0.41,
            "roe_4q": 2.9299999999999997,
            "gross_profit": 47915,
            "gross_margin": 11.73,
            "gross_margin_4q_avg": 14.34,
            "net_income": 3494,
            "revenue": 408411,
            "common_shares": 518856,
            "book_valuer_per_share": 16.7,
            "book_valuer_per_share_4q_avg": 16.73,
            "equity": 856062,
            "current_ratio": 162.43,
            "debt_ratio": 41.67,
            "inventory_turnover_ratio": 2.04,
            "account_receivable_turnover_ratio": 0.67,
            "reinvestment_rate": 413.58,
            "research_to_sale_ratio": 0.49,
            "price_fair": 65.92,
            "eps_avg_yearly": 1.88,
            "eps_latest_yearly": 0.76,
            "eps_growth_yearly": 168.16
        },
        "20102": {
            "year_quarter": 20102,
            "year": 2010,
            "quarter": 2,
            "eps": -0.03,
            "eps_growth_year": -109.01,
            "eps_4q": 0.18,
            "eps_4q_growth_year": 0.67,
            "roe": -0.16,
            "roe_4q": 1.09,
            "gross_profit": 52174,
            "gross_margin": 11.8,
            "gross_margin_4q_avg": 12.87,
            "net_income": -1339,
            "revenue": 442305,
            "common_shares": 518856,
            "book_valuer_per_share": 16.36,
            "book_valuer_per_share_4q_avg": 16.59,
            "equity": 838539,
            "current_ratio": 157.69,
            "debt_ratio": 43.1,
            "inventory_turnover_ratio": 2.03,
            "account_receivable_turnover_ratio": 0.77,
            "reinvestment_rate": 486.82,
            "research_to_sale_ratio": 0.45,
            "price_fair": 64.4,
            "eps_avg_yearly": 1.84,
            "eps_latest_yearly": 0.76,
            "eps_growth_yearly": 198.77
        },
        "20103": {
            "year_quarter": 20103,
            "year": 2010,
            "quarter": 3,
            "eps": -0.03,
            "eps_growth_year": -114.36,
            "eps_4q": -0.03,
            "eps_4q_growth_year": null,
            "roe": -0.17,
            "roe_4q": -0.20000000000000007,
            "gross_profit": 49361,
            "gross_margin": 11.95,
            "gross_margin_4q_avg": 12.26,
            "net_income": -1399,
            "revenue": 413094,
            "common_shares": 518856,
            "book_valuer_per_share": 16.1,
            "book_valuer_per_share_4q_avg": 16.46,
            "equity": 825412,
            "current_ratio": 155.03,
            "debt_ratio": 44.74,
            "inventory_turnover_ratio": 1.83,
            "account_receivable_turnover_ratio": 0.8,
            "reinvestment_rate": 654.54,
            "research_to_sale_ratio": 0.42,
            "price_fair": 56.56,
            "eps_avg_yearly": 1.62,
            "eps_latest_yearly": 0.76,
            "eps_growth_yearly": 189.5
        },
        "20104": {
            "year_quarter": 20104,
            "year": 2010,
            "quarter": 4,
            "eps": -0.09,
            "eps_growth_year": null,
            "eps_4q": -0.08,
            "eps_4q_growth_year": -112.94,
            "roe": -0.59,
            "roe_4q": -0.51,
            "gross_profit": 46404,
            "gross_margin": 12.05,
            "gross_margin_4q_avg": 11.88,
            "net_income": -4762,
            "revenue": 385030,
            "common_shares": 518856,
            "book_valuer_per_share": 15.28,
            "book_valuer_per_share_4q_avg": 16.11,
            "equity": 783347,
            "current_ratio": 161.95,
            "debt_ratio": 41.67,
            "inventory_turnover_ratio": 1.81,
            "account_receivable_turnover_ratio": 0.84,
            "reinvestment_rate": 557.56,
            "research_to_sale_ratio": 0.39,
            "price_fair": 55.69,
            "eps_avg_yearly": 1.59,
            "eps_latest_yearly": 0.76,
            "eps_growth_yearly": 234.95
        },
        "20111": {
            "year_quarter": 20111,
            "year": 2011,
            "quarter": 1,
            "eps": -0.24,
            "eps_growth_year": -442.86,
            "eps_4q": -0.39,
            "eps_4q_growth_year": -178.25,
            "roe": -1.58,
            "roe_4q": -2.5,
            "gross_profit": 30373,
            "gross_margin": 8.87,
            "gross_margin_4q_avg": 11.17,
            "net_income": -12320,
            "revenue": 342610,
            "common_shares": 518856,
            "book_valuer_per_share": 15.19,
            "book_valuer_per_share_4q_avg": 15.73,
            "equity": 778970,
            "current_ratio": 162.6,
            "debt_ratio": 41.22,
            "inventory_turnover_ratio": 1.81,
            "account_receivable_turnover_ratio": 0.76,
            "reinvestment_rate": 1113.61,
            "research_to_sale_ratio": 0.5,
            "price_fair": 49.88,
            "eps_avg_yearly": 1.43,
            "eps_latest_yearly": 0.76,
            "eps_growth_yearly": 234.98
        },
        "20112": {
            "year_quarter": 20112,
            "year": 2011,
            "quarter": 2,
            "eps": -1.5,
            "eps_growth_year": null,
            "eps_4q": -1.86,
            "eps_4q_growth_year": -1117.56,
            "roe": -10.43,
            "roe_4q": -12.77,
            "gross_profit": 21954,
            "gross_margin": 6.63,
            "gross_margin_4q_avg": 9.88,
            "net_income": -76793,
            "revenue": 331315,
            "common_shares": 512666,
            "book_valuer_per_share": 13.54,
            "book_valuer_per_share_4q_avg": 15.03,
            "equity": 694141,
            "current_ratio": 158.87,
            "debt_ratio": 43.99,
            "inventory_turnover_ratio": 1.7,
            "account_receivable_turnover_ratio": 0.73,
            "reinvestment_rate": null,
            "research_to_sale_ratio": 0.43,
            "price_fair": 51,
            "eps_avg_yearly": 1.46,
            "eps_latest_yearly": 0.76,
            "eps_growth_yearly": 302.2
        },
        "20113": {
            "year_quarter": 20113,
            "year": 2011,
            "quarter": 3,
            "eps": -0.25,
            "eps_growth_year": null,
            "eps_4q": -2.09,
            "eps_4q_growth_year": null,
            "roe": -1.85,
            "roe_4q": -14.45,
            "gross_profit": 12074,
            "gross_margin": 3.61,
            "gross_margin_4q_avg": 7.79,
            "net_income": -13035,
            "revenue": 334796,
            "common_shares": 512666,
            "book_valuer_per_share": 14,
            "book_valuer_per_share_4q_avg": 14.5,
            "equity": 717575,
            "current_ratio": 165.84,
            "debt_ratio": 45.48,
            "inventory_turnover_ratio": 1.56,
            "account_receivable_turnover_ratio": 0.73,
            "reinvestment_rate": null,
            "research_to_sale_ratio": 0.55,
            "price_fair": 48.3,
            "eps_avg_yearly": 1.38,
            "eps_latest_yearly": 0.76,
            "eps_growth_yearly": 312.57
        },
        "20114": {
            "year_quarter": 20114,
            "year": 2011,
            "quarter": 4,
            "eps": -0.65,
            "eps_growth_year": null,
            "eps_4q": -2.64,
            "eps_4q_growth_year": null,
            "roe": -4.75,
            "roe_4q": -18.61,
            "gross_profit": 13814,
            "gross_margin": 4.7,
            "gross_margin_4q_avg": 5.95,
            "net_income": -33368,
            "revenue": 293813,
            "common_shares": 512666,
            "book_valuer_per_share": 13.38,
            "book_valuer_per_share_4q_avg": 14.03,
            "equity": 685992,
            "current_ratio": 174.35,
            "debt_ratio": 42.44,
            "inventory_turnover_ratio": 1.18,
            "account_receivable_turnover_ratio": 0.66,
            "reinvestment_rate": null,
            "research_to_sale_ratio": -0,
            "price_fair": 56,
            "eps_avg_yearly": 1.6,
            "eps_latest_yearly": 0.76,
            "eps_growth_yearly": 443.42
        },
        "20121": {
            "year_quarter": 20121,
            "year": 2012,
            "quarter": 1,
            "eps": -0.58,
            "eps_growth_year": null,
            "eps_4q": -2.98,
            "eps_4q_growth_year": null,
            "roe": -4.44,
            "roe_4q": -21.47,
            "gross_profit": 9864,
            "gross_margin": 3.36,
            "gross_margin_4q_avg": 4.58,
            "net_income": -29611,
            "revenue": 293987,
            "common_shares": 512666,
            "book_valuer_per_share": 12.61,
            "book_valuer_per_share_4q_avg": 13.38,
            "equity": 646386,
            "current_ratio": 172.78,
            "debt_ratio": 42.62,
            "inventory_turnover_ratio": 1.32,
            "account_receivable_turnover_ratio": 0.68,
            "reinvestment_rate": null,
            "research_to_sale_ratio": 0.34,
            "price_fair": 65.45,
            "eps_avg_yearly": 1.87,
            "eps_latest_yearly": 0.76,
            "eps_growth_yearly": 468.56
        },
        "20122": {
            "year_quarter": 20122,
            "year": 2012,
            "quarter": 2,
            "eps": -0.71,
            "eps_growth_year": null,
            "eps_4q": -2.2,
            "eps_4q_growth_year": null,
            "roe": -5.82,
            "roe_4q": -16.860000000000003,
            "gross_profit": 20536,
            "gross_margin": 8.24,
            "gross_margin_4q_avg": 4.98,
            "net_income": -36652,
            "revenue": 249086,
            "common_shares": 512666,
            "book_valuer_per_share": 11.95,
            "book_valuer_per_share_4q_avg": 12.99,
            "equity": 612657,
            "current_ratio": 179.47,
            "debt_ratio": 41.52,
            "inventory_turnover_ratio": 1.43,
            "account_receivable_turnover_ratio": 0.58,
            "reinvestment_rate": null,
            "research_to_sale_ratio": 0.43,
            "price_fair": 54.13,
            "eps_avg_yearly": 1.55,
            "eps_latest_yearly": 0.76,
            "eps_growth_yearly": 29.87
        },
        "20123": {
            "year_quarter": 20123,
            "year": 2012,
            "quarter": 3,
            "eps": -0.7,
            "eps_growth_year": null,
            "eps_4q": -2.65,
            "eps_4q_growth_year": null,
            "roe": -6.1,
            "roe_4q": -21.11,
            "gross_profit": 3366,
            "gross_margin": 1.63,
            "gross_margin_4q_avg": 4.48,
            "net_income": -36034,
            "revenue": 206508,
            "common_shares": 512666,
            "book_valuer_per_share": 11.11,
            "book_valuer_per_share_4q_avg": 12.26,
            "equity": 569753,
            "current_ratio": 194.76,
            "debt_ratio": 36.83,
            "inventory_turnover_ratio": 1.62,
            "account_receivable_turnover_ratio": 0.57,
            "reinvestment_rate": null,
            "research_to_sale_ratio": 0.37,
            "price_fair": 33.6,
            "eps_avg_yearly": 0.96,
            "eps_latest_yearly": 0.76,
            "eps_growth_yearly": 53.26
        },
        "20124": {
            "year_quarter": 20124,
            "year": 2012,
            "quarter": 4,
            "eps": -1.08,
            "eps_growth_year": null,
            "eps_4q": -3.07,
            "eps_4q_growth_year": null,
            "roe": -10.2,
            "roe_4q": -26.56,
            "gross_profit": 2394,
            "gross_margin": 1.28,
            "gross_margin_4q_avg": 3.63,
            "net_income": -55301,
            "revenue": 186571,
            "common_shares": 512666,
            "book_valuer_per_share": 10.03,
            "book_valuer_per_share_4q_avg": 11.43,
            "equity": 514459,
            "current_ratio": 178.92,
            "debt_ratio": 40.99,
            "inventory_turnover_ratio": 1.64,
            "account_receivable_turnover_ratio": 0.63,
            "reinvestment_rate": null,
            "research_to_sale_ratio": 0.38,
            "price_fair": 33.6,
            "eps_avg_yearly": 0.96,
            "eps_latest_yearly": 0.76,
            "eps_growth_yearly": 53.26
        },
        "20131": {
            "year_quarter": 20131,
            "year": 2013,
            "quarter": 1,
            "eps": -0.49,
            "eps_growth_year": null,
            "eps_4q": -2.98,
            "eps_4q_growth_year": null,
            "roe": -4.91,
            "roe_4q": -27.03,
            "gross_profit": 1759,
            "gross_margin": 1.03,
            "gross_margin_4q_avg": 3.05,
            "net_income": -24874,
            "revenue": 170232,
            "common_shares": 512666,
            "book_valuer_per_share": 9.72,
            "book_valuer_per_share_4q_avg": 10.7,
            "equity": 498388,
            "current_ratio": 200.13,
            "debt_ratio": 34.59,
            "inventory_turnover_ratio": 1.56,
            "account_receivable_turnover_ratio": 0.62,
            "reinvestment_rate": null,
            "research_to_sale_ratio": 0.42,
            "price_fair": 33.6,
            "eps_avg_yearly": 0.96,
            "eps_latest_yearly": 0.76,
            "eps_growth_yearly": 53.26
        },
        "20132": {
            "year_quarter": 20132,
            "year": 2013,
            "quarter": 2,
            "eps": -0.89,
            "eps_growth_year": null,
            "eps_4q": -3.16,
            "eps_4q_growth_year": null,
            "roe": -9.6,
            "roe_4q": -30.810000000000002,
            "gross_profit": 12938,
            "gross_margin": 6.84,
            "gross_margin_4q_avg": 2.7,
            "net_income": -45829,
            "revenue": 189134,
            "common_shares": 512666,
            "book_valuer_per_share": 8.89,
            "book_valuer_per_share_4q_avg": 9.94,
            "equity": 455960,
            "current_ratio": 181.94,
            "debt_ratio": 39.18,
            "inventory_turnover_ratio": 1.82,
            "account_receivable_turnover_ratio": 0.68,
            "reinvestment_rate": null,
            "research_to_sale_ratio": 0.79,
            "price_fair": 2.28,
            "eps_avg_yearly": 0.76,
            "eps_latest_yearly": 0.76,
            "eps_growth_yearly": -137.93
        },
        "20133": {
            "year_quarter": 20133,
            "year": 2013,
            "quarter": 3,
            "eps": -0.53,
            "eps_growth_year": null,
            "eps_4q": -2.99,
            "eps_4q_growth_year": null,
            "roe": -6.18,
            "roe_4q": -30.889999999999997,
            "gross_profit": 891,
            "gross_margin": 0.49,
            "gross_margin_4q_avg": 2.41,
            "net_income": -27276,
            "revenue": 183643,
            "common_shares": 512666,
            "book_valuer_per_share": 8.34,
            "book_valuer_per_share_4q_avg": 9.25,
            "equity": 427437,
            "current_ratio": 171.85,
            "debt_ratio": 42.62,
            "inventory_turnover_ratio": 2.15,
            "account_receivable_turnover_ratio": 0.64,
            "reinvestment_rate": null,
            "research_to_sale_ratio": 0.04,
            "price_fair": 0,
            "eps_avg_yearly": 0,
            "eps_latest_yearly": 0,
            "eps_growth_yearly": 0
        },
        "20134": {
            "year_quarter": 20134,
            "year": 2013,
            "quarter": 4,
            "eps": -0.63,
            "eps_growth_year": null,
            "eps_4q": -2.54,
            "eps_4q_growth_year": null,
            "roe": -7.61,
            "roe_4q": -28.3,
            "gross_profit": 18948,
            "gross_margin": 7.6,
            "gross_margin_4q_avg": 3.99,
            "net_income": -32314,
            "revenue": 249417,
            "common_shares": 512666,
            "book_valuer_per_share": 7.96,
            "book_valuer_per_share_4q_avg": 8.73,
            "equity": 421918,
            "current_ratio": 166.51,
            "debt_ratio": 58.76,
            "inventory_turnover_ratio": 2.89,
            "account_receivable_turnover_ratio": 0.79,
            "reinvestment_rate": null,
            "research_to_sale_ratio": 0.03,
            "price_fair": 0,
            "eps_avg_yearly": 0,
            "eps_latest_yearly": 0,
            "eps_growth_yearly": 0
        },
        "20141": {
            "year_quarter": 20141,
            "year": 2014,
            "quarter": 1,
            "eps": -0.58,
            "eps_growth_year": null,
            "eps_4q": -2.64,
            "eps_4q_growth_year": null,
            "roe": -8.53,
            "roe_4q": -31.92,
            "gross_profit": 3357,
            "gross_margin": 1.84,
            "gross_margin_4q_avg": 4.19,
            "net_income": -35203,
            "revenue": 182082,
            "common_shares": 512666,
            "book_valuer_per_share": 7.41,
            "book_valuer_per_share_4q_avg": 8.15,
            "equity": 403401,
            "current_ratio": 170.34,
            "debt_ratio": 58.23,
            "inventory_turnover_ratio": 1.97,
            "account_receivable_turnover_ratio": 0.56,
            "reinvestment_rate": null,
            "research_to_sale_ratio": 0,
            "price_fair": 0,
            "eps_avg_yearly": 0,
            "eps_latest_yearly": 0,
            "eps_growth_yearly": 0
        },
        "20142": {
            "year_quarter": 20142,
            "year": 2014,
            "quarter": 2,
            "eps": -0.72,
            "eps_growth_year": null,
            "eps_4q": -2.46,
            "eps_4q_growth_year": null,
            "roe": -12.5,
            "roe_4q": -34.82,
            "gross_profit": 15631,
            "gross_margin": 6.47,
            "gross_margin_4q_avg": 4.1,
            "net_income": -47745,
            "revenue": 241510,
            "common_shares": 512666,
            "book_valuer_per_share": 6.64,
            "book_valuer_per_share_4q_avg": 7.59,
            "equity": 360699,
            "current_ratio": 183.94,
            "debt_ratio": 63.12,
            "inventory_turnover_ratio": 2.28,
            "account_receivable_turnover_ratio": 0.75,
            "reinvestment_rate": null,
            "research_to_sale_ratio": 0,
            "price_fair": 0,
            "eps_avg_yearly": 0,
            "eps_latest_yearly": 0,
            "eps_growth_yearly": 0
        },
        "20143": {
            "year_quarter": 20143,
            "year": 2014,
            "quarter": 3,
            "eps": -0.45,
            "eps_growth_year": null,
            "eps_4q": -2.38,
            "eps_4q_growth_year": null,
            "roe": -8.27,
            "roe_4q": -36.91,
            "gross_profit": 18015,
            "gross_margin": 7.77,
            "gross_margin_4q_avg": 5.92,
            "net_income": -28757,
            "revenue": 231947,
            "common_shares": 512666,
            "book_valuer_per_share": 6.24,
            "book_valuer_per_share_4q_avg": 7.06,
            "equity": 334878,
            "current_ratio": 164.68,
            "debt_ratio": 67.27,
            "inventory_turnover_ratio": 1.81,
            "account_receivable_turnover_ratio": 0.68,
            "reinvestment_rate": null,
            "research_to_sale_ratio": 0.1,
            "price_fair": 0,
            "eps_avg_yearly": 0,
            "eps_latest_yearly": 0,
            "eps_growth_yearly": 0
        },
        "20144": {
            "year_quarter": 20144,
            "year": 2014,
            "quarter": 4,
            "eps": -0.06,
            "eps_growth_year": null,
            "eps_4q": -1.8,
            "eps_4q_growth_year": null,
            "roe": -2.34,
            "roe_4q": -31.64,
            "gross_profit": 22077,
            "gross_margin": 11.23,
            "gross_margin_4q_avg": 6.83,
            "net_income": -7880,
            "revenue": 196592,
            "common_shares": 512666,
            "book_valuer_per_share": 6.34,
            "book_valuer_per_share_4q_avg": 6.66,
            "equity": 338432,
            "current_ratio": 184.48,
            "debt_ratio": 63.98,
            "inventory_turnover_ratio": 1.38,
            "account_receivable_turnover_ratio": 0.61,
            "reinvestment_rate": null,
            "research_to_sale_ratio": 0.82,
            "price_fair": 0,
            "eps_avg_yearly": 0,
            "eps_latest_yearly": 0,
            "eps_growth_yearly": 0
        },
        "20151": {
            "year_quarter": 20151,
            "year": 2015,
            "quarter": 1,
            "eps": -0.4,
            "eps_growth_year": null,
            "eps_4q": -1.58,
            "eps_4q_growth_year": null,
            "roe": -6.34,
            "roe_4q": -29.45,
            "gross_profit": 9252,
            "gross_margin": 6.52,
            "gross_margin_4q_avg": 8,
            "net_income": -21597,
            "revenue": 141858,
            "common_shares": 512666,
            "book_valuer_per_share": 6.18,
            "book_valuer_per_share_4q_avg": 6.35,
            "equity": 342980,
            "current_ratio": 219.42,
            "debt_ratio": 58.99,
            "inventory_turnover_ratio": 1.23,
            "account_receivable_turnover_ratio": 0.53,
            "reinvestment_rate": null,
            "research_to_sale_ratio": 1.56,
            "price_fair": 0,
            "eps_avg_yearly": 0,
            "eps_latest_yearly": 0,
            "eps_growth_yearly": 0
        },
        "20152": {
            "year_quarter": 20152,
            "year": 2015,
            "quarter": 2,
            "eps": -0.37,
            "eps_growth_year": null,
            "eps_4q": -1.26,
            "eps_4q_growth_year": null,
            "roe": -6.61,
            "roe_4q": -23.56,
            "gross_profit": 6132,
            "gross_margin": 5.02,
            "gross_margin_4q_avg": 7.64,
            "net_income": -21825,
            "revenue": 122197,
            "common_shares": 533942,
            "book_valuer_per_share": 5.78,
            "book_valuer_per_share_4q_avg": 6.14,
            "equity": 317619,
            "current_ratio": 265.44,
            "debt_ratio": 57.63,
            "inventory_turnover_ratio": 1.38,
            "account_receivable_turnover_ratio": 0.63,
            "reinvestment_rate": null,
            "research_to_sale_ratio": 1.47,
            "price_fair": 0,
            "eps_avg_yearly": 0,
            "eps_latest_yearly": 0,
            "eps_growth_yearly": 0
        },
        "20153": {
            "year_quarter": 20153,
            "year": 2015,
            "quarter": 3,
            "eps": 0.15,
            "eps_growth_year": null,
            "eps_4q": -0.68,
            "eps_4q_growth_year": null,
            "roe": 2.66,
            "roe_4q": -12.629999999999999,
            "gross_profit": 19213,
            "gross_margin": 14.68,
            "gross_margin_4q_avg": 9.36,
            "net_income": 8603,
            "revenue": 130900,
            "common_shares": 533942,
            "book_valuer_per_share": 6,
            "book_valuer_per_share_4q_avg": 6.08,
            "equity": 330350,
            "current_ratio": 278.91,
            "debt_ratio": 57.73,
            "inventory_turnover_ratio": 1.57,
            "account_receivable_turnover_ratio": 0.79,
            "reinvestment_rate": null,
            "research_to_sale_ratio": 0.29,
            "price_fair": 0,
            "eps_avg_yearly": 0,
            "eps_latest_yearly": 0,
            "eps_growth_yearly": 0
        },
        "20154": {
            "year_quarter": 20154,
            "year": 2015,
            "quarter": 4,
            "eps": -0.16,
            "eps_growth_year": null,
            "eps_4q": -0.79,
            "eps_4q_growth_year": null,
            "roe": -2.46,
            "roe_4q": -12.75,
            "gross_profit": 22534,
            "gross_margin": 15.79,
            "gross_margin_4q_avg": 10.5,
            "net_income": -8012,
            "revenue": 142748,
            "common_shares": 533942,
            "book_valuer_per_share": 5.79,
            "book_valuer_per_share_4q_avg": 5.94,
            "equity": 320081,
            "current_ratio": 166.45,
            "debt_ratio": 60.9,
            "inventory_turnover_ratio": 1.61,
            "account_receivable_turnover_ratio": 0.75,
            "reinvestment_rate": null,
            "research_to_sale_ratio": 0,
            "price_fair": 0,
            "eps_avg_yearly": 0,
            "eps_latest_yearly": 0,
            "eps_growth_yearly": 0
        },
        "20161": {
            "year_quarter": 20161,
            "year": 2016,
            "quarter": 1,
            "eps": -0.21,
            "eps_growth_year": null,
            "eps_4q": -0.6,
            "eps_4q_growth_year": null,
            "roe": -3.28,
            "roe_4q": -9.690000000000001,
            "gross_profit": 18688,
            "gross_margin": 15.54,
            "gross_margin_4q_avg": 12.76,
            "net_income": -10317,
            "revenue": 120265,
            "common_shares": 533942,
            "book_valuer_per_share": 5.55,
            "book_valuer_per_share_4q_avg": 5.78,
            "equity": 308218,
            "current_ratio": 169.3,
            "debt_ratio": 60.34,
            "inventory_turnover_ratio": 1.39,
            "account_receivable_turnover_ratio": 0.62,
            "reinvestment_rate": null,
            "research_to_sale_ratio": 0,
            "price_fair": 0,
            "eps_avg_yearly": 0,
            "eps_latest_yearly": 0,
            "eps_growth_yearly": 0
        },
        "20162": {
            "year_quarter": 20162,
            "year": 2016,
            "quarter": 2,
            "eps": -0.19,
            "eps_growth_year": null,
            "eps_4q": -0.41,
            "eps_4q_growth_year": null,
            "roe": -3.87,
            "roe_4q": -6.949999999999999,
            "gross_profit": 15458,
            "gross_margin": 10.73,
            "gross_margin_4q_avg": 14.19,
            "net_income": -11978,
            "revenue": 144082,
            "common_shares": 533942,
            "book_valuer_per_share": 5.5,
            "book_valuer_per_share_4q_avg": 5.71,
            "equity": 310210,
            "current_ratio": 173.56,
            "debt_ratio": 60.56,
            "inventory_turnover_ratio": 1.85,
            "account_receivable_turnover_ratio": 0.78,
            "reinvestment_rate": null,
            "research_to_sale_ratio": 0,
            "price_fair": 0,
            "eps_avg_yearly": 0,
            "eps_latest_yearly": 0,
            "eps_growth_yearly": 0
        },
        "20163": {
            "year_quarter": 20163,
            "year": 2016,
            "quarter": 3,
            "eps": -0.18,
            "eps_growth_year": -220,
            "eps_4q": -0.71,
            "eps_4q_growth_year": null,
            "roe": -2.73,
            "roe_4q": -12.34,
            "gross_profit": 23628,
            "gross_margin": 13.02,
            "gross_margin_4q_avg": 13.77,
            "net_income": -8653,
            "revenue": 181457,
            "common_shares": 545999,
            "book_valuer_per_share": 5.54,
            "book_valuer_per_share_4q_avg": 5.6,
            "equity": 323707,
            "current_ratio": 173.49,
            "debt_ratio": 60.71,
            "inventory_turnover_ratio": 2.32,
            "account_receivable_turnover_ratio": 0.85,
            "reinvestment_rate": null,
            "research_to_sale_ratio": 0,
            "price_fair": 0,
            "eps_avg_yearly": 0,
            "eps_latest_yearly": 0,
            "eps_growth_yearly": 0
        },
        "20164": {
            "year_quarter": 20164,
            "year": 2016,
            "quarter": 4,
            "eps": -0.43,
            "eps_growth_year": null,
            "eps_4q": -0.93,
            "eps_4q_growth_year": null,
            "roe": -7.52,
            "roe_4q": -17.400000000000002,
            "gross_profit": 28099,
            "gross_margin": 14.04,
            "gross_margin_4q_avg": 13.33,
            "net_income": -27298,
            "revenue": 200124,
            "common_shares": 640325,
            "book_valuer_per_share": 6.1,
            "book_valuer_per_share_4q_avg": 5.67,
            "equity": 402102,
            "current_ratio": 274.7,
            "debt_ratio": 48.59,
            "inventory_turnover_ratio": 2.62,
            "account_receivable_turnover_ratio": 0.79,
            "reinvestment_rate": null,
            "research_to_sale_ratio": 0,
            "price_fair": 0,
            "eps_avg_yearly": 0,
            "eps_latest_yearly": 0,
            "eps_growth_yearly": 0
        },
        "20171": {
            "year_quarter": 20171,
            "year": 2017,
            "quarter": 1,
            "eps": -0.26,
            "eps_growth_year": null,
            "eps_4q": -1.01,
            "eps_4q_growth_year": null,
            "roe": -3.94,
            "roe_4q": -18.06,
            "gross_profit": 19093,
            "gross_margin": 12.77,
            "gross_margin_4q_avg": 12.64,
            "net_income": -15386,
            "revenue": 149460,
            "common_shares": 640325,
            "book_valuer_per_share": 5.73,
            "book_valuer_per_share_4q_avg": 5.72,
            "equity": 379810,
            "current_ratio": 273.57,
            "debt_ratio": 48.55,
            "inventory_turnover_ratio": 1.78,
            "account_receivable_turnover_ratio": 0.57,
            "reinvestment_rate": null,
            "research_to_sale_ratio": null,
            "price_fair": 0,
            "eps_avg_yearly": 0,
            "eps_latest_yearly": 0,
            "eps_growth_yearly": 0
        },
        "20172": {
            "year_quarter": 20172,
            "year": 2017,
            "quarter": 2,
            "eps": -0.18,
            "eps_growth_year": null,
            "eps_4q": -1.03,
            "eps_4q_growth_year": null,
            "roe": -3.19,
            "roe_4q": -17.38,
            "gross_profit": 18541,
            "gross_margin": 10.13,
            "gross_margin_4q_avg": 12.49,
            "net_income": -12119,
            "revenue": 182966,
            "common_shares": 640325,
            "book_valuer_per_share": 5.6,
            "book_valuer_per_share_4q_avg": 5.74,
            "equity": 379180,
            "current_ratio": 253.93,
            "debt_ratio": 50.39,
            "inventory_turnover_ratio": 1.78,
            "account_receivable_turnover_ratio": 0.73,
            "reinvestment_rate": null,
            "research_to_sale_ratio": null,
            "price_fair": 0,
            "eps_avg_yearly": 0,
            "eps_latest_yearly": 0,
            "eps_growth_yearly": 0
        },
        "20173": {
            "year_quarter": 20173,
            "year": 2017,
            "quarter": 3,
            "eps": -0.58,
            "eps_growth_year": null,
            "eps_4q": -1.45,
            "eps_4q_growth_year": null,
            "roe": -9.92,
            "roe_4q": -24.57,
            "gross_profit": 27947,
            "gross_margin": 9.5,
            "gross_margin_4q_avg": 11.61,
            "net_income": -35940,
            "revenue": 294326,
            "common_shares": 640325,
            "book_valuer_per_share": 5.04,
            "book_valuer_per_share_4q_avg": 5.62,
            "equity": 345202,
            "current_ratio": 238.14,
            "debt_ratio": 54.7,
            "inventory_turnover_ratio": 2.62,
            "account_receivable_turnover_ratio": 1.07,
            "reinvestment_rate": null,
            "research_to_sale_ratio": null,
            "price_fair": 0,
            "eps_avg_yearly": 0,
            "eps_latest_yearly": 0,
            "eps_growth_yearly": 0
        },
        "20174": {
            "year_quarter": 20174,
            "year": 2017,
            "quarter": 4,
            "eps": -0.66,
            "eps_growth_year": null,
            "eps_4q": -1.68,
            "eps_4q_growth_year": null,
            "roe": -12.27,
            "roe_4q": -29.32,
            "gross_profit": 35800,
            "gross_margin": 13.94,
            "gross_margin_4q_avg": 11.59,
            "net_income": -39879,
            "revenue": 256815,
            "common_shares": 640325,
            "book_valuer_per_share": 4.38,
            "book_valuer_per_share_4q_avg": 5.19,
            "equity": 305054,
            "current_ratio": 171.34,
            "debt_ratio": 58.57,
            "inventory_turnover_ratio": 2.36,
            "account_receivable_turnover_ratio": 0.7,
            "reinvestment_rate": null,
            "research_to_sale_ratio": null,
            "price_fair": 0,
            "eps_avg_yearly": 0,
            "eps_latest_yearly": 0,
            "eps_growth_yearly": 0
        },
        "20181": {
            "year_quarter": 20181,
            "year": 2018,
            "quarter": 1,
            "eps": -0.22,
            "eps_growth_year": null,
            "eps_4q": -1.64,
            "eps_4q_growth_year": null,
            "roe": -4.65,
            "roe_4q": -30.030000000000005,
            "gross_profit": 16360,
            "gross_margin": 9.92,
            "gross_margin_4q_avg": 10.87,
            "net_income": -13900,
            "revenue": 165000,
            "common_shares": 640325,
            "book_valuer_per_share": 4.18,
            "book_valuer_per_share_4q_avg": 4.8,
            "equity": 292719,
            "current_ratio": 188.34,
            "debt_ratio": 54.61,
            "inventory_turnover_ratio": 1.63,
            "account_receivable_turnover_ratio": 0.48,
            "reinvestment_rate": null,
            "research_to_sale_ratio": null,
            "price_fair": 0,
            "eps_avg_yearly": 0,
            "eps_latest_yearly": 0,
            "eps_growth_yearly": 0
        },
        "20182": {
            "year_quarter": 20182,
            "year": 2018,
            "quarter": 2,
            "eps": -0.05,
            "eps_growth_year": null,
            "eps_4q": -1.51,
            "eps_4q_growth_year": null,
            "roe": -0.53,
            "roe_4q": -27.369999999999997,
            "gross_profit": 23009,
            "gross_margin": 11.68,
            "gross_margin_4q_avg": 11.26,
            "net_income": -1553,
            "revenue": 196939,
            "common_shares": 640325,
            "book_valuer_per_share": 4.13,
            "book_valuer_per_share_4q_avg": 4.43,
            "equity": 290725,
            "current_ratio": 181.96,
            "debt_ratio": 56.19,
            "inventory_turnover_ratio": 1.75,
            "account_receivable_turnover_ratio": 0.73,
            "reinvestment_rate": null,
            "research_to_sale_ratio": null,
            "price_fair": 0,
            "eps_avg_yearly": 0,
            "eps_latest_yearly": 0,
            "eps_growth_yearly": 0
        },
        "20183": {
            "year_quarter": 20183,
            "year": 2018,
            "quarter": 3,
            "eps": 0.11,
            "eps_growth_year": null,
            "eps_4q": -0.82,
            "eps_4q_growth_year": null,
            "roe": 2.84,
            "roe_4q": -14.61,
            "gross_profit": 39297,
            "gross_margin": 16.65,
            "gross_margin_4q_avg": 13.05,
            "net_income": 8313,
            "revenue": 235991,
            "common_shares": 640325,
            "book_valuer_per_share": 4.18,
            "book_valuer_per_share_4q_avg": 4.22,
            "equity": 295468,
            "current_ratio": 187.93,
            "debt_ratio": 54.71,
            "inventory_turnover_ratio": 1.85,
            "account_receivable_turnover_ratio": 0.81,
            "reinvestment_rate": null,
            "research_to_sale_ratio": null,
            "price_fair": 0,
            "eps_avg_yearly": 0,
            "eps_latest_yearly": 0,
            "eps_growth_yearly": 0
        },
        "20184": {
            "year_quarter": 20184,
            "year": 2018,
            "quarter": 4,
            "eps": 0.29,
            "eps_growth_year": null,
            "eps_4q": 0.02,
            "eps_4q_growth_year": null,
            "roe": 3.85,
            "roe_4q": 1.509999999999999,
            "gross_profit": 42262,
            "gross_margin": 15.66,
            "gross_margin_4q_avg": 13.48,
            "net_income": 12712,
            "revenue": 269823,
            "common_shares": 388468,
            "book_valuer_per_share": 8.74,
            "book_valuer_per_share_4q_avg": 5.31,
            "equity": 365162,
            "current_ratio": 195.94,
            "debt_ratio": 52.7,
            "inventory_turnover_ratio": 2.04,
            "account_receivable_turnover_ratio": 0.79,
            "reinvestment_rate": null,
            "research_to_sale_ratio": null,
            "price_fair": 40.6,
            "eps_avg_yearly": 1.16,
            "eps_latest_yearly": 1.16,
            "eps_growth_yearly": 654.55
        },
        "20191": {
            "year_quarter": 20191,
            "year": 2019,
            "quarter": 1,
            "eps": -0.11,
            "eps_growth_year": null,
            "eps_4q": 0.28,
            "eps_4q_growth_year": null,
            "roe": -1,
            "roe_4q": 5.159999999999999,
            "gross_profit": 27057,
            "gross_margin": 15.04,
            "gross_margin_4q_avg": 14.76,
            "net_income": -3694,
            "revenue": 179927,
            "common_shares": 388468,
            "book_valuer_per_share": 8.69,
            "book_valuer_per_share_4q_avg": 6.44,
            "equity": 375741,
            "current_ratio": 223.44,
            "debt_ratio": 48.04,
            "inventory_turnover_ratio": 1.27,
            "account_receivable_turnover_ratio": 0.51,
            "reinvestment_rate": null,
            "research_to_sale_ratio": null,
            "price_fair": 40.6,
            "eps_avg_yearly": 1.16,
            "eps_latest_yearly": 1.16,
            "eps_growth_yearly": 654.55
        },
        "20192": {
            "year_quarter": 20192,
            "year": 2019,
            "quarter": 2,
            "eps": 0.08,
            "eps_growth_year": null,
            "eps_4q": 0.44,
            "eps_4q_growth_year": null,
            "roe": 1.24,
            "roe_4q": 6.93,
            "gross_profit": 36922,
            "gross_margin": 16.81,
            "gross_margin_4q_avg": 16.04,
            "net_income": 4666,
            "revenue": 219672,
            "common_shares": 388468,
            "book_valuer_per_share": 8.73,
            "book_valuer_per_share_4q_avg": 7.59,
            "equity": 378812,
            "current_ratio": 208.06,
            "debt_ratio": 50.3,
            "inventory_turnover_ratio": 1.5,
            "account_receivable_turnover_ratio": 0.69,
            "reinvestment_rate": null,
            "research_to_sale_ratio": null,
            "price_fair": 40.6,
            "eps_avg_yearly": 1.16,
            "eps_latest_yearly": 1.16,
            "eps_growth_yearly": 654.55
        },
        "20193": {
            "year_quarter": 20193,
            "year": 2019,
            "quarter": 3,
            "eps": 0.26,
            "eps_growth_year": 136.36,
            "eps_4q": 0.52,
            "eps_4q_growth_year": null,
            "roe": 2.85,
            "roe_4q": 6.9399999999999995,
            "gross_profit": 41896,
            "gross_margin": 19.64,
            "gross_margin_4q_avg": 16.79,
            "net_income": 10873,
            "revenue": 213335,
            "common_shares": 388468,
            "book_valuer_per_share": 8.85,
            "book_valuer_per_share_4q_avg": 8.75,
            "equity": 384205,
            "current_ratio": 213.79,
            "debt_ratio": 48.82,
            "inventory_turnover_ratio": 1.38,
            "account_receivable_turnover_ratio": 0.69,
            "reinvestment_rate": null,
            "research_to_sale_ratio": null,
            "price_fair": 38.5,
            "eps_avg_yearly": 1.1,
            "eps_latest_yearly": 1.04,
            "eps_growth_yearly": 777.27
        },
        "20194": {
            "year_quarter": 20194,
            "year": 2019,
            "quarter": 4,
            "eps": 0.2,
            "eps_growth_year": -28.31,
            "eps_4q": 0.44,
            "eps_4q_growth_year": 2051.78,
            "roe": 2.79,
            "roe_4q": 5.880000000000001,
            "gross_profit": 44673,
            "gross_margin": 19.83,
            "gross_margin_4q_avg": 17.83,
            "net_income": 11205,
            "revenue": 225259,
            "common_shares": 388468,
            "book_valuer_per_share": 9.09,
            "book_valuer_per_share_4q_avg": 8.84,
            "equity": 418043,
            "current_ratio": 233.7,
            "debt_ratio": 45.43,
            "inventory_turnover_ratio": 1.49,
            "account_receivable_turnover_ratio": 0.67,
            "reinvestment_rate": null,
            "research_to_sale_ratio": null,
            "price_fair": 35,
            "eps_avg_yearly": 1,
            "eps_latest_yearly": 0.8,
            "eps_growth_yearly": 487.41
        },
        "20201": {
            "year_quarter": 20201,
            "year": 2020,
            "quarter": 1,
            "eps": -0.11,
            "eps_growth_year": null,
            "eps_4q": 0.44,
            "eps_4q_growth_year": 56.65,
            "roe": -1.34,
            "roe_4q": 5.54,
            "gross_profit": 19734,
            "gross_margin": 15.03,
            "gross_margin_4q_avg": 17.83,
            "net_income": -5547,
            "revenue": 131273,
            "common_shares": 388468,
            "book_valuer_per_share": 8.93,
            "book_valuer_per_share_4q_avg": 8.9,
            "equity": 410751,
            "current_ratio": 267.47,
            "debt_ratio": 41.18,
            "inventory_turnover_ratio": 0.94,
            "account_receivable_turnover_ratio": 0.44,
            "reinvestment_rate": null,
            "research_to_sale_ratio": null,
            "price_fair": 35,
            "eps_avg_yearly": 1,
            "eps_latest_yearly": 0.8,
            "eps_growth_yearly": 487.41
        },
        "20202": {
            "year_quarter": 20202,
            "year": 2020,
            "quarter": 2,
            "eps": 0.17,
            "eps_growth_year": 112.5,
            "eps_4q": 0.45,
            "eps_4q_growth_year": 3.08,
            "roe": 1.51,
            "roe_4q": 5.8100000000000005,
            "gross_profit": 41606,
            "gross_margin": 15.26,
            "gross_margin_4q_avg": 17.44,
            "net_income": 6784,
            "revenue": 272613,
            "common_shares": 488468,
            "book_valuer_per_share": 8.69,
            "book_valuer_per_share_4q_avg": 8.89,
            "equity": 486931,
            "current_ratio": 249.34,
            "debt_ratio": 42.06,
            "inventory_turnover_ratio": 1.63,
            "account_receivable_turnover_ratio": 0.97,
            "reinvestment_rate": null,
            "research_to_sale_ratio": null,
            "price_fair": 35,
            "eps_avg_yearly": 1,
            "eps_latest_yearly": 0.8,
            "eps_growth_yearly": 487.41
        },
        "20203": {
            "year_quarter": 20203,
            "year": 2020,
            "quarter": 3,
            "eps": 0.21,
            "eps_growth_year": -19.23,
            "eps_4q": 0.45,
            "eps_4q_growth_year": -13.7,
            "roe": 3.16,
            "roe_4q": 6.12,
            "gross_profit": 51911,
            "gross_margin": 16.5,
            "gross_margin_4q_avg": 16.66,
            "net_income": 15616,
            "revenue": 314549,
            "common_shares": 488468,
            "book_valuer_per_share": 8.96,
            "book_valuer_per_share_4q_avg": 8.92,
            "equity": 502254,
            "current_ratio": 237.77,
            "debt_ratio": 44.35,
            "inventory_turnover_ratio": 1.9,
            "account_receivable_turnover_ratio": 0.85,
            "reinvestment_rate": null,
            "research_to_sale_ratio": null,
            "price_fair": 33.6,
            "eps_avg_yearly": 0.96,
            "eps_latest_yearly": 0.84,
            "eps_growth_yearly": 389.09
        },
        "20204": {
            "year_quarter": 20204,
            "year": 2020,
            "quarter": 4,
            "eps": 0.01,
            "eps_growth_year": -97.19,
            "eps_4q": 0.29,
            "eps_4q_growth_year": -33.59,
            "roe": 1.05,
            "roe_4q": 4.38,
            "gross_profit": 47819,
            "gross_margin": 12.3,
            "gross_margin_4q_avg": 14.77,
            "net_income": 5299,
            "revenue": 388879,
            "common_shares": 488468,
            "book_valuer_per_share": 9.05,
            "book_valuer_per_share_4q_avg": 8.91,
            "equity": 511835,
            "current_ratio": 199.41,
            "debt_ratio": 50.89,
            "inventory_turnover_ratio": 2.79,
            "account_receivable_turnover_ratio": 0.83,
            "reinvestment_rate": null,
            "research_to_sale_ratio": null,
            "price_fair": 27.16,
            "eps_avg_yearly": 0.78,
            "eps_latest_yearly": 0.04,
            "eps_growth_yearly": 235.08
        },
        "20211": {
            "year_quarter": 20211,
            "year": 2021,
            "quarter": 1,
            "eps": -0.23,
            "eps_growth_year": null,
            "eps_4q": 0.15,
            "eps_4q_growth_year": -66.12,
            "roe": -1.98,
            "roe_4q": 3.74,
            "gross_profit": 21534,
            "gross_margin": 9.88,
            "gross_margin_4q_avg": 13.49,
            "net_income": -10002,
            "revenue": 218056,
            "common_shares": 488468,
            "book_valuer_per_share": 8.8,
            "book_valuer_per_share_4q_avg": 8.88,
            "equity": 500662,
            "current_ratio": 196.24,
            "debt_ratio": 50.76,
            "inventory_turnover_ratio": 1.42,
            "account_receivable_turnover_ratio": 0.47,
            "reinvestment_rate": null,
            "research_to_sale_ratio": null,
            "price_fair": 27.16,
            "eps_avg_yearly": 0.78,
            "eps_latest_yearly": 0.04,
            "eps_growth_yearly": 235.08
        },
        "20212": {
            "year_quarter": 20212,
            "year": 2021,
            "quarter": 2,
            "eps": -0.05,
            "eps_growth_year": -129.41,
            "eps_4q": -0.06,
            "eps_4q_growth_year": -113.7,
            "roe": -0.02,
            "roe_4q": 2.21,
            "gross_profit": 38751,
            "gross_margin": 14.78,
            "gross_margin_4q_avg": 13.37,
            "net_income": -101,
            "revenue": 262118,
            "common_shares": 488468,
            "book_valuer_per_share": 8.73,
            "book_valuer_per_share_4q_avg": 8.89,
            "equity": 499334,
            "current_ratio": 193.39,
            "debt_ratio": 49.57,
            "inventory_turnover_ratio": 1.3,
            "account_receivable_turnover_ratio": 0.74,
            "reinvestment_rate": null,
            "research_to_sale_ratio": null,
            "price_fair": 27.16,
            "eps_avg_yearly": 0.78,
            "eps_latest_yearly": 0.04,
            "eps_growth_yearly": 235.08
        },
        "20213": {
            "year_quarter": 20213,
            "year": 2021,
            "quarter": 3,
            "eps": 0.19,
            "eps_growth_year": -9.52,
            "eps_4q": -0.08,
            "eps_4q_growth_year": -117.96,
            "roe": 1.97,
            "roe_4q": 1.02,
            "gross_profit": 45763,
            "gross_margin": 14.21,
            "gross_margin_4q_avg": 12.79,
            "net_income": 9933,
            "revenue": 321970,
            "common_shares": 488468,
            "book_valuer_per_share": 8.91,
            "book_valuer_per_share_4q_avg": 8.87,
            "equity": 509045,
            "current_ratio": 171.6,
            "debt_ratio": 53.1,
            "inventory_turnover_ratio": 1.52,
            "account_receivable_turnover_ratio": 0.91,
            "reinvestment_rate": null,
            "research_to_sale_ratio": null,
            "price_fair": 27.16,
            "eps_avg_yearly": 0.78,
            "eps_latest_yearly": 0.04,
            "eps_growth_yearly": 235.08
        },
        "20214": {
            "year_quarter": 20214,
            "year": 2021,
            "quarter": 4,
            "eps": 0.16,
            "eps_growth_year": 2654.77,
            "eps_4q": 0.1,
            "eps_4q_growth_year": -66.68,
            "roe": 2.52,
            "roe_4q": 2.4900000000000007,
            "gross_profit": 65568,
            "gross_margin": 17.44,
            "gross_margin_4q_avg": 14.08,
            "net_income": 16334,
            "revenue": 375883,
            "common_shares": 688468,
            "book_valuer_per_share": 10.26,
            "book_valuer_per_share_4q_avg": 9.18,
            "equity": 785814,
            "current_ratio": 194.09,
            "debt_ratio": 47.23,
            "inventory_turnover_ratio": 1.79,
            "account_receivable_turnover_ratio": 0.85,
            "reinvestment_rate": 473.85,
            "research_to_sale_ratio": null,
            "price_fair": 26.37,
            "eps_avg_yearly": 0.75,
            "eps_latest_yearly": 0.64,
            "eps_growth_yearly": 185.37
        },
        "20221": {
            "year_quarter": 20221,
            "year": 2022,
            "quarter": 1,
            "eps": 0.9,
            "eps_growth_year": null,
            "eps_4q": 1.16,
            "eps_4q_growth_year": 676.13,
            "roe": 8.52,
            "roe_4q": 12.99,
            "gross_profit": 30433,
            "gross_margin": 12.57,
            "gross_margin_4q_avg": 14.75,
            "net_income": 66411,
            "revenue": 242018,
            "common_shares": 688468,
            "book_valuer_per_share": 11.24,
            "book_valuer_per_share_4q_avg": 9.79,
            "equity": 773890,
            "current_ratio": 210.85,
            "debt_ratio": 46.05,
            "inventory_turnover_ratio": 1.24,
            "account_receivable_turnover_ratio": 0.55,
            "reinvestment_rate": 269.43,
            "research_to_sale_ratio": null,
            "price_fair": 40.6,
            "eps_avg_yearly": 1.16,
            "eps_latest_yearly": 3.6,
            "eps_growth_yearly": 423.18
        },
        "20222": {
            "year_quarter": 20222,
            "year": 2022,
            "quarter": 2,
            "eps": 0.12,
            "eps_growth_year": null,
            "eps_4q": 1.31,
            "eps_4q_growth_year": null,
            "roe": 1.04,
            "roe_4q": 14.049999999999999,
            "gross_profit": 30455,
            "gross_margin": 14.36,
            "gross_margin_4q_avg": 14.65,
            "net_income": 8060,
            "revenue": 212118,
            "common_shares": 688468,
            "book_valuer_per_share": 11.32,
            "book_valuer_per_share_4q_avg": 10.43,
            "equity": 779658,
            "current_ratio": 231.59,
            "debt_ratio": 45.1,
            "inventory_turnover_ratio": 1.03,
            "account_receivable_turnover_ratio": 0.6,
            "reinvestment_rate": 251.1,
            "research_to_sale_ratio": null,
            "price_fair": 37.63,
            "eps_avg_yearly": 1.08,
            "eps_latest_yearly": 0.48,
            "eps_growth_yearly": 326.95
        },
        "20223": {
            "year_quarter": 20223,
            "year": 2022,
            "quarter": 3,
            "eps": 0.47,
            "eps_growth_year": 147.37,
            "eps_4q": 1.64,
            "eps_4q_growth_year": null,
            "roe": 4.05,
            "roe_4q": 16.13,
            "gross_profit": 50308,
            "gross_margin": 19.17,
            "gross_margin_4q_avg": 15.89,
            "net_income": 32219,
            "revenue": 262448,
            "common_shares": 688468,
            "book_valuer_per_share": 11.81,
            "book_valuer_per_share_4q_avg": 11.16,
            "equity": 813210,
            "current_ratio": 254.5,
            "debt_ratio": 43.36,
            "inventory_turnover_ratio": 1.2,
            "account_receivable_turnover_ratio": 0.78,
            "reinvestment_rate": 216.96,
            "research_to_sale_ratio": null,
            "price_fair": 40.76,
            "eps_avg_yearly": 1.16,
            "eps_latest_yearly": 1.88,
            "eps_growth_yearly": 420.25
        },
        "20224": {
            "year_quarter": 20224,
            "year": 2022,
            "quarter": 4,
            "eps": 0.01,
            "eps_growth_year": -94.35,
            "eps_4q": 1.49,
            "eps_4q_growth_year": 1433,
            "roe": 0.08,
            "roe_4q": 13.69,
            "gross_profit": 45986,
            "gross_margin": 16.02,
            "gross_margin_4q_avg": 15.53,
            "net_income": 617,
            "revenue": 287086,
            "common_shares": 688468,
            "book_valuer_per_share": 11.8,
            "book_valuer_per_share_4q_avg": 11.54,
            "equity": 812079,
            "current_ratio": 241.36,
            "debt_ratio": 43.77,
            "inventory_turnover_ratio": 1.56,
            "account_receivable_turnover_ratio": 0.83,
            "reinvestment_rate": 269.4,
            "research_to_sale_ratio": null,
            "price_fair": 36.4,
            "eps_avg_yearly": 1.04,
            "eps_latest_yearly": 0.04,
            "eps_growth_yearly": 304.02
        },
        "20231": {
            "year_quarter": 20231,
            "year": 2023,
            "quarter": 1,
            "eps": -0.08,
            "eps_growth_year": -108.89,
            "eps_4q": 0.52,
            "eps_4q_growth_year": -55.11,
            "roe": -0.65,
            "roe_4q": 4.52,
            "gross_profit": 26429,
            "gross_margin": 12.66,
            "gross_margin_4q_avg": 15.55,
            "net_income": -5176,
            "revenue": 208786,
            "common_shares": 688468,
            "book_valuer_per_share": 11.43,
            "book_valuer_per_share_4q_avg": 11.59,
            "equity": 787132,
            "current_ratio": 260.73,
            "debt_ratio": 43.13,
            "inventory_turnover_ratio": 1.23,
            "account_receivable_turnover_ratio": 0.66,
            "reinvestment_rate": 266.88,
            "research_to_sale_ratio": null,
            "price_fair": 36.4,
            "eps_avg_yearly": 1.04,
            "eps_latest_yearly": 0.04,
            "eps_growth_yearly": 304.02
        }
    },
    "months": {
        "2006-08": {
            "month": "2006-08",
            "price": "38.09",
            "revenue": 125930
        },
        "2006-09": {
            "month": "2006-09",
            "price": "38.63",
            "revenue": 328894
        },
        "2006-10": {
            "month": "2006-10",
            "price": "38.18",
            "revenue": 320259
        },
        "2006-11": {
            "month": "2006-11",
            "price": "32.08",
            "revenue": 273860
        },
        "2006-12": {
            "month": "2006-12",
            "price": "29.64",
            "revenue": 187698
        },
        "2007-01": {
            "month": "2007-01",
            "price": "29.22",
            "revenue": 273055
        },
        "2007-02": {
            "month": "2007-02",
            "price": "29.18",
            "revenue": 180377
        },
        "2007-03": {
            "month": "2007-03",
            "price": "30.07",
            "revenue": 243281
        },
        "2007-04": {
            "month": "2007-04",
            "price": "34.31",
            "revenue": 243778
        },
        "2007-05": {
            "month": "2007-05",
            "price": "35.64",
            "revenue": 199810
        },
        "2007-06": {
            "month": "2007-06",
            "price": "41.51",
            "revenue": 235511
        },
        "2007-07": {
            "month": "2007-07",
            "price": "46.70",
            "revenue": 247734
        },
        "2007-08": {
            "month": "2007-08",
            "price": "42.90",
            "revenue": 282004
        },
        "2007-09": {
            "month": "2007-09",
            "price": "34.34",
            "revenue": 285576
        },
        "2007-10": {
            "month": "2007-10",
            "price": "28.46",
            "revenue": 296638
        },
        "2007-11": {
            "month": "2007-11",
            "price": "25.69",
            "revenue": 229729
        },
        "2007-12": {
            "month": "2007-12",
            "price": "25.12",
            "revenue": 185335
        },
        "2008-01": {
            "month": "2008-01",
            "price": "19.14",
            "revenue": 212019
        },
        "2008-02": {
            "month": "2008-02",
            "price": "16.73",
            "revenue": 142934
        },
        "2008-03": {
            "month": "2008-03",
            "price": "16.80",
            "revenue": 228830
        },
        "2008-04": {
            "month": "2008-04",
            "price": "18.15",
            "revenue": 269593
        },
        "2008-05": {
            "month": "2008-05",
            "price": "20.57",
            "revenue": 250923
        },
        "2008-06": {
            "month": "2008-06",
            "price": "18.51",
            "revenue": 220598
        },
        "2008-07": {
            "month": "2008-07",
            "price": "15.57",
            "revenue": 220373
        },
        "2008-08": {
            "month": "2008-08",
            "price": "13.93",
            "revenue": 253092
        },
        "2008-09": {
            "month": "2008-09",
            "price": "13.07",
            "revenue": 244853
        },
        "2008-10": {
            "month": "2008-10",
            "price": "10.88",
            "revenue": 213294
        },
        "2008-11": {
            "month": "2008-11",
            "price": "8.29",
            "revenue": 154966
        },
        "2008-12": {
            "month": "2008-12",
            "price": "7.07",
            "revenue": 117665
        },
        "2009-01": {
            "month": "2009-01",
            "price": "7.13",
            "revenue": 105848
        },
        "2009-02": {
            "month": "2009-02",
            "price": "7.41",
            "revenue": 125419
        },
        "2009-03": {
            "month": "2009-03",
            "price": "9.01",
            "revenue": 162003
        },
        "2009-04": {
            "month": "2009-04",
            "price": "9.50",
            "revenue": 148541
        },
        "2009-05": {
            "month": "2009-05",
            "price": "9.66",
            "revenue": 153279
        },
        "2009-06": {
            "month": "2009-06",
            "price": "10.72",
            "revenue": 151585
        },
        "2009-07": {
            "month": "2009-07",
            "price": "11.57",
            "revenue": 162206
        },
        "2009-08": {
            "month": "2009-08",
            "price": "11.86",
            "revenue": 176231
        },
        "2009-09": {
            "month": "2009-09",
            "price": "13.79",
            "revenue": 169600
        },
        "2009-10": {
            "month": "2009-10",
            "price": "15.06",
            "revenue": 122420
        },
        "2009-11": {
            "month": "2009-11",
            "price": "14.33",
            "revenue": 138426
        },
        "2009-12": {
            "month": "2009-12",
            "price": "14.49",
            "revenue": 158301
        },
        "2010-01": {
            "month": "2010-01",
            "price": "16.89",
            "revenue": 149767
        },
        "2010-02": {
            "month": "2010-02",
            "price": "14.87",
            "revenue": 104387
        },
        "2010-03": {
            "month": "2010-03",
            "price": "16.54",
            "revenue": 154715
        },
        "2010-04": {
            "month": "2010-04",
            "price": "16.56",
            "revenue": 166663
        },
        "2010-05": {
            "month": "2010-05",
            "price": "14.00",
            "revenue": 143032
        },
        "2010-06": {
            "month": "2010-06",
            "price": "13.75",
            "revenue": 121325
        },
        "2010-07": {
            "month": "2010-07",
            "price": "14.05",
            "revenue": 147757
        },
        "2010-08": {
            "month": "2010-08",
            "price": "13.85",
            "revenue": 132286
        },
        "2010-09": {
            "month": "2010-09",
            "price": "13.24",
            "revenue": 137249
        },
        "2010-10": {
            "month": "2010-10",
            "price": "13.36",
            "revenue": 128531
        },
        "2010-11": {
            "month": "2010-11",
            "price": "11.21",
            "revenue": 145027
        },
        "2010-12": {
            "month": "2010-12",
            "price": "12.04",
            "revenue": 111839
        },
        "2011-01": {
            "month": "2011-01",
            "price": "11.70",
            "revenue": 137868
        },
        "2011-02": {
            "month": "2011-02",
            "price": "11.07",
            "revenue": 75472
        },
        "2011-03": {
            "month": "2011-03",
            "price": "12.63",
            "revenue": 136098
        },
        "2011-04": {
            "month": "2011-04",
            "price": "15.35",
            "revenue": 110469
        },
        "2011-05": {
            "month": "2011-05",
            "price": "15.98",
            "revenue": 117655
        },
        "2011-06": {
            "month": "2011-06",
            "price": "15.59",
            "revenue": 96726
        },
        "2011-07": {
            "month": "2011-07",
            "price": "14.90",
            "revenue": 115336
        },
        "2011-08": {
            "month": "2011-08",
            "price": "13.81",
            "revenue": 123975
        },
        "2011-09": {
            "month": "2011-09",
            "price": "13.32",
            "revenue": 95182
        },
        "2011-10": {
            "month": "2011-10",
            "price": "12.32",
            "revenue": 97517
        },
        "2011-11": {
            "month": "2011-11",
            "price": "12.54",
            "revenue": 105565
        },
        "2011-12": {
            "month": "2011-12",
            "price": "11.88",
            "revenue": 89620
        },
        "2012-01": {
            "month": "2012-01",
            "price": "10.91",
            "revenue": 90418
        },
        "2012-02": {
            "month": "2012-02",
            "price": "11.18",
            "revenue": 91327
        },
        "2012-03": {
            "month": "2012-03",
            "price": "12.87",
            "revenue": 112432
        },
        "2012-04": {
            "month": "2012-04",
            "price": "14.12",
            "revenue": 87030
        },
        "2012-05": {
            "month": "2012-05",
            "price": "13.60",
            "revenue": 89583
        },
        "2012-06": {
            "month": "2012-06",
            "price": "12.57",
            "revenue": 72286
        },
        "2012-07": {
            "month": "2012-07",
            "price": "11.71",
            "revenue": 74558
        },
        "2012-08": {
            "month": "2012-08",
            "price": "11.95",
            "revenue": 67240
        },
        "2012-09": {
            "month": "2012-09",
            "price": "11.88",
            "revenue": 64703
        },
        "2012-10": {
            "month": "2012-10",
            "price": "11.18",
            "revenue": 75119
        },
        "2012-11": {
            "month": "2012-11",
            "price": "10.64",
            "revenue": 58119
        },
        "2012-12": {
            "month": "2012-12",
            "price": "12.18",
            "revenue": 53965
        },
        "2013-01": {
            "month": "2013-01",
            "price": "12.74",
            "revenue": 73728
        },
        "2013-02": {
            "month": "2013-02",
            "price": "14.74",
            "revenue": 47125
        },
        "2013-03": {
            "month": "2013-03",
            "price": "15.08",
            "revenue": 49387
        },
        "2013-04": {
            "month": "2013-04",
            "price": "13.39",
            "revenue": 63709
        },
        "2013-05": {
            "month": "2013-05",
            "price": "13.83",
            "revenue": 57600
        },
        "2013-06": {
            "month": "2013-06",
            "price": "13.94",
            "revenue": 67797
        },
        "2013-07": {
            "month": "2013-07",
            "price": "14.63",
            "revenue": 67644
        },
        "2013-08": {
            "month": "2013-08",
            "price": "16.22",
            "revenue": 64558
        },
        "2013-09": {
            "month": "2013-09",
            "price": "17.10",
            "revenue": 51461
        },
        "2013-10": {
            "month": "2013-10",
            "price": "17.86",
            "revenue": 63182
        },
        "2013-11": {
            "month": "2013-11",
            "price": "17.62",
            "revenue": 69380
        },
        "2013-12": {
            "month": "2013-12",
            "price": "22.55",
            "revenue": 116845
        },
        "2014-01": {
            "month": "2014-01",
            "price": "32.17",
            "revenue": 67252
        },
        "2014-02": {
            "month": "2014-02",
            "price": "36.65",
            "revenue": 48105
        },
        "2014-03": {
            "month": "2014-03",
            "price": "43.13",
            "revenue": 66725
        },
        "2014-04": {
            "month": "2014-04",
            "price": "42.92",
            "revenue": 84842
        },
        "2014-05": {
            "month": "2014-05",
            "price": "40.25",
            "revenue": 72945
        },
        "2014-06": {
            "month": "2014-06",
            "price": "58.70",
            "revenue": 83724
        },
        "2014-07": {
            "month": "2014-07",
            "price": "83.98",
            "revenue": 76910
        },
        "2014-08": {
            "month": "2014-08",
            "price": "73.93",
            "revenue": 76478
        },
        "2014-09": {
            "month": "2014-09",
            "price": "87.88",
            "revenue": 78085
        },
        "2014-10": {
            "month": "2014-10",
            "price": "112.09",
            "revenue": 64054
        },
        "2014-11": {
            "month": "2014-11",
            "price": "116.35",
            "revenue": 74793
        },
        "2014-12": {
            "month": "2014-12",
            "price": "143.56",
            "revenue": 58218
        },
        "2015-01": {
            "month": "2015-01",
            "price": "155.48",
            "revenue": 64710
        },
        "2015-02": {
            "month": "2015-02",
            "price": "155.19",
            "revenue": 38913
        },
        "2015-03": {
            "month": "2015-03",
            "price": "139.75",
            "revenue": 38235
        },
        "2015-04": {
            "month": "2015-04",
            "price": "101.02",
            "revenue": 51410
        },
        "2015-05": {
            "month": "2015-05",
            "price": "103.41",
            "revenue": 27108
        },
        "2015-06": {
            "month": "2015-06",
            "price": "112.86",
            "revenue": 43681
        },
        "2015-07": {
            "month": "2015-07",
            "price": "109.55",
            "revenue": 37312
        },
        "2015-08": {
            "month": "2015-08",
            "price": "78.49",
            "revenue": 43904
        },
        "2015-09": {
            "month": "2015-09",
            "price": "77.95",
            "revenue": 49682
        },
        "2015-10": {
            "month": "2015-10",
            "price": "86.33",
            "revenue": 46959
        },
        "2015-11": {
            "month": "2015-11",
            "price": "85.70",
            "revenue": 45147
        },
        "2015-12": {
            "month": "2015-12",
            "price": "115.76",
            "revenue": 50642
        },
        "2016-01": {
            "month": "2016-01",
            "price": "99.99",
            "revenue": 45764
        },
        "2016-02": {
            "month": "2016-02",
            "price": "93.65",
            "revenue": 27138
        },
        "2016-03": {
            "month": "2016-03",
            "price": "117.17",
            "revenue": 47363
        },
        "2016-04": {
            "month": "2016-04",
            "price": "104.01",
            "revenue": 47110
        },
        "2016-05": {
            "month": "2016-05",
            "price": "84.52",
            "revenue": 52586
        },
        "2016-06": {
            "month": "2016-06",
            "price": "87.80",
            "revenue": 44006
        },
        "2016-07": {
            "month": "2016-07",
            "price": "108.54",
            "revenue": 49913
        },
        "2016-08": {
            "month": "2016-08",
            "price": "119.59",
            "revenue": 63988
        },
        "2016-09": {
            "month": "2016-09",
            "price": "109.91",
            "revenue": 67936
        },
        "2016-10": {
            "month": "2016-10",
            "price": "91.76",
            "revenue": 52450
        },
        "2016-11": {
            "month": "2016-11",
            "price": "88.76",
            "revenue": 61384
        },
        "2016-12": {
            "month": "2016-12",
            "price": "93.20",
            "revenue": 86291
        },
        "2017-01": {
            "month": "2017-01",
            "price": "99.17",
            "revenue": 52518
        },
        "2017-02": {
            "month": "2017-02",
            "price": "118.61",
            "revenue": 35917
        },
        "2017-03": {
            "month": "2017-03",
            "price": "137.83",
            "revenue": 61025
        },
        "2017-04": {
            "month": "2017-04",
            "price": "121.50",
            "revenue": 59759
        },
        "2017-05": {
            "month": "2017-05",
            "price": "122.30",
            "revenue": 74516
        },
        "2017-06": {
            "month": "2017-06",
            "price": "115.15",
            "revenue": 48691
        },
        "2017-07": {
            "month": "2017-07",
            "price": "95.84",
            "revenue": 129022
        },
        "2017-08": {
            "month": "2017-08",
            "price": "60.15",
            "revenue": 71527
        },
        "2017-09": {
            "month": "2017-09",
            "price": "65.51",
            "revenue": 93777
        },
        "2017-10": {
            "month": "2017-10",
            "price": "47.69",
            "revenue": 70868
        },
        "2017-11": {
            "month": "2017-11",
            "price": "42.50",
            "revenue": 96166
        },
        "2017-12": {
            "month": "2017-12",
            "price": "36.30",
            "revenue": 89781
        },
        "2018-01": {
            "month": "2018-01",
            "price": "28.97",
            "revenue": 80498
        },
        "2018-02": {
            "month": "2018-02",
            "price": "20.11",
            "revenue": 35207
        },
        "2018-03": {
            "month": "2018-03",
            "price": "20.40",
            "revenue": 49295
        },
        "2018-04": {
            "month": "2018-04",
            "price": "12.37",
            "revenue": 58345
        },
        "2018-05": {
            "month": "2018-05",
            "price": "10.22",
            "revenue": 72090
        },
        "2018-06": {
            "month": "2018-06",
            "price": "7.84",
            "revenue": 66504
        },
        "2018-07": {
            "month": "2018-07",
            "price": "6.90",
            "revenue": 91094
        },
        "2018-08": {
            "month": "2018-08",
            "price": "8.44",
            "revenue": 83951
        },
        "2018-09": {
            "month": "2018-09",
            "price": "7.50",
            "revenue": 60946
        },
        "2018-10": {
            "month": "2018-10",
            "price": "6.11",
            "revenue": 88003
        },
        "2018-11": {
            "month": "2018-11",
            "price": "5.69",
            "revenue": 92214
        },
        "2018-12": {
            "month": "2018-12",
            "price": "5.55",
            "revenue": 89606
        },
        "2019-01": {
            "month": "2019-01",
            "price": "10.58",
            "revenue": 89172
        },
        "2019-02": {
            "month": "2019-02",
            "price": "9.99",
            "revenue": 33220
        },
        "2019-03": {
            "month": "2019-03",
            "price": "9.51",
            "revenue": 57535
        },
        "2019-04": {
            "month": "2019-04",
            "price": "15.36",
            "revenue": 61792
        },
        "2019-05": {
            "month": "2019-05",
            "price": "16.95",
            "revenue": 73764
        },
        "2019-06": {
            "month": "2019-06",
            "price": "15.21",
            "revenue": 84116
        },
        "2019-07": {
            "month": "2019-07",
            "price": "15.25",
            "revenue": 72363
        },
        "2019-08": {
            "month": "2019-08",
            "price": "14.51",
            "revenue": 75397
        },
        "2019-09": {
            "month": "2019-09",
            "price": "13.00",
            "revenue": 65574
        },
        "2019-10": {
            "month": "2019-10",
            "price": "13.91",
            "revenue": 66394
        },
        "2019-11": {
            "month": "2019-11",
            "price": "12.51",
            "revenue": 72365
        },
        "2019-12": {
            "month": "2019-12",
            "price": "12.33",
            "revenue": 86500
        },
        "2020-01": {
            "month": "2020-01",
            "price": "11.69",
            "revenue": 48667
        },
        "2020-02": {
            "month": "2020-02",
            "price": "10.44",
            "revenue": 33474
        },
        "2020-03": {
            "month": "2020-03",
            "price": "8.93",
            "revenue": 49132
        },
        "2020-04": {
            "month": "2020-04",
            "price": "9.84",
            "revenue": 100203
        },
        "2020-05": {
            "month": "2020-05",
            "price": "12.72",
            "revenue": 79013
        },
        "2020-06": {
            "month": "2020-06",
            "price": "12.82",
            "revenue": 93397
        },
        "2020-07": {
            "month": "2020-07",
            "price": "18.12",
            "revenue": 122672
        },
        "2020-08": {
            "month": "2020-08",
            "price": "18.20",
            "revenue": 108610
        },
        "2020-09": {
            "month": "2020-09",
            "price": "17.91",
            "revenue": 83267
        },
        "2020-10": {
            "month": "2020-10",
            "price": "16.87",
            "revenue": 71730
        },
        "2020-11": {
            "month": "2020-11",
            "price": "16.60",
            "revenue": 126706
        },
        "2020-12": {
            "month": "2020-12",
            "price": "16.38",
            "revenue": 190443
        },
        "2021-01": {
            "month": "2021-01",
            "price": "15.00",
            "revenue": 75932
        },
        "2021-02": {
            "month": "2021-02",
            "price": "14.29",
            "revenue": 49941
        },
        "2021-03": {
            "month": "2021-03",
            "price": "15.29",
            "revenue": 92183
        },
        "2021-04": {
            "month": "2021-04",
            "price": "16.02",
            "revenue": 107240
        },
        "2021-05": {
            "month": "2021-05",
            "price": "14.03",
            "revenue": 68872
        },
        "2021-06": {
            "month": "2021-06",
            "price": "13.23",
            "revenue": 86006
        },
        "2021-07": {
            "month": "2021-07",
            "price": "12.92",
            "revenue": 126829
        },
        "2021-08": {
            "month": "2021-08",
            "price": "12.92",
            "revenue": 90792
        },
        "2021-09": {
            "month": "2021-09",
            "price": "13.02",
            "revenue": 104349
        },
        "2021-10": {
            "month": "2021-10",
            "price": "12.84",
            "revenue": 98064
        },
        "2021-11": {
            "month": "2021-11",
            "price": "14.09",
            "revenue": 125881
        },
        "2021-12": {
            "month": "2021-12",
            "price": "15.12",
            "revenue": 151938
        },
        "2022-01": {
            "month": "2022-01",
            "price": "14.67",
            "revenue": 144219
        },
        "2022-02": {
            "month": "2022-02",
            "price": "15.33",
            "revenue": 105031
        },
        "2022-03": {
            "month": "2022-03",
            "price": "15.18",
            "revenue": 120593
        },
        "2022-04": {
            "month": "2022-04",
            "price": "14.46",
            "revenue": 61218
        },
        "2022-05": {
            "month": "2022-05",
            "price": "15.00",
            "revenue": 81726
        },
        "2022-06": {
            "month": "2022-06",
            "price": "17.12",
            "revenue": 69175
        },
        "2022-07": {
            "month": "2022-07",
            "price": "15.74",
            "revenue": 91862
        },
        "2022-08": {
            "month": "2022-08",
            "price": "20.66",
            "revenue": 82516
        },
        "2022-09": {
            "month": "2022-09",
            "price": "21.27",
            "revenue": 88070
        },
        "2022-10": {
            "month": "2022-10",
            "price": "18.06",
            "revenue": 70843
        },
        "2022-11": {
            "month": "2022-11",
            "price": "20.68",
            "revenue": 85951
        },
        "2022-12": {
            "month": "2022-12",
            "price": "20.41",
            "revenue": 84869
        },
        "2023-01": {
            "month": "2023-01",
            "price": "18.98",
            "revenue": 41284
        },
        "2023-02": {
            "month": "2023-02",
            "price": "20.48",
            "revenue": 74061
        },
        "2023-03": {
            "month": "2023-03",
            "price": "21.24",
            "revenue": 95618
        },
        "2023-04": {
            "month": "2023-04",
            "price": "23.14",
            "revenue": 61267
        }
    }
}
