{
    "summary": {
        "stock_name": "鴻翊",
        "stock_id": "3521",
        "category": "電腦及週邊設備",
        "main_business": "端點銷售系統 POS SYSTEM",
        "website_url": "http://www.datavan.com.tw/",
        "ceo": "許偉良",
        "pe_ratio": -10,
        "report_year_from": 2006,
        "report_year_to": 2023,
        "age": 18,
        "eps_negative_percentage": 72,
        "eps_growth_avg": {
            "last_all": -86.14,
            "last_2y": null,
            "last_4y": -100,
            "last_8y": -92.81,
            "last_12y": -92.81,
            "last_16y": -86.14,
            "last_20y": null,
            "at_2006_last_3y": null,
            "at_2007_last_3y": null,
            "at_2008_last_3y": null,
            "at_2009_last_3y": null,
            "at_2010_last_3y": -76.14,
            "at_2011_last_3y": -100,
            "at_2012_last_3y": null,
            "at_2013_last_3y": null,
            "at_2014_last_3y": null,
            "at_2015_last_3y": null,
            "at_2016_last_3y": -78.43,
            "at_2017_last_3y": -89.22,
            "at_2018_last_3y": -89.22,
            "at_2019_last_3y": -89.22,
            "at_2020_last_3y": -100,
            "at_2021_last_3y": -100,
            "at_2022_last_3y": -100,
            "at_2023_last_3y": -100,
            "at_2024_last_3y": -100,
            "at_2006_last_all": null,
            "at_2007_last_all": null,
            "at_2008_last_all": -76.14,
            "at_2009_last_all": -76.14,
            "at_2010_last_all": -76.14,
            "at_2011_last_all": -76.14,
            "at_2012_last_all": -76.14,
            "at_2013_last_all": -76.14,
            "at_2014_last_all": -76.14,
            "at_2015_last_all": -76.14,
            "at_2016_last_all": -76.91,
            "at_2017_last_all": -82.68,
            "at_2018_last_all": -82.68,
            "at_2019_last_all": -82.68,
            "at_2020_last_all": -86.14,
            "at_2021_last_all": -86.14,
            "at_2022_last_all": -86.14,
            "at_2023_last_all": -86.14,
            "at_2024_last_all": -86.14
        },
        "latest_eps": -1.85,
        "latest_price": 19.3,
        "latest_roe": -24.67,
        "latest_gross_margin": 7.25,
        "latest_equity": 717493,
        "latest_revenue": 71749,
        "latest_gross_profit": 5203,
        "latest_net_income": -64760,
        "latest_debt_ratio": 48.08,
        "latest_current_ratio": 373.33,
        "latest_account_receivable_turnover_ratio": 3,
        "latest_inventory_turnover_ratio": 0.12,
        "latest_reinvestment_rate": null,
        "latest_research_to_sale_ratio": 6.72
    },
    "eps_dividends": {
        "2001": {
            "cash": 0,
            "stock": 0,
            "eps": 0
        },
        "2002": {
            "cash": 0,
            "stock": 0,
            "eps": 0
        },
        "2003": {
            "cash": 0,
            "stock": 0,
            "eps": 0
        },
        "2004": {
            "cash": 0,
            "stock": 0,
            "eps": 0
        },
        "2005": {
            "cash": 0,
            "stock": 0,
            "eps": 0
        },
        "2006": {
            "cash": 0,
            "stock": 0,
            "eps": 6.12
        },
        "2007": {
            "cash": 3.5,
            "stock": 0.5,
            "eps": 2.92
        },
        "2008": {
            "cash": 2.3,
            "stock": 0,
            "eps": -0.86
        },
        "2009": {
            "cash": 0,
            "stock": 0,
            "eps": -1.61
        },
        "2010": {
            "cash": 0,
            "stock": 0,
            "eps": -2.69
        },
        "2011": {
            "cash": 0,
            "stock": 0,
            "eps": -0.71
        },
        "2012": {
            "cash": 0,
            "stock": 0,
            "eps": -1.1
        },
        "2013": {
            "cash": 0,
            "stock": 0,
            "eps": -2.24
        },
        "2014": {
            "cash": 0,
            "stock": 0,
            "eps": -0.14
        },
        "2015": {
            "cash": 0,
            "stock": 0,
            "eps": 0.51
        },
        "2016": {
            "cash": 0,
            "stock": 0,
            "eps": 0.11
        },
        "2017": {
            "cash": 0,
            "stock": 0,
            "eps": -1.41
        },
        "2018": {
            "cash": 0,
            "stock": 0,
            "eps": -0.54
        },
        "2019": {
            "cash": 0,
            "stock": 0,
            "eps": 2.6
        },
        "2020": {
            "cash": 0,
            "stock": 0,
            "eps": -0.9
        },
        "2021": {
            "cash": 0,
            "stock": 0,
            "eps": -1.68
        },
        "2022": {
            "cash": 0,
            "stock": 0,
            "eps": -1.68
        },
        "2023": {
            "cash": 0,
            "stock": 0,
            "eps": -1.73
        }
    },
    "dividends": {
        "2007-04-12": {
            "cash": 3.5,
            "stock": 0.5
        },
        "2008-04-02": {
            "cash": 2.3,
            "stock": 0
        }
    },
    "prices": {
        "200101": "無",
        "200102": "無",
        "200103": "無",
        "200104": "無",
        "200105": "無",
        "200106": "無",
        "200107": "無",
        "200108": "無",
        "200109": "無",
        "200110": "無",
        "200111": "無",
        "200112": "無",
        "200201": "無",
        "200202": "無",
        "200203": "無",
        "200204": "無",
        "200205": "無",
        "200206": "無",
        "200207": "無",
        "200208": "無",
        "200209": "無",
        "200210": "無",
        "200211": "無",
        "200212": "無",
        "200301": "無",
        "200302": "無",
        "200303": "無",
        "200304": "無",
        "200305": "無",
        "200306": "無",
        "200307": "無",
        "200308": "無",
        "200309": "無",
        "200310": "無",
        "200311": "無",
        "200312": "無",
        "200401": "無",
        "200402": "無",
        "200403": "無",
        "200404": "無",
        "200405": "無",
        "200406": "無",
        "200407": "無",
        "200408": "無",
        "200409": "無",
        "200410": "無",
        "200411": "無",
        "200412": "無",
        "200501": "無",
        "200502": "無",
        "200503": "無",
        "200504": "無",
        "200505": "無",
        "200506": "無",
        "200507": "無",
        "200508": "無",
        "200509": "無",
        "200510": "無",
        "200511": "無",
        "200512": "無",
        "200601": "無",
        "200602": "無",
        "200603": "無",
        "200604": "無",
        "200605": "無",
        "200606": "無",
        "200607": "無",
        "200608": "無",
        "200609": "54.02",
        "200610": "51.30",
        "200611": "52.50",
        "200612": "53.06",
        "200701": "53.66",
        "200702": "57.32",
        "200703": "71.24",
        "200704": "81.86",
        "200705": "88.20",
        "200706": "119.55",
        "200707": "118.68",
        "200708": "80.54",
        "200709": "61.64",
        "200710": "51.31",
        "200711": "42.97",
        "200712": "38.26",
        "200801": "32.52",
        "200802": "28.58",
        "200803": "31.29",
        "200804": "34.44",
        "200805": "33.58",
        "200806": "26.63",
        "200807": "19.69",
        "200808": "17.40",
        "200809": "14.16",
        "200810": "15.53",
        "200811": "11.86",
        "200812": "11.04",
        "200901": "10.35",
        "200902": "10.43",
        "200903": "12.93",
        "200904": "16.18",
        "200905": "22.78",
        "200906": "20.20",
        "200907": "22.76",
        "200908": "21.16",
        "200909": "21.00",
        "200910": "23.65",
        "200911": "22.51",
        "200912": "23.35",
        "201001": "25.16",
        "201002": "21.84",
        "201003": "23.27",
        "201004": "23.69",
        "201005": "21.12",
        "201006": "21.57",
        "201007": "20.24",
        "201008": "20.18",
        "201009": "19.01",
        "201010": "15.55",
        "201011": "15.04",
        "201012": "16.53",
        "201101": "15.66",
        "201102": "14.73",
        "201103": "13.81",
        "201104": "13.93",
        "201105": "14.56",
        "201106": "17.62",
        "201107": "20.64",
        "201108": "23.30",
        "201109": "34.38",
        "201110": "32.10",
        "201111": "27.68",
        "201112": "22.08",
        "201201": "23.56",
        "201202": "25.31",
        "201203": "23.66",
        "201204": "21.54",
        "201205": "20.19",
        "201206": "19.75",
        "201207": "21.06",
        "201208": "20.32",
        "201209": "20.59",
        "201210": "20.49",
        "201211": "20.44",
        "201212": "17.14",
        "201301": "17.58",
        "201302": "17.50",
        "201303": "17.29",
        "201304": "16.03",
        "201305": "15.03",
        "201306": "15.05",
        "201307": "14.60",
        "201308": "13.52",
        "201309": "13.13",
        "201310": "14.15",
        "201311": "13.58",
        "201312": "13.34",
        "201401": "14.08",
        "201402": "14.44",
        "201403": "16.14",
        "201404": "14.33",
        "201405": "13.44",
        "201406": "13.37",
        "201407": "12.78",
        "201408": "12.79",
        "201409": "12.57",
        "201410": "12.18",
        "201411": "14.00",
        "201412": "15.06",
        "201501": "15.09",
        "201502": "15.10",
        "201503": "15.48",
        "201504": "14.51",
        "201505": "13.02",
        "201506": "12.74",
        "201507": "12.52",
        "201508": "11.49",
        "201509": "9.54",
        "201510": "12.48",
        "201511": "15.00",
        "201512": "12.63",
        "201601": "11.55",
        "201602": "11.60",
        "201603": "13.57",
        "201604": "14.58",
        "201605": "12.57",
        "201606": "12.45",
        "201607": "12.02",
        "201608": "10.71",
        "201609": "10.73",
        "201610": "10.47",
        "201611": "10.16",
        "201612": "9.81",
        "201701": "9.44",
        "201702": "9.79",
        "201703": "9.49",
        "201704": "9.29",
        "201705": "9.12",
        "201706": "9.28",
        "201707": "9.06",
        "201708": "8.86",
        "201709": "8.62",
        "201710": "8.27",
        "201711": "8.01",
        "201712": "8.88",
        "201801": "9.23",
        "201802": "9.09",
        "201803": "9.12",
        "201804": "10.62",
        "201805": "12.52",
        "201806": "14.21",
        "201807": "14.56",
        "201808": "14.89",
        "201809": "12.95",
        "201810": "12.84",
        "201811": "12.55",
        "201812": "13.30",
        "201901": "13.48",
        "201902": "15.37",
        "201903": "18.63",
        "201904": "23.97",
        "201905": "25.75",
        "201906": "24.75",
        "201907": "24.21",
        "201908": "22.65",
        "201909": "22.52",
        "201910": "22.08",
        "201911": "22.83",
        "201912": "20.72",
        "202001": "19.96",
        "202002": "16.23",
        "202003": "11.84",
        "202004": "11.38",
        "202005": "12.22",
        "202006": "11.82",
        "202007": "11.63",
        "202008": "11.13",
        "202009": "10.49",
        "202010": "10.12",
        "202011": "10.47",
        "202012": "13.56",
        "202101": "16.84",
        "202102": "17.26",
        "202103": "17.03",
        "202104": "15.49",
        "202105": "12.51",
        "202106": "12.62",
        "202107": "11.91",
        "202108": "11.30",
        "202109": "10.86",
        "202110": "11.87",
        "202111": "12.26",
        "202112": "13.48",
        "202201": "13.91",
        "202202": "13.73",
        "202203": "13.95",
        "202204": "13.79",
        "202205": "13.95",
        "202206": "13.73",
        "202207": "15.52",
        "202208": "18.40",
        "202209": "25.59",
        "202210": "25.27",
        "202211": "24.54",
        "202212": "23.07",
        "202301": "21.41",
        "202302": "22.58",
        "202303": "21.93",
        "202304": "24.24",
        "202305": "23.41",
        "202306": "23.92",
        "202307": "25.18",
        "202308": "23.30",
        "202309": "22.94",
        "202310": "17.28",
        "202311": "16.69",
        "202312": "19.25"
    },
    "quarters": {
        "20011": {
            "year_quarter": 20011,
            "year": 2001,
            "quarter": 1,
            "eps": null,
            "eps_growth_year": null,
            "eps_4q": null,
            "eps_4q_growth_year": null,
            "roe": null,
            "roe_4q": 0,
            "gross_profit": null,
            "gross_margin": null,
            "gross_margin_4q_avg": 0,
            "net_income": null,
            "net_income_4q": null,
            "revenue": null,
            "revenue_4q": null,
            "common_shares": null,
            "book_valuer_per_share": null,
            "book_valuer_per_share_4q_avg": 0,
            "equity": null,
            "current_ratio": null,
            "debt_ratio": null,
            "inventory_turnover_ratio": null,
            "account_receivable_turnover_ratio": null,
            "reinvestment_rate": null,
            "research_to_sale_ratio": null,
            "price_fair": 0,
            "eps_avg_yearly": 0,
            "eps_latest_yearly": 0,
            "eps_growth_yearly": 0
        },
        "20012": {
            "year_quarter": 20012,
            "year": 2001,
            "quarter": 2,
            "eps": null,
            "eps_growth_year": null,
            "eps_4q": null,
            "eps_4q_growth_year": null,
            "roe": null,
            "roe_4q": 0,
            "gross_profit": null,
            "gross_margin": null,
            "gross_margin_4q_avg": 0,
            "net_income": null,
            "net_income_4q": null,
            "revenue": null,
            "revenue_4q": null,
            "common_shares": null,
            "book_valuer_per_share": null,
            "book_valuer_per_share_4q_avg": 0,
            "equity": null,
            "current_ratio": null,
            "debt_ratio": null,
            "inventory_turnover_ratio": null,
            "account_receivable_turnover_ratio": null,
            "reinvestment_rate": null,
            "research_to_sale_ratio": null,
            "price_fair": 0,
            "eps_avg_yearly": 0,
            "eps_latest_yearly": 0,
            "eps_growth_yearly": 0
        },
        "20013": {
            "year_quarter": 20013,
            "year": 2001,
            "quarter": 3,
            "eps": null,
            "eps_growth_year": null,
            "eps_4q": null,
            "eps_4q_growth_year": null,
            "roe": null,
            "roe_4q": 0,
            "gross_profit": null,
            "gross_margin": null,
            "gross_margin_4q_avg": 0,
            "net_income": null,
            "net_income_4q": null,
            "revenue": null,
            "revenue_4q": null,
            "common_shares": null,
            "book_valuer_per_share": null,
            "book_valuer_per_share_4q_avg": 0,
            "equity": null,
            "current_ratio": null,
            "debt_ratio": null,
            "inventory_turnover_ratio": null,
            "account_receivable_turnover_ratio": null,
            "reinvestment_rate": null,
            "research_to_sale_ratio": null,
            "price_fair": 0,
            "eps_avg_yearly": 0,
            "eps_latest_yearly": 0,
            "eps_growth_yearly": 0
        },
        "20014": {
            "year_quarter": 20014,
            "year": 2001,
            "quarter": 4,
            "eps": null,
            "eps_growth_year": null,
            "eps_4q": null,
            "eps_4q_growth_year": null,
            "roe": null,
            "roe_4q": 0,
            "gross_profit": null,
            "gross_margin": null,
            "gross_margin_4q_avg": 0,
            "net_income": null,
            "net_income_4q": null,
            "revenue": null,
            "revenue_4q": null,
            "common_shares": 20000,
            "book_valuer_per_share": 10.11,
            "book_valuer_per_share_4q_avg": 2.53,
            "equity": 20216,
            "current_ratio": 117.84,
            "debt_ratio": 81.55,
            "inventory_turnover_ratio": null,
            "account_receivable_turnover_ratio": null,
            "reinvestment_rate": null,
            "research_to_sale_ratio": null,
            "price_fair": 0,
            "eps_avg_yearly": 0,
            "eps_latest_yearly": 0,
            "eps_growth_yearly": 0
        },
        "20021": {
            "year_quarter": 20021,
            "year": 2002,
            "quarter": 1,
            "eps": null,
            "eps_growth_year": null,
            "eps_4q": null,
            "eps_4q_growth_year": null,
            "roe": null,
            "roe_4q": 0,
            "gross_profit": null,
            "gross_margin": null,
            "gross_margin_4q_avg": 0,
            "net_income": null,
            "net_income_4q": null,
            "revenue": null,
            "revenue_4q": null,
            "common_shares": null,
            "book_valuer_per_share": null,
            "book_valuer_per_share_4q_avg": 2.53,
            "equity": null,
            "current_ratio": null,
            "debt_ratio": null,
            "inventory_turnover_ratio": null,
            "account_receivable_turnover_ratio": null,
            "reinvestment_rate": null,
            "research_to_sale_ratio": null,
            "price_fair": 0,
            "eps_avg_yearly": 0,
            "eps_latest_yearly": 0,
            "eps_growth_yearly": 0
        },
        "20022": {
            "year_quarter": 20022,
            "year": 2002,
            "quarter": 2,
            "eps": null,
            "eps_growth_year": null,
            "eps_4q": null,
            "eps_4q_growth_year": null,
            "roe": null,
            "roe_4q": 0,
            "gross_profit": null,
            "gross_margin": null,
            "gross_margin_4q_avg": 0,
            "net_income": null,
            "net_income_4q": null,
            "revenue": null,
            "revenue_4q": null,
            "common_shares": null,
            "book_valuer_per_share": null,
            "book_valuer_per_share_4q_avg": 2.53,
            "equity": null,
            "current_ratio": null,
            "debt_ratio": null,
            "inventory_turnover_ratio": null,
            "account_receivable_turnover_ratio": null,
            "reinvestment_rate": null,
            "research_to_sale_ratio": null,
            "price_fair": 0,
            "eps_avg_yearly": 0,
            "eps_latest_yearly": 0,
            "eps_growth_yearly": 0
        },
        "20023": {
            "year_quarter": 20023,
            "year": 2002,
            "quarter": 3,
            "eps": null,
            "eps_growth_year": null,
            "eps_4q": null,
            "eps_4q_growth_year": null,
            "roe": null,
            "roe_4q": 0,
            "gross_profit": null,
            "gross_margin": null,
            "gross_margin_4q_avg": 0,
            "net_income": null,
            "net_income_4q": null,
            "revenue": null,
            "revenue_4q": null,
            "common_shares": null,
            "book_valuer_per_share": null,
            "book_valuer_per_share_4q_avg": 2.53,
            "equity": null,
            "current_ratio": null,
            "debt_ratio": null,
            "inventory_turnover_ratio": null,
            "account_receivable_turnover_ratio": null,
            "reinvestment_rate": null,
            "research_to_sale_ratio": null,
            "price_fair": 0,
            "eps_avg_yearly": 0,
            "eps_latest_yearly": 0,
            "eps_growth_yearly": 0
        },
        "20024": {
            "year_quarter": 20024,
            "year": 2002,
            "quarter": 4,
            "eps": null,
            "eps_growth_year": null,
            "eps_4q": null,
            "eps_4q_growth_year": null,
            "roe": null,
            "roe_4q": 0,
            "gross_profit": null,
            "gross_margin": null,
            "gross_margin_4q_avg": 0,
            "net_income": null,
            "net_income_4q": null,
            "revenue": null,
            "revenue_4q": null,
            "common_shares": 20000,
            "book_valuer_per_share": 11.28,
            "book_valuer_per_share_4q_avg": 2.82,
            "equity": 22569,
            "current_ratio": 114.73,
            "debt_ratio": 79.01,
            "inventory_turnover_ratio": null,
            "account_receivable_turnover_ratio": null,
            "reinvestment_rate": null,
            "research_to_sale_ratio": null,
            "price_fair": 0,
            "eps_avg_yearly": 0,
            "eps_latest_yearly": 0,
            "eps_growth_yearly": 0
        },
        "20031": {
            "year_quarter": 20031,
            "year": 2003,
            "quarter": 1,
            "eps": null,
            "eps_growth_year": null,
            "eps_4q": null,
            "eps_4q_growth_year": null,
            "roe": null,
            "roe_4q": 0,
            "gross_profit": null,
            "gross_margin": null,
            "gross_margin_4q_avg": 0,
            "net_income": null,
            "net_income_4q": null,
            "revenue": null,
            "revenue_4q": null,
            "common_shares": null,
            "book_valuer_per_share": null,
            "book_valuer_per_share_4q_avg": 2.82,
            "equity": null,
            "current_ratio": null,
            "debt_ratio": null,
            "inventory_turnover_ratio": null,
            "account_receivable_turnover_ratio": null,
            "reinvestment_rate": null,
            "research_to_sale_ratio": null,
            "price_fair": 0,
            "eps_avg_yearly": 0,
            "eps_latest_yearly": 0,
            "eps_growth_yearly": 0
        },
        "20032": {
            "year_quarter": 20032,
            "year": 2003,
            "quarter": 2,
            "eps": null,
            "eps_growth_year": null,
            "eps_4q": null,
            "eps_4q_growth_year": null,
            "roe": null,
            "roe_4q": 0,
            "gross_profit": null,
            "gross_margin": null,
            "gross_margin_4q_avg": 0,
            "net_income": null,
            "net_income_4q": null,
            "revenue": null,
            "revenue_4q": null,
            "common_shares": null,
            "book_valuer_per_share": null,
            "book_valuer_per_share_4q_avg": 2.82,
            "equity": null,
            "current_ratio": null,
            "debt_ratio": null,
            "inventory_turnover_ratio": null,
            "account_receivable_turnover_ratio": null,
            "reinvestment_rate": null,
            "research_to_sale_ratio": null,
            "price_fair": 0,
            "eps_avg_yearly": 0,
            "eps_latest_yearly": 0,
            "eps_growth_yearly": 0
        },
        "20033": {
            "year_quarter": 20033,
            "year": 2003,
            "quarter": 3,
            "eps": null,
            "eps_growth_year": null,
            "eps_4q": null,
            "eps_4q_growth_year": null,
            "roe": null,
            "roe_4q": 0,
            "gross_profit": null,
            "gross_margin": null,
            "gross_margin_4q_avg": 0,
            "net_income": null,
            "net_income_4q": null,
            "revenue": null,
            "revenue_4q": null,
            "common_shares": null,
            "book_valuer_per_share": null,
            "book_valuer_per_share_4q_avg": 2.82,
            "equity": null,
            "current_ratio": null,
            "debt_ratio": null,
            "inventory_turnover_ratio": null,
            "account_receivable_turnover_ratio": null,
            "reinvestment_rate": null,
            "research_to_sale_ratio": null,
            "price_fair": 0,
            "eps_avg_yearly": 0,
            "eps_latest_yearly": 0,
            "eps_growth_yearly": 0
        },
        "20034": {
            "year_quarter": 20034,
            "year": 2003,
            "quarter": 4,
            "eps": null,
            "eps_growth_year": null,
            "eps_4q": null,
            "eps_4q_growth_year": null,
            "roe": null,
            "roe_4q": 0,
            "gross_profit": null,
            "gross_margin": null,
            "gross_margin_4q_avg": 0,
            "net_income": null,
            "net_income_4q": null,
            "revenue": null,
            "revenue_4q": null,
            "common_shares": 60000,
            "book_valuer_per_share": 17.74,
            "book_valuer_per_share_4q_avg": 4.44,
            "equity": 106435,
            "current_ratio": 144.42,
            "debt_ratio": 54.28,
            "inventory_turnover_ratio": null,
            "account_receivable_turnover_ratio": null,
            "reinvestment_rate": null,
            "research_to_sale_ratio": null,
            "price_fair": 0,
            "eps_avg_yearly": 0,
            "eps_latest_yearly": 0,
            "eps_growth_yearly": 0
        },
        "20041": {
            "year_quarter": 20041,
            "year": 2004,
            "quarter": 1,
            "eps": null,
            "eps_growth_year": null,
            "eps_4q": null,
            "eps_4q_growth_year": null,
            "roe": null,
            "roe_4q": 0,
            "gross_profit": null,
            "gross_margin": null,
            "gross_margin_4q_avg": 0,
            "net_income": null,
            "net_income_4q": null,
            "revenue": null,
            "revenue_4q": null,
            "common_shares": null,
            "book_valuer_per_share": null,
            "book_valuer_per_share_4q_avg": 4.44,
            "equity": null,
            "current_ratio": null,
            "debt_ratio": null,
            "inventory_turnover_ratio": null,
            "account_receivable_turnover_ratio": null,
            "reinvestment_rate": null,
            "research_to_sale_ratio": null,
            "price_fair": 0,
            "eps_avg_yearly": 0,
            "eps_latest_yearly": 0,
            "eps_growth_yearly": 0
        },
        "20042": {
            "year_quarter": 20042,
            "year": 2004,
            "quarter": 2,
            "eps": null,
            "eps_growth_year": null,
            "eps_4q": null,
            "eps_4q_growth_year": null,
            "roe": null,
            "roe_4q": 0,
            "gross_profit": null,
            "gross_margin": null,
            "gross_margin_4q_avg": 0,
            "net_income": null,
            "net_income_4q": null,
            "revenue": null,
            "revenue_4q": null,
            "common_shares": null,
            "book_valuer_per_share": null,
            "book_valuer_per_share_4q_avg": 4.44,
            "equity": null,
            "current_ratio": null,
            "debt_ratio": null,
            "inventory_turnover_ratio": null,
            "account_receivable_turnover_ratio": null,
            "reinvestment_rate": null,
            "research_to_sale_ratio": null,
            "price_fair": 0,
            "eps_avg_yearly": 0,
            "eps_latest_yearly": 0,
            "eps_growth_yearly": 0
        },
        "20043": {
            "year_quarter": 20043,
            "year": 2004,
            "quarter": 3,
            "eps": null,
            "eps_growth_year": null,
            "eps_4q": null,
            "eps_4q_growth_year": null,
            "roe": null,
            "roe_4q": 0,
            "gross_profit": null,
            "gross_margin": null,
            "gross_margin_4q_avg": 0,
            "net_income": null,
            "net_income_4q": null,
            "revenue": null,
            "revenue_4q": null,
            "common_shares": null,
            "book_valuer_per_share": null,
            "book_valuer_per_share_4q_avg": 4.44,
            "equity": null,
            "current_ratio": null,
            "debt_ratio": null,
            "inventory_turnover_ratio": null,
            "account_receivable_turnover_ratio": null,
            "reinvestment_rate": null,
            "research_to_sale_ratio": null,
            "price_fair": 0,
            "eps_avg_yearly": 0,
            "eps_latest_yearly": 0,
            "eps_growth_yearly": 0
        },
        "20044": {
            "year_quarter": 20044,
            "year": 2004,
            "quarter": 4,
            "eps": null,
            "eps_growth_year": null,
            "eps_4q": null,
            "eps_4q_growth_year": null,
            "roe": null,
            "roe_4q": 0,
            "gross_profit": null,
            "gross_margin": null,
            "gross_margin_4q_avg": 0,
            "net_income": null,
            "net_income_4q": null,
            "revenue": null,
            "revenue_4q": null,
            "common_shares": 80000,
            "book_valuer_per_share": 18.59,
            "book_valuer_per_share_4q_avg": 4.65,
            "equity": 148728,
            "current_ratio": 125.79,
            "debt_ratio": 67.58,
            "inventory_turnover_ratio": null,
            "account_receivable_turnover_ratio": null,
            "reinvestment_rate": null,
            "research_to_sale_ratio": null,
            "price_fair": 0,
            "eps_avg_yearly": 0,
            "eps_latest_yearly": 0,
            "eps_growth_yearly": 0
        },
        "20051": {
            "year_quarter": 20051,
            "year": 2005,
            "quarter": 1,
            "eps": null,
            "eps_growth_year": null,
            "eps_4q": null,
            "eps_4q_growth_year": null,
            "roe": null,
            "roe_4q": 0,
            "gross_profit": null,
            "gross_margin": null,
            "gross_margin_4q_avg": 0,
            "net_income": null,
            "net_income_4q": null,
            "revenue": null,
            "revenue_4q": null,
            "common_shares": null,
            "book_valuer_per_share": null,
            "book_valuer_per_share_4q_avg": 4.65,
            "equity": null,
            "current_ratio": null,
            "debt_ratio": null,
            "inventory_turnover_ratio": null,
            "account_receivable_turnover_ratio": null,
            "reinvestment_rate": null,
            "research_to_sale_ratio": null,
            "price_fair": 0,
            "eps_avg_yearly": 0,
            "eps_latest_yearly": 0,
            "eps_growth_yearly": 0
        },
        "20052": {
            "year_quarter": 20052,
            "year": 2005,
            "quarter": 2,
            "eps": null,
            "eps_growth_year": null,
            "eps_4q": null,
            "eps_4q_growth_year": null,
            "roe": null,
            "roe_4q": 0,
            "gross_profit": null,
            "gross_margin": null,
            "gross_margin_4q_avg": 0,
            "net_income": null,
            "net_income_4q": null,
            "revenue": null,
            "revenue_4q": null,
            "common_shares": null,
            "book_valuer_per_share": null,
            "book_valuer_per_share_4q_avg": 4.65,
            "equity": null,
            "current_ratio": null,
            "debt_ratio": null,
            "inventory_turnover_ratio": null,
            "account_receivable_turnover_ratio": null,
            "reinvestment_rate": null,
            "research_to_sale_ratio": null,
            "price_fair": 0,
            "eps_avg_yearly": 0,
            "eps_latest_yearly": 0,
            "eps_growth_yearly": 0
        },
        "20053": {
            "year_quarter": 20053,
            "year": 2005,
            "quarter": 3,
            "eps": null,
            "eps_growth_year": null,
            "eps_4q": null,
            "eps_4q_growth_year": null,
            "roe": null,
            "roe_4q": 0,
            "gross_profit": null,
            "gross_margin": null,
            "gross_margin_4q_avg": 0,
            "net_income": null,
            "net_income_4q": null,
            "revenue": null,
            "revenue_4q": null,
            "common_shares": null,
            "book_valuer_per_share": null,
            "book_valuer_per_share_4q_avg": 4.65,
            "equity": null,
            "current_ratio": null,
            "debt_ratio": null,
            "inventory_turnover_ratio": null,
            "account_receivable_turnover_ratio": null,
            "reinvestment_rate": null,
            "research_to_sale_ratio": null,
            "price_fair": 0,
            "eps_avg_yearly": 0,
            "eps_latest_yearly": 0,
            "eps_growth_yearly": 0
        },
        "20054": {
            "year_quarter": 20054,
            "year": 2005,
            "quarter": 4,
            "eps": null,
            "eps_growth_year": null,
            "eps_4q": null,
            "eps_4q_growth_year": null,
            "roe": null,
            "roe_4q": 0,
            "gross_profit": null,
            "gross_margin": null,
            "gross_margin_4q_avg": 0,
            "net_income": null,
            "net_income_4q": null,
            "revenue": null,
            "revenue_4q": null,
            "common_shares": 160900,
            "book_valuer_per_share": 16.08,
            "book_valuer_per_share_4q_avg": 4.02,
            "equity": 258766,
            "current_ratio": 147.67,
            "debt_ratio": 63.54,
            "inventory_turnover_ratio": null,
            "account_receivable_turnover_ratio": null,
            "reinvestment_rate": null,
            "research_to_sale_ratio": null,
            "price_fair": 0,
            "eps_avg_yearly": 0,
            "eps_latest_yearly": 0,
            "eps_growth_yearly": 0
        },
        "20061": {
            "year_quarter": 20061,
            "year": 2006,
            "quarter": 1,
            "eps": 0.69,
            "eps_growth_year": null,
            "eps_4q": null,
            "eps_4q_growth_year": null,
            "roe": 6.26,
            "roe_4q": 6.26,
            "gross_profit": 44942,
            "gross_margin": 19.52,
            "gross_margin_4q_avg": 4.88,
            "net_income": 16720,
            "net_income_4q": null,
            "revenue": 230292,
            "revenue_4q": null,
            "common_shares": 160900,
            "book_valuer_per_share": 17.12,
            "book_valuer_per_share_4q_avg": 8.3,
            "equity": 275486,
            "current_ratio": 191.75,
            "debt_ratio": 52.81,
            "inventory_turnover_ratio": 1.3,
            "account_receivable_turnover_ratio": null,
            "reinvestment_rate": null,
            "research_to_sale_ratio": null,
            "price_fair": 0,
            "eps_avg_yearly": 0,
            "eps_latest_yearly": 0,
            "eps_growth_yearly": 0
        },
        "20062": {
            "year_quarter": 20062,
            "year": 2006,
            "quarter": 2,
            "eps": 0.82,
            "eps_growth_year": null,
            "eps_4q": null,
            "eps_4q_growth_year": null,
            "roe": 6.31,
            "roe_4q": 12.57,
            "gross_profit": 52095,
            "gross_margin": 19.44,
            "gross_margin_4q_avg": 9.74,
            "net_income": 19895,
            "net_income_4q": null,
            "revenue": 267940,
            "revenue_4q": null,
            "common_shares": 272165,
            "book_valuer_per_share": 13.06,
            "book_valuer_per_share_4q_avg": 11.57,
            "equity": 355381,
            "current_ratio": 206.83,
            "debt_ratio": 47.35,
            "inventory_turnover_ratio": 1.34,
            "account_receivable_turnover_ratio": null,
            "reinvestment_rate": null,
            "research_to_sale_ratio": null,
            "price_fair": 114.8,
            "eps_avg_yearly": 3.28,
            "eps_latest_yearly": 3.28,
            "eps_growth_yearly": 75.36
        },
        "20063": {
            "year_quarter": 20063,
            "year": 2006,
            "quarter": 3,
            "eps": 2.79,
            "eps_growth_year": null,
            "eps_4q": null,
            "eps_4q_growth_year": null,
            "roe": 19.19,
            "roe_4q": 31.759999999999998,
            "gross_profit": 104917,
            "gross_margin": 26.96,
            "gross_margin_4q_avg": 16.48,
            "net_income": 75418,
            "net_income_4q": null,
            "revenue": 389226,
            "revenue_4q": null,
            "common_shares": 272165,
            "book_valuer_per_share": 15.83,
            "book_valuer_per_share_4q_avg": 15.52,
            "equity": 430799,
            "current_ratio": 192.35,
            "debt_ratio": 52.47,
            "inventory_turnover_ratio": 1.43,
            "account_receivable_turnover_ratio": null,
            "reinvestment_rate": null,
            "research_to_sale_ratio": null,
            "price_fair": 252.7,
            "eps_avg_yearly": 7.22,
            "eps_latest_yearly": 11.16,
            "eps_growth_yearly": 518.17
        },
        "20064": {
            "year_quarter": 20064,
            "year": 2006,
            "quarter": 4,
            "eps": 1.82,
            "eps_growth_year": null,
            "eps_4q": 6.15,
            "eps_4q_growth_year": null,
            "roe": 10.38,
            "roe_4q": 42.14,
            "gross_profit": 96084,
            "gross_margin": 26.39,
            "gross_margin_4q_avg": 23.08,
            "net_income": 47041,
            "net_income_4q": null,
            "revenue": 364068,
            "revenue_4q": null,
            "common_shares": 272165,
            "book_valuer_per_share": 17.49,
            "book_valuer_per_share_4q_avg": 15.88,
            "equity": 475992,
            "current_ratio": 267.75,
            "debt_ratio": 43.05,
            "inventory_turnover_ratio": 1.35,
            "account_receivable_turnover_ratio": null,
            "reinvestment_rate": null,
            "research_to_sale_ratio": null,
            "price_fair": 253.4,
            "eps_avg_yearly": 7.24,
            "eps_latest_yearly": 7.28,
            "eps_growth_yearly": 299.09
        },
        "20071": {
            "year_quarter": 20071,
            "year": 2007,
            "quarter": 1,
            "eps": 1.37,
            "eps_growth_year": 98.55,
            "eps_4q": 6.59,
            "eps_4q_growth_year": null,
            "roe": 7.55,
            "roe_4q": 43.43000000000001,
            "gross_profit": 79372,
            "gross_margin": 28.38,
            "gross_margin_4q_avg": 25.29,
            "net_income": 37335,
            "net_income_4q": null,
            "revenue": 279716,
            "revenue_4q": null,
            "common_shares": 272165,
            "book_valuer_per_share": 18.86,
            "book_valuer_per_share_4q_avg": 16.31,
            "equity": 513327,
            "current_ratio": 331.61,
            "debt_ratio": 38.31,
            "inventory_turnover_ratio": 1.14,
            "account_receivable_turnover_ratio": null,
            "reinvestment_rate": null,
            "research_to_sale_ratio": null,
            "price_fair": 238,
            "eps_avg_yearly": 6.8,
            "eps_latest_yearly": 5.48,
            "eps_growth_yearly": 199.59
        },
        "20072": {
            "year_quarter": 20072,
            "year": 2007,
            "quarter": 2,
            "eps": 0.34,
            "eps_growth_year": -58.54,
            "eps_4q": 5.81,
            "eps_4q_growth_year": null,
            "roe": 2.12,
            "roe_4q": 39.24,
            "gross_profit": 52448,
            "gross_margin": 24.76,
            "gross_margin_4q_avg": 26.62,
            "net_income": 9941,
            "net_income_4q": null,
            "revenue": 211832,
            "revenue_4q": null,
            "common_shares": 272165,
            "book_valuer_per_share": 15.61,
            "book_valuer_per_share_4q_avg": 16.95,
            "equity": 424810,
            "current_ratio": 221.04,
            "debt_ratio": 47.56,
            "inventory_turnover_ratio": 0.94,
            "account_receivable_turnover_ratio": null,
            "reinvestment_rate": null,
            "research_to_sale_ratio": null,
            "price_fair": 199.92,
            "eps_avg_yearly": 5.71,
            "eps_latest_yearly": 1.36,
            "eps_growth_yearly": 99.53
        },
        "20073": {
            "year_quarter": 20073,
            "year": 2007,
            "quarter": 3,
            "eps": 0.6,
            "eps_growth_year": -78.49,
            "eps_4q": 3.79,
            "eps_4q_growth_year": null,
            "roe": 3.22,
            "roe_4q": 23.270000000000003,
            "gross_profit": 48912,
            "gross_margin": 24.51,
            "gross_margin_4q_avg": 26.01,
            "net_income": 17727,
            "net_income_4q": null,
            "revenue": 199594,
            "revenue_4q": null,
            "common_shares": 320753,
            "book_valuer_per_share": 21.04,
            "book_valuer_per_share_4q_avg": 18.25,
            "equity": 674887,
            "current_ratio": 366.26,
            "debt_ratio": 18.75,
            "inventory_turnover_ratio": 0.88,
            "account_receivable_turnover_ratio": null,
            "reinvestment_rate": null,
            "research_to_sale_ratio": null,
            "price_fair": 180.6,
            "eps_avg_yearly": 5.16,
            "eps_latest_yearly": 2.4,
            "eps_growth_yearly": 133.92
        },
        "20074": {
            "year_quarter": 20074,
            "year": 2007,
            "quarter": 4,
            "eps": 0.61,
            "eps_growth_year": -66.48,
            "eps_4q": 2.76,
            "eps_4q_growth_year": -55.08,
            "roe": 2.77,
            "roe_4q": 15.66,
            "gross_profit": 48116,
            "gross_margin": 23.93,
            "gross_margin_4q_avg": 25.4,
            "net_income": 18405,
            "net_income_4q": null,
            "revenue": 201032,
            "revenue_4q": null,
            "common_shares": 320753,
            "book_valuer_per_share": 20.44,
            "book_valuer_per_share_4q_avg": 18.99,
            "equity": 655484,
            "current_ratio": 342.99,
            "debt_ratio": 19.39,
            "inventory_turnover_ratio": 0.91,
            "account_receivable_turnover_ratio": null,
            "reinvestment_rate": null,
            "research_to_sale_ratio": null,
            "price_fair": 167,
            "eps_avg_yearly": 4.77,
            "eps_latest_yearly": 2.44,
            "eps_growth_yearly": 115.74
        },
        "20081": {
            "year_quarter": 20081,
            "year": 2008,
            "quarter": 1,
            "eps": -0.11,
            "eps_growth_year": -108.03,
            "eps_4q": 1.32,
            "eps_4q_growth_year": -79.98,
            "roe": -0.54,
            "roe_4q": 7.57,
            "gross_profit": 25486,
            "gross_margin": 17.1,
            "gross_margin_4q_avg": 22.58,
            "net_income": -3544,
            "net_income_4q": null,
            "revenue": 149029,
            "revenue_4q": null,
            "common_shares": 320753,
            "book_valuer_per_share": 20.33,
            "book_valuer_per_share_4q_avg": 19.36,
            "equity": 651940,
            "current_ratio": 392.79,
            "debt_ratio": 16.81,
            "inventory_turnover_ratio": 0.74,
            "account_receivable_turnover_ratio": null,
            "reinvestment_rate": null,
            "research_to_sale_ratio": null,
            "price_fair": 167,
            "eps_avg_yearly": 4.77,
            "eps_latest_yearly": 2.44,
            "eps_growth_yearly": 115.74
        },
        "20082": {
            "year_quarter": 20082,
            "year": 2008,
            "quarter": 2,
            "eps": -0.31,
            "eps_growth_year": -191.18,
            "eps_4q": 0.73,
            "eps_4q_growth_year": -87.39,
            "roe": -1.61,
            "roe_4q": 3.84,
            "gross_profit": 13336,
            "gross_margin": 12.29,
            "gross_margin_4q_avg": 19.46,
            "net_income": -9773,
            "net_income_4q": null,
            "revenue": 108481,
            "revenue_4q": null,
            "common_shares": 311593,
            "book_valuer_per_share": 18.08,
            "book_valuer_per_share_4q_avg": 19.97,
            "equity": 563501,
            "current_ratio": 258.61,
            "debt_ratio": 23.92,
            "inventory_turnover_ratio": 0.53,
            "account_receivable_turnover_ratio": null,
            "reinvestment_rate": null,
            "research_to_sale_ratio": null,
            "price_fair": 167,
            "eps_avg_yearly": 4.77,
            "eps_latest_yearly": 2.44,
            "eps_growth_yearly": 115.74
        },
        "20083": {
            "year_quarter": 20083,
            "year": 2008,
            "quarter": 3,
            "eps": -0.37,
            "eps_growth_year": -161.67,
            "eps_4q": -0.2,
            "eps_4q_growth_year": -105.39,
            "roe": -2.05,
            "roe_4q": -1.4300000000000002,
            "gross_profit": 3461,
            "gross_margin": 2.91,
            "gross_margin_4q_avg": 14.06,
            "net_income": -11458,
            "net_income_4q": null,
            "revenue": 118894,
            "revenue_4q": null,
            "common_shares": 311593,
            "book_valuer_per_share": 17.72,
            "book_valuer_per_share_4q_avg": 19.14,
            "equity": 552043,
            "current_ratio": 450.03,
            "debt_ratio": 13.33,
            "inventory_turnover_ratio": 0.66,
            "account_receivable_turnover_ratio": null,
            "reinvestment_rate": null,
            "research_to_sale_ratio": null,
            "price_fair": 167,
            "eps_avg_yearly": 4.77,
            "eps_latest_yearly": 2.44,
            "eps_growth_yearly": 115.74
        },
        "20084": {
            "year_quarter": 20084,
            "year": 2008,
            "quarter": 4,
            "eps": -0.07,
            "eps_growth_year": -111.48,
            "eps_4q": -0.86,
            "eps_4q_growth_year": -131.11,
            "roe": -0.39,
            "roe_4q": -4.59,
            "gross_profit": 22371,
            "gross_margin": 15.45,
            "gross_margin_4q_avg": 11.94,
            "net_income": -2153,
            "net_income_4q": null,
            "revenue": 144821,
            "revenue_4q": null,
            "common_shares": 311593,
            "book_valuer_per_share": 17.67,
            "book_valuer_per_share_4q_avg": 18.45,
            "equity": 550611,
            "current_ratio": 327.65,
            "debt_ratio": 17.74,
            "inventory_turnover_ratio": 0.84,
            "account_receivable_turnover_ratio": 2.36,
            "reinvestment_rate": null,
            "research_to_sale_ratio": null,
            "price_fair": 167,
            "eps_avg_yearly": 4.77,
            "eps_latest_yearly": 2.44,
            "eps_growth_yearly": 115.74
        },
        "20091": {
            "year_quarter": 20091,
            "year": 2009,
            "quarter": 1,
            "eps": -0.19,
            "eps_growth_year": null,
            "eps_4q": -0.94,
            "eps_4q_growth_year": -171.08,
            "roe": -1.07,
            "roe_4q": -5.12,
            "gross_profit": 13155,
            "gross_margin": 10.39,
            "gross_margin_4q_avg": 10.26,
            "net_income": -5851,
            "net_income_4q": null,
            "revenue": 126612,
            "revenue_4q": null,
            "common_shares": 311593,
            "book_valuer_per_share": 17.48,
            "book_valuer_per_share_4q_avg": 17.74,
            "equity": 544760,
            "current_ratio": 256.15,
            "debt_ratio": 23.07,
            "inventory_turnover_ratio": 0.97,
            "account_receivable_turnover_ratio": 1.15,
            "reinvestment_rate": null,
            "research_to_sale_ratio": null,
            "price_fair": 167,
            "eps_avg_yearly": 4.77,
            "eps_latest_yearly": 2.44,
            "eps_growth_yearly": 115.74
        },
        "20092": {
            "year_quarter": 20092,
            "year": 2009,
            "quarter": 2,
            "eps": -0.29,
            "eps_growth_year": null,
            "eps_4q": -0.91,
            "eps_4q_growth_year": -224.77,
            "roe": -1.67,
            "roe_4q": -5.18,
            "gross_profit": 20343,
            "gross_margin": 14.81,
            "gross_margin_4q_avg": 10.89,
            "net_income": -9005,
            "net_income_4q": null,
            "revenue": 137401,
            "revenue_4q": null,
            "common_shares": 311593,
            "book_valuer_per_share": 17.2,
            "book_valuer_per_share_4q_avg": 17.52,
            "equity": 535861,
            "current_ratio": 285.18,
            "debt_ratio": 20.37,
            "inventory_turnover_ratio": 1.17,
            "account_receivable_turnover_ratio": 1.36,
            "reinvestment_rate": null,
            "research_to_sale_ratio": null,
            "price_fair": 167,
            "eps_avg_yearly": 4.77,
            "eps_latest_yearly": 2.44,
            "eps_growth_yearly": 115.74
        },
        "20093": {
            "year_quarter": 20093,
            "year": 2009,
            "quarter": 3,
            "eps": -0.53,
            "eps_growth_year": null,
            "eps_4q": -1.08,
            "eps_4q_growth_year": null,
            "roe": -3.13,
            "roe_4q": -6.26,
            "gross_profit": 678,
            "gross_margin": 1.1,
            "gross_margin_4q_avg": 10.44,
            "net_income": -16521,
            "net_income_4q": null,
            "revenue": 61886,
            "revenue_4q": null,
            "common_shares": 311653,
            "book_valuer_per_share": 16.69,
            "book_valuer_per_share_4q_avg": 17.26,
            "equity": 520146,
            "current_ratio": 488.49,
            "debt_ratio": 11.37,
            "inventory_turnover_ratio": 0.67,
            "account_receivable_turnover_ratio": 0.8,
            "reinvestment_rate": null,
            "research_to_sale_ratio": null,
            "price_fair": 167,
            "eps_avg_yearly": 4.77,
            "eps_latest_yearly": 2.44,
            "eps_growth_yearly": 115.74
        },
        "20094": {
            "year_quarter": 20094,
            "year": 2009,
            "quarter": 4,
            "eps": -0.6,
            "eps_growth_year": null,
            "eps_4q": -1.61,
            "eps_4q_growth_year": null,
            "roe": -3.68,
            "roe_4q": -9.55,
            "gross_profit": -1874,
            "gross_margin": -1.92,
            "gross_margin_4q_avg": 6.1,
            "net_income": -18792,
            "net_income_4q": null,
            "revenue": 97733,
            "revenue_4q": null,
            "common_shares": 312103,
            "book_valuer_per_share": 16.1,
            "book_valuer_per_share_4q_avg": 16.87,
            "equity": 502506,
            "current_ratio": 326.27,
            "debt_ratio": 15.8,
            "inventory_turnover_ratio": 1.12,
            "account_receivable_turnover_ratio": 2.49,
            "reinvestment_rate": 52.08,
            "research_to_sale_ratio": null,
            "price_fair": 167,
            "eps_avg_yearly": 4.77,
            "eps_latest_yearly": 2.44,
            "eps_growth_yearly": 115.74
        },
        "20101": {
            "year_quarter": 20101,
            "year": 2010,
            "quarter": 1,
            "eps": -0.64,
            "eps_growth_year": null,
            "eps_4q": -2.06,
            "eps_4q_growth_year": null,
            "roe": -4.09,
            "roe_4q": -12.569999999999999,
            "gross_profit": 948,
            "gross_margin": 1.05,
            "gross_margin_4q_avg": 3.76,
            "net_income": -20133,
            "net_income_4q": null,
            "revenue": 89966,
            "revenue_4q": null,
            "common_shares": 312203,
            "book_valuer_per_share": 15.45,
            "book_valuer_per_share_4q_avg": 16.36,
            "equity": 482669,
            "current_ratio": 297.28,
            "debt_ratio": 17.05,
            "inventory_turnover_ratio": 0.92,
            "account_receivable_turnover_ratio": 1.3,
            "reinvestment_rate": 66.88,
            "research_to_sale_ratio": 9.19,
            "price_fair": 167,
            "eps_avg_yearly": 4.77,
            "eps_latest_yearly": 2.44,
            "eps_growth_yearly": 115.74
        },
        "20102": {
            "year_quarter": 20102,
            "year": 2010,
            "quarter": 2,
            "eps": -0.78,
            "eps_growth_year": null,
            "eps_4q": -2.55,
            "eps_4q_growth_year": null,
            "roe": -5.16,
            "roe_4q": -16.06,
            "gross_profit": 979,
            "gross_margin": 0.76,
            "gross_margin_4q_avg": 0.25,
            "net_income": -24281,
            "net_income_4q": null,
            "revenue": 128478,
            "revenue_4q": null,
            "common_shares": 312368,
            "book_valuer_per_share": 14.68,
            "book_valuer_per_share_4q_avg": 15.73,
            "equity": 458834,
            "current_ratio": 226.9,
            "debt_ratio": 22.48,
            "inventory_turnover_ratio": 1.14,
            "account_receivable_turnover_ratio": 1.61,
            "reinvestment_rate": 86.13,
            "research_to_sale_ratio": 6.1,
            "price_fair": 175.7,
            "eps_avg_yearly": 5.02,
            "eps_latest_yearly": 2.44,
            "eps_growth_yearly": 122.47
        },
        "20103": {
            "year_quarter": 20103,
            "year": 2010,
            "quarter": 3,
            "eps": -0.61,
            "eps_growth_year": null,
            "eps_4q": -2.63,
            "eps_4q_growth_year": null,
            "roe": -4.25,
            "roe_4q": -17.18,
            "gross_profit": -227,
            "gross_margin": -0.21,
            "gross_margin_4q_avg": -0.08,
            "net_income": -19108,
            "net_income_4q": null,
            "revenue": 110101,
            "revenue_4q": null,
            "common_shares": 312618,
            "book_valuer_per_share": 14.07,
            "book_valuer_per_share_4q_avg": 15.08,
            "equity": 439869,
            "current_ratio": 192.94,
            "debt_ratio": 26.63,
            "inventory_turnover_ratio": 0.88,
            "account_receivable_turnover_ratio": 1.3,
            "reinvestment_rate": null,
            "research_to_sale_ratio": 5.42,
            "price_fair": 11.38,
            "eps_avg_yearly": 3.79,
            "eps_latest_yearly": 2.44,
            "eps_growth_yearly": -45.23
        },
        "20104": {
            "year_quarter": 20104,
            "year": 2010,
            "quarter": 4,
            "eps": -0.66,
            "eps_growth_year": null,
            "eps_4q": -2.69,
            "eps_4q_growth_year": null,
            "roe": -4.79,
            "roe_4q": -18.29,
            "gross_profit": 3724,
            "gross_margin": 3.06,
            "gross_margin_4q_avg": 1.17,
            "net_income": -20587,
            "net_income_4q": null,
            "revenue": 121779,
            "revenue_4q": null,
            "common_shares": 312698,
            "book_valuer_per_share": 13.4,
            "book_valuer_per_share_4q_avg": 14.4,
            "equity": 419155,
            "current_ratio": 203.03,
            "debt_ratio": 23.2,
            "inventory_turnover_ratio": 1.11,
            "account_receivable_turnover_ratio": 1.44,
            "reinvestment_rate": null,
            "research_to_sale_ratio": 4.77,
            "price_fair": 8.76,
            "eps_avg_yearly": 2.92,
            "eps_latest_yearly": 2.44,
            "eps_growth_yearly": -21.77
        },
        "20111": {
            "year_quarter": 20111,
            "year": 2011,
            "quarter": 1,
            "eps": 0.01,
            "eps_growth_year": null,
            "eps_4q": -2.04,
            "eps_4q_growth_year": null,
            "roe": 0.05,
            "roe_4q": -14.15,
            "gross_profit": 13441,
            "gross_margin": 11.4,
            "gross_margin_4q_avg": 3.75,
            "net_income": 199,
            "net_income_4q": null,
            "revenue": 117949,
            "revenue_4q": null,
            "common_shares": 312698,
            "book_valuer_per_share": 13.41,
            "book_valuer_per_share_4q_avg": 13.89,
            "equity": 419354,
            "current_ratio": 202.91,
            "debt_ratio": 23.78,
            "inventory_turnover_ratio": 1.18,
            "account_receivable_turnover_ratio": 1.43,
            "reinvestment_rate": null,
            "research_to_sale_ratio": 4.29,
            "price_fair": 28.81,
            "eps_avg_yearly": 2.07,
            "eps_latest_yearly": 2.44,
            "eps_growth_yearly": 3.94
        },
        "20112": {
            "year_quarter": 20112,
            "year": 2011,
            "quarter": 2,
            "eps": -0.09,
            "eps_growth_year": null,
            "eps_4q": -1.35,
            "eps_4q_growth_year": null,
            "roe": -0.68,
            "roe_4q": -9.67,
            "gross_profit": 14650,
            "gross_margin": 11.28,
            "gross_margin_4q_avg": 6.38,
            "net_income": -2858,
            "net_income_4q": null,
            "revenue": 129870,
            "revenue_4q": null,
            "common_shares": 312698,
            "book_valuer_per_share": 13.32,
            "book_valuer_per_share_4q_avg": 13.55,
            "equity": 416496,
            "current_ratio": 195.67,
            "debt_ratio": 24.45,
            "inventory_turnover_ratio": 1.24,
            "account_receivable_turnover_ratio": 1.63,
            "reinvestment_rate": null,
            "research_to_sale_ratio": 4.43,
            "price_fair": 84.7,
            "eps_avg_yearly": 2.42,
            "eps_latest_yearly": 2.44,
            "eps_growth_yearly": 156.27
        },
        "20113": {
            "year_quarter": 20113,
            "year": 2011,
            "quarter": 3,
            "eps": -0.12,
            "eps_growth_year": null,
            "eps_4q": -0.86,
            "eps_4q_growth_year": null,
            "roe": -0.88,
            "roe_4q": -6.3,
            "gross_profit": 8742,
            "gross_margin": 7.09,
            "gross_margin_4q_avg": 8.21,
            "net_income": -3670,
            "net_income_4q": null,
            "revenue": 123370,
            "revenue_4q": null,
            "common_shares": 312698,
            "book_valuer_per_share": 13.25,
            "book_valuer_per_share_4q_avg": 13.35,
            "equity": 415805,
            "current_ratio": 166.12,
            "debt_ratio": 28.66,
            "inventory_turnover_ratio": 1.37,
            "account_receivable_turnover_ratio": 1.29,
            "reinvestment_rate": null,
            "research_to_sale_ratio": 3.53,
            "price_fair": 40.67,
            "eps_avg_yearly": 2.44,
            "eps_latest_yearly": 2.44,
            "eps_growth_yearly": 6.67
        },
        "20114": {
            "year_quarter": 20114,
            "year": 2011,
            "quarter": 4,
            "eps": -0.51,
            "eps_growth_year": null,
            "eps_4q": -0.71,
            "eps_4q_growth_year": null,
            "roe": -3.89,
            "roe_4q": -5.4,
            "gross_profit": 6382,
            "gross_margin": 8.86,
            "gross_margin_4q_avg": 9.66,
            "net_income": -15962,
            "net_income_4q": null,
            "revenue": 72072,
            "revenue_4q": null,
            "common_shares": 313826,
            "book_valuer_per_share": 12.78,
            "book_valuer_per_share_4q_avg": 13.19,
            "equity": 403871,
            "current_ratio": 192.78,
            "debt_ratio": 21.49,
            "inventory_turnover_ratio": 0.82,
            "account_receivable_turnover_ratio": 0.82,
            "reinvestment_rate": null,
            "research_to_sale_ratio": 7.46,
            "price_fair": 0,
            "eps_avg_yearly": 0,
            "eps_latest_yearly": 0,
            "eps_growth_yearly": 0
        },
        "20121": {
            "year_quarter": 20121,
            "year": 2012,
            "quarter": 1,
            "eps": -0.09,
            "eps_growth_year": -1000,
            "eps_4q": -0.8,
            "eps_4q_growth_year": null,
            "roe": -0.69,
            "roe_4q": -6.14,
            "gross_profit": 14569,
            "gross_margin": 12.5,
            "gross_margin_4q_avg": 9.93,
            "net_income": -2760,
            "net_income_4q": null,
            "revenue": 116564,
            "revenue_4q": null,
            "common_shares": 316076,
            "book_valuer_per_share": 0,
            "book_valuer_per_share_4q_avg": 9.84,
            "equity": 401469,
            "current_ratio": 128.26,
            "debt_ratio": 27.99,
            "inventory_turnover_ratio": 1.49,
            "account_receivable_turnover_ratio": 1.3,
            "reinvestment_rate": null,
            "research_to_sale_ratio": 1.69,
            "price_fair": 0,
            "eps_avg_yearly": 0,
            "eps_latest_yearly": 0,
            "eps_growth_yearly": 0
        },
        "20122": {
            "year_quarter": 20122,
            "year": 2012,
            "quarter": 2,
            "eps": -0.54,
            "eps_growth_year": null,
            "eps_4q": -1.25,
            "eps_4q_growth_year": null,
            "roe": -3.69,
            "roe_4q": -9.15,
            "gross_profit": 5889,
            "gross_margin": 3.72,
            "gross_margin_4q_avg": 8.04,
            "net_income": -17131,
            "net_income_4q": null,
            "revenue": 158226,
            "revenue_4q": null,
            "common_shares": 316276,
            "book_valuer_per_share": 12.52,
            "book_valuer_per_share_4q_avg": 9.64,
            "equity": 526965,
            "current_ratio": 114.15,
            "debt_ratio": 37.76,
            "inventory_turnover_ratio": 2.15,
            "account_receivable_turnover_ratio": 1.2,
            "reinvestment_rate": null,
            "research_to_sale_ratio": 2.55,
            "price_fair": 0,
            "eps_avg_yearly": 0,
            "eps_latest_yearly": 0,
            "eps_growth_yearly": 0
        },
        "20123": {
            "year_quarter": 20123,
            "year": 2012,
            "quarter": 3,
            "eps": -0.38,
            "eps_growth_year": null,
            "eps_4q": -1.51,
            "eps_4q_growth_year": null,
            "roe": -4.99,
            "roe_4q": -13.26,
            "gross_profit": 5078,
            "gross_margin": 3.35,
            "gross_margin_4q_avg": 7.11,
            "net_income": -25581,
            "net_income_4q": null,
            "revenue": 151750,
            "revenue_4q": null,
            "common_shares": 316476,
            "book_valuer_per_share": 12.12,
            "book_valuer_per_share_4q_avg": 9.36,
            "equity": 499046,
            "current_ratio": 108.6,
            "debt_ratio": 40.36,
            "inventory_turnover_ratio": 1.53,
            "account_receivable_turnover_ratio": 0.97,
            "reinvestment_rate": null,
            "research_to_sale_ratio": 3.06,
            "price_fair": 0,
            "eps_avg_yearly": 0,
            "eps_latest_yearly": 0,
            "eps_growth_yearly": 0
        },
        "20124": {
            "year_quarter": 20124,
            "year": 2012,
            "quarter": 4,
            "eps": -0.09,
            "eps_growth_year": null,
            "eps_4q": -1.09,
            "eps_4q_growth_year": null,
            "roe": 0.12,
            "roe_4q": -9.25,
            "gross_profit": 20870,
            "gross_margin": 10.44,
            "gross_margin_4q_avg": 7.5,
            "net_income": 591,
            "net_income_4q": null,
            "revenue": 199964,
            "revenue_4q": null,
            "common_shares": 316476,
            "book_valuer_per_share": 12.05,
            "book_valuer_per_share_4q_avg": 9.17,
            "equity": 501016,
            "current_ratio": 121.55,
            "debt_ratio": 37.28,
            "inventory_turnover_ratio": 1.7,
            "account_receivable_turnover_ratio": 1.39,
            "reinvestment_rate": null,
            "research_to_sale_ratio": 1.58,
            "price_fair": 0,
            "eps_avg_yearly": 0,
            "eps_latest_yearly": 0,
            "eps_growth_yearly": 0
        },
        "20131": {
            "year_quarter": 20131,
            "year": 2013,
            "quarter": 1,
            "eps": -0.2,
            "eps_growth_year": null,
            "eps_4q": -1.2,
            "eps_4q_growth_year": null,
            "roe": -4.25,
            "roe_4q": -12.81,
            "gross_profit": 4696,
            "gross_margin": 2.49,
            "gross_margin_4q_avg": 5,
            "net_income": -21864,
            "net_income_4q": null,
            "revenue": 188413,
            "revenue_4q": null,
            "common_shares": 317306,
            "book_valuer_per_share": 12.07,
            "book_valuer_per_share_4q_avg": 12.19,
            "equity": 528036,
            "current_ratio": 131.02,
            "debt_ratio": 43.36,
            "inventory_turnover_ratio": 1.78,
            "account_receivable_turnover_ratio": 1.25,
            "reinvestment_rate": null,
            "research_to_sale_ratio": 4.07,
            "price_fair": 0,
            "eps_avg_yearly": 0,
            "eps_latest_yearly": 0,
            "eps_growth_yearly": 0
        },
        "20132": {
            "year_quarter": 20132,
            "year": 2013,
            "quarter": 2,
            "eps": -0.23,
            "eps_growth_year": null,
            "eps_4q": -0.9,
            "eps_4q_growth_year": null,
            "roe": -5.14,
            "roe_4q": -14.260000000000002,
            "gross_profit": 213,
            "gross_margin": 0.14,
            "gross_margin_4q_avg": 4.11,
            "net_income": -23184,
            "net_income_4q": null,
            "revenue": 155707,
            "revenue_4q": null,
            "common_shares": 317306,
            "book_valuer_per_share": 11.79,
            "book_valuer_per_share_4q_avg": 12.01,
            "equity": 374178,
            "current_ratio": 242.33,
            "debt_ratio": 30.93,
            "inventory_turnover_ratio": 1.99,
            "account_receivable_turnover_ratio": 1.3,
            "reinvestment_rate": null,
            "research_to_sale_ratio": 3.19,
            "price_fair": 0,
            "eps_avg_yearly": 0,
            "eps_latest_yearly": 0,
            "eps_growth_yearly": 0
        },
        "20133": {
            "year_quarter": 20133,
            "year": 2013,
            "quarter": 3,
            "eps": -0.58,
            "eps_growth_year": null,
            "eps_4q": -1.11,
            "eps_4q_growth_year": null,
            "roe": -5.08,
            "roe_4q": -14.35,
            "gross_profit": 9008,
            "gross_margin": 11.78,
            "gross_margin_4q_avg": 6.21,
            "net_income": -18528,
            "net_income_4q": null,
            "revenue": 76479,
            "revenue_4q": null,
            "common_shares": 317306,
            "book_valuer_per_share": 11.2,
            "book_valuer_per_share_4q_avg": 11.78,
            "equity": 355240,
            "current_ratio": 210.86,
            "debt_ratio": 33.76,
            "inventory_turnover_ratio": 0.84,
            "account_receivable_turnover_ratio": 1.25,
            "reinvestment_rate": null,
            "research_to_sale_ratio": 4.04,
            "price_fair": 0,
            "eps_avg_yearly": 0,
            "eps_latest_yearly": 0,
            "eps_growth_yearly": 0
        },
        "20134": {
            "year_quarter": 20134,
            "year": 2013,
            "quarter": 4,
            "eps": -1.23,
            "eps_growth_year": null,
            "eps_4q": -2.24,
            "eps_4q_growth_year": null,
            "roe": -11.58,
            "roe_4q": -26.05,
            "gross_profit": 21745,
            "gross_margin": 19.35,
            "gross_margin_4q_avg": 8.44,
            "net_income": -38872,
            "net_income_4q": null,
            "revenue": 112375,
            "revenue_4q": null,
            "common_shares": 317306,
            "book_valuer_per_share": 9.97,
            "book_valuer_per_share_4q_avg": 11.26,
            "equity": 316417,
            "current_ratio": 161.24,
            "debt_ratio": 36.21,
            "inventory_turnover_ratio": 0.91,
            "account_receivable_turnover_ratio": 1.91,
            "reinvestment_rate": null,
            "research_to_sale_ratio": 2.58,
            "price_fair": 0,
            "eps_avg_yearly": 0,
            "eps_latest_yearly": 0,
            "eps_growth_yearly": 0
        },
        "20141": {
            "year_quarter": 20141,
            "year": 2014,
            "quarter": 1,
            "eps": -0.1,
            "eps_growth_year": null,
            "eps_4q": -2.14,
            "eps_4q_growth_year": null,
            "roe": -0.99,
            "roe_4q": -22.79,
            "gross_profit": 13225,
            "gross_margin": 17.22,
            "gross_margin_4q_avg": 12.12,
            "net_income": -3128,
            "net_income_4q": null,
            "revenue": 76821,
            "revenue_4q": null,
            "common_shares": 317306,
            "book_valuer_per_share": 9.87,
            "book_valuer_per_share_4q_avg": 10.71,
            "equity": 313289,
            "current_ratio": 136.34,
            "debt_ratio": 42.68,
            "inventory_turnover_ratio": 0.53,
            "account_receivable_turnover_ratio": 1.2,
            "reinvestment_rate": null,
            "research_to_sale_ratio": 2.61,
            "price_fair": 0,
            "eps_avg_yearly": 0,
            "eps_latest_yearly": 0,
            "eps_growth_yearly": 0
        },
        "20142": {
            "year_quarter": 20142,
            "year": 2014,
            "quarter": 2,
            "eps": 0.09,
            "eps_growth_year": null,
            "eps_4q": -2,
            "eps_4q_growth_year": null,
            "roe": -0.93,
            "roe_4q": -18.58,
            "gross_profit": 21639,
            "gross_margin": 16.9,
            "gross_margin_4q_avg": 16.31,
            "net_income": -2897,
            "net_income_4q": null,
            "revenue": 128033,
            "revenue_4q": null,
            "common_shares": 317306,
            "book_valuer_per_share": 9.78,
            "book_valuer_per_share_4q_avg": 10.21,
            "equity": 310392,
            "current_ratio": 132.11,
            "debt_ratio": 42.92,
            "inventory_turnover_ratio": 0.73,
            "account_receivable_turnover_ratio": 2.03,
            "reinvestment_rate": null,
            "research_to_sale_ratio": 3.49,
            "price_fair": 0,
            "eps_avg_yearly": 0,
            "eps_latest_yearly": 0,
            "eps_growth_yearly": 0
        },
        "20143": {
            "year_quarter": 20143,
            "year": 2014,
            "quarter": 3,
            "eps": 0.06,
            "eps_growth_year": null,
            "eps_4q": -1.48,
            "eps_4q_growth_year": null,
            "roe": -0.64,
            "roe_4q": -14.14,
            "gross_profit": 14367,
            "gross_margin": 14.66,
            "gross_margin_4q_avg": 17.03,
            "net_income": -1982,
            "net_income_4q": null,
            "revenue": 98014,
            "revenue_4q": null,
            "common_shares": 317306,
            "book_valuer_per_share": 9.72,
            "book_valuer_per_share_4q_avg": 9.84,
            "equity": 308410,
            "current_ratio": 149.21,
            "debt_ratio": 48.1,
            "inventory_turnover_ratio": 0.52,
            "account_receivable_turnover_ratio": 1.5,
            "reinvestment_rate": null,
            "research_to_sale_ratio": 3.09,
            "price_fair": 0.72,
            "eps_avg_yearly": 0.24,
            "eps_latest_yearly": 0.24,
            "eps_growth_yearly": -133.33
        },
        "20144": {
            "year_quarter": 20144,
            "year": 2014,
            "quarter": 4,
            "eps": -0.19,
            "eps_growth_year": null,
            "eps_4q": -0.37,
            "eps_4q_growth_year": null,
            "roe": -2.4,
            "roe_4q": -4.96,
            "gross_profit": 12779,
            "gross_margin": 14.19,
            "gross_margin_4q_avg": 15.74,
            "net_income": -9078,
            "net_income_4q": null,
            "revenue": 90075,
            "revenue_4q": null,
            "common_shares": 467306,
            "book_valuer_per_share": 9.62,
            "book_valuer_per_share_4q_avg": 9.75,
            "equity": 449332,
            "current_ratio": 303.52,
            "debt_ratio": 28.34,
            "inventory_turnover_ratio": 0.44,
            "account_receivable_turnover_ratio": 1.73,
            "reinvestment_rate": null,
            "research_to_sale_ratio": 5.55,
            "price_fair": 0.72,
            "eps_avg_yearly": 0.24,
            "eps_latest_yearly": 0.24,
            "eps_growth_yearly": -133.33
        },
        "20151": {
            "year_quarter": 20151,
            "year": 2015,
            "quarter": 1,
            "eps": -0.16,
            "eps_growth_year": null,
            "eps_4q": -0.46,
            "eps_4q_growth_year": null,
            "roe": -1.65,
            "roe_4q": -5.619999999999999,
            "gross_profit": 11628,
            "gross_margin": 12.83,
            "gross_margin_4q_avg": 14.65,
            "net_income": -7336,
            "net_income_4q": null,
            "revenue": 90614,
            "revenue_4q": null,
            "common_shares": 467306,
            "book_valuer_per_share": 9.46,
            "book_valuer_per_share_4q_avg": 9.65,
            "equity": 441996,
            "current_ratio": 172.41,
            "debt_ratio": 43.5,
            "inventory_turnover_ratio": 0.28,
            "account_receivable_turnover_ratio": 2.11,
            "reinvestment_rate": null,
            "research_to_sale_ratio": 3.4,
            "price_fair": 0.72,
            "eps_avg_yearly": 0.24,
            "eps_latest_yearly": 0.24,
            "eps_growth_yearly": -133.33
        },
        "20152": {
            "year_quarter": 20152,
            "year": 2015,
            "quarter": 2,
            "eps": -0.02,
            "eps_growth_year": -122.22,
            "eps_4q": -0.41,
            "eps_4q_growth_year": null,
            "roe": -0.16,
            "roe_4q": -4.85,
            "gross_profit": 18626,
            "gross_margin": 15.33,
            "gross_margin_4q_avg": 14.25,
            "net_income": -717,
            "net_income_4q": null,
            "revenue": 121518,
            "revenue_4q": null,
            "common_shares": 467306,
            "book_valuer_per_share": 9.44,
            "book_valuer_per_share_4q_avg": 9.56,
            "equity": 441279,
            "current_ratio": 138.03,
            "debt_ratio": 46.55,
            "inventory_turnover_ratio": 0.26,
            "account_receivable_turnover_ratio": 1.9,
            "reinvestment_rate": null,
            "research_to_sale_ratio": 2.59,
            "price_fair": 0.72,
            "eps_avg_yearly": 0.24,
            "eps_latest_yearly": 0.24,
            "eps_growth_yearly": -133.33
        },
        "20153": {
            "year_quarter": 20153,
            "year": 2015,
            "quarter": 3,
            "eps": 0.36,
            "eps_growth_year": 500,
            "eps_4q": -0.01,
            "eps_4q_growth_year": null,
            "roe": 3.71,
            "roe_4q": -0.5,
            "gross_profit": 32664,
            "gross_margin": 18.7,
            "gross_margin_4q_avg": 15.26,
            "net_income": 16659,
            "net_income_4q": null,
            "revenue": 174707,
            "revenue_4q": null,
            "common_shares": 467306,
            "book_valuer_per_share": 9.8,
            "book_valuer_per_share_4q_avg": 9.58,
            "equity": 457938,
            "current_ratio": 156.65,
            "debt_ratio": 47.55,
            "inventory_turnover_ratio": 0.36,
            "account_receivable_turnover_ratio": 1.92,
            "reinvestment_rate": null,
            "research_to_sale_ratio": 1.36,
            "price_fair": 0.72,
            "eps_avg_yearly": 0.24,
            "eps_latest_yearly": 0.24,
            "eps_growth_yearly": -133.33
        },
        "20154": {
            "year_quarter": 20154,
            "year": 2015,
            "quarter": 4,
            "eps": 0.33,
            "eps_growth_year": null,
            "eps_4q": 0.52,
            "eps_4q_growth_year": null,
            "roe": 3.36,
            "roe_4q": 5.26,
            "gross_profit": 36663,
            "gross_margin": 16.92,
            "gross_margin_4q_avg": 15.95,
            "net_income": 15654,
            "net_income_4q": null,
            "revenue": 216664,
            "revenue_4q": null,
            "common_shares": 467306,
            "book_valuer_per_share": 10.13,
            "book_valuer_per_share_4q_avg": 9.71,
            "equity": 473592,
            "current_ratio": 186.23,
            "debt_ratio": 42.54,
            "inventory_turnover_ratio": 0.48,
            "account_receivable_turnover_ratio": 2.04,
            "reinvestment_rate": null,
            "research_to_sale_ratio": 1.32,
            "price_fair": 2.34,
            "eps_avg_yearly": 0.78,
            "eps_latest_yearly": 1.32,
            "eps_growth_yearly": -83.33
        },
        "20161": {
            "year_quarter": 20161,
            "year": 2016,
            "quarter": 1,
            "eps": 0.06,
            "eps_growth_year": null,
            "eps_4q": 0.73,
            "eps_4q_growth_year": null,
            "roe": 0.57,
            "roe_4q": 7.4799999999999995,
            "gross_profit": 24699,
            "gross_margin": 15.26,
            "gross_margin_4q_avg": 16.55,
            "net_income": 2690,
            "net_income_4q": null,
            "revenue": 161845,
            "revenue_4q": null,
            "common_shares": 467306,
            "book_valuer_per_share": 10.19,
            "book_valuer_per_share_4q_avg": 9.89,
            "equity": 476282,
            "current_ratio": 191.81,
            "debt_ratio": 41.37,
            "inventory_turnover_ratio": 0.4,
            "account_receivable_turnover_ratio": 1.37,
            "reinvestment_rate": null,
            "research_to_sale_ratio": 1.79,
            "price_fair": 1.8,
            "eps_avg_yearly": 0.6,
            "eps_latest_yearly": 0.24,
            "eps_growth_yearly": -164.65
        },
        "20162": {
            "year_quarter": 20162,
            "year": 2016,
            "quarter": 2,
            "eps": 0.02,
            "eps_growth_year": null,
            "eps_4q": 0.77,
            "eps_4q_growth_year": null,
            "roe": 0.2,
            "roe_4q": 7.84,
            "gross_profit": 25377,
            "gross_margin": 16.15,
            "gross_margin_4q_avg": 16.76,
            "net_income": 931,
            "net_income_4q": null,
            "revenue": 157148,
            "revenue_4q": null,
            "common_shares": 467306,
            "book_valuer_per_share": 10.21,
            "book_valuer_per_share_4q_avg": 10.08,
            "equity": 477213,
            "current_ratio": 192.82,
            "debt_ratio": 41.43,
            "inventory_turnover_ratio": 0.4,
            "account_receivable_turnover_ratio": 1.13,
            "reinvestment_rate": null,
            "research_to_sale_ratio": 1.82,
            "price_fair": 1.41,
            "eps_avg_yearly": 0.47,
            "eps_latest_yearly": 0.08,
            "eps_growth_yearly": -190.15
        },
        "20163": {
            "year_quarter": 20163,
            "year": 2016,
            "quarter": 3,
            "eps": -0.07,
            "eps_growth_year": -119.44,
            "eps_4q": 0.35,
            "eps_4q_growth_year": null,
            "roe": -0.65,
            "roe_4q": 3.48,
            "gross_profit": 17498,
            "gross_margin": 11.84,
            "gross_margin_4q_avg": 15.04,
            "net_income": -3108,
            "net_income_4q": null,
            "revenue": 147763,
            "revenue_4q": null,
            "common_shares": 467306,
            "book_valuer_per_share": 10.15,
            "book_valuer_per_share_4q_avg": 10.17,
            "equity": 474105,
            "current_ratio": 200.35,
            "debt_ratio": 47.83,
            "inventory_turnover_ratio": 0.35,
            "account_receivable_turnover_ratio": 1.03,
            "reinvestment_rate": null,
            "research_to_sale_ratio": 1.58,
            "price_fair": 1.41,
            "eps_avg_yearly": 0.47,
            "eps_latest_yearly": 0.08,
            "eps_growth_yearly": -190.15
        },
        "20164": {
            "year_quarter": 20164,
            "year": 2016,
            "quarter": 4,
            "eps": 0.1,
            "eps_growth_year": -71.27,
            "eps_4q": 0.11,
            "eps_4q_growth_year": -79.34,
            "roe": 0.94,
            "roe_4q": 1.0599999999999998,
            "gross_profit": 24443,
            "gross_margin": 15.91,
            "gross_margin_4q_avg": 14.79,
            "net_income": 4498,
            "net_income_4q": null,
            "revenue": 153654,
            "revenue_4q": null,
            "common_shares": 467306,
            "book_valuer_per_share": 10.24,
            "book_valuer_per_share_4q_avg": 10.2,
            "equity": 478603,
            "current_ratio": 189.35,
            "debt_ratio": 51.91,
            "inventory_turnover_ratio": 0.29,
            "account_receivable_turnover_ratio": 1.19,
            "reinvestment_rate": null,
            "research_to_sale_ratio": 1.85,
            "price_fair": 1.41,
            "eps_avg_yearly": 0.47,
            "eps_latest_yearly": 0.08,
            "eps_growth_yearly": -190.15
        },
        "20171": {
            "year_quarter": 20171,
            "year": 2017,
            "quarter": 1,
            "eps": -0.44,
            "eps_growth_year": -833.33,
            "eps_4q": -0.39,
            "eps_4q_growth_year": -153.13,
            "roe": -4.39,
            "roe_4q": -3.8999999999999995,
            "gross_profit": 9628,
            "gross_margin": 8.84,
            "gross_margin_4q_avg": 13.19,
            "net_income": -20538,
            "net_income_4q": null,
            "revenue": 108919,
            "revenue_4q": null,
            "common_shares": 467306,
            "book_valuer_per_share": 9.8,
            "book_valuer_per_share_4q_avg": 10.1,
            "equity": 458065,
            "current_ratio": 148.7,
            "debt_ratio": 55.37,
            "inventory_turnover_ratio": 0.19,
            "account_receivable_turnover_ratio": 1.07,
            "reinvestment_rate": null,
            "research_to_sale_ratio": 3.28,
            "price_fair": 1.41,
            "eps_avg_yearly": 0.47,
            "eps_latest_yearly": 0.08,
            "eps_growth_yearly": -190.15
        },
        "20172": {
            "year_quarter": 20172,
            "year": 2017,
            "quarter": 2,
            "eps": -0.3,
            "eps_growth_year": -1600,
            "eps_4q": -0.71,
            "eps_4q_growth_year": -192.46,
            "roe": -3.12,
            "roe_4q": -7.220000000000001,
            "gross_profit": 12558,
            "gross_margin": 10.26,
            "gross_margin_4q_avg": 11.71,
            "net_income": -14076,
            "net_income_4q": null,
            "revenue": 122407,
            "revenue_4q": null,
            "common_shares": 467306,
            "book_valuer_per_share": 9.5,
            "book_valuer_per_share_4q_avg": 9.92,
            "equity": 443989,
            "current_ratio": 135.52,
            "debt_ratio": 59.79,
            "inventory_turnover_ratio": 0.18,
            "account_receivable_turnover_ratio": 1.35,
            "reinvestment_rate": null,
            "research_to_sale_ratio": 3.08,
            "price_fair": 1.41,
            "eps_avg_yearly": 0.47,
            "eps_latest_yearly": 0.08,
            "eps_growth_yearly": -190.15
        },
        "20173": {
            "year_quarter": 20173,
            "year": 2017,
            "quarter": 3,
            "eps": -0.46,
            "eps_growth_year": null,
            "eps_4q": -1.1,
            "eps_4q_growth_year": -418.31,
            "roe": -4.93,
            "roe_4q": -11.500000000000002,
            "gross_profit": 7533,
            "gross_margin": 6.62,
            "gross_margin_4q_avg": 10.41,
            "net_income": -21345,
            "net_income_4q": null,
            "revenue": 113777,
            "revenue_4q": null,
            "common_shares": 467306,
            "book_valuer_per_share": 9.04,
            "book_valuer_per_share_4q_avg": 9.65,
            "equity": 422644,
            "current_ratio": 167.52,
            "debt_ratio": 66.59,
            "inventory_turnover_ratio": 0.15,
            "account_receivable_turnover_ratio": 1.22,
            "reinvestment_rate": null,
            "research_to_sale_ratio": 4.65,
            "price_fair": 1.41,
            "eps_avg_yearly": 0.47,
            "eps_latest_yearly": 0.08,
            "eps_growth_yearly": -190.15
        },
        "20174": {
            "year_quarter": 20174,
            "year": 2017,
            "quarter": 4,
            "eps": -0.21,
            "eps_growth_year": -323.21,
            "eps_4q": -1.41,
            "eps_4q_growth_year": -1417.08,
            "roe": -2.4,
            "roe_4q": -14.84,
            "gross_profit": 17043,
            "gross_margin": 13.45,
            "gross_margin_4q_avg": 9.79,
            "net_income": -10040,
            "net_income_4q": null,
            "revenue": 126706,
            "revenue_4q": null,
            "common_shares": 467306,
            "book_valuer_per_share": 8.83,
            "book_valuer_per_share_4q_avg": 9.29,
            "equity": 412604,
            "current_ratio": 178.95,
            "debt_ratio": 70.76,
            "inventory_turnover_ratio": 0.13,
            "account_receivable_turnover_ratio": 1.38,
            "reinvestment_rate": null,
            "research_to_sale_ratio": 4.82,
            "price_fair": 1.41,
            "eps_avg_yearly": 0.47,
            "eps_latest_yearly": 0.08,
            "eps_growth_yearly": -190.15
        },
        "20181": {
            "year_quarter": 20181,
            "year": 2018,
            "quarter": 1,
            "eps": -0.25,
            "eps_growth_year": null,
            "eps_4q": -1.22,
            "eps_4q_growth_year": null,
            "roe": -2.82,
            "roe_4q": -13.27,
            "gross_profit": 13901,
            "gross_margin": 10.37,
            "gross_margin_4q_avg": 10.18,
            "net_income": -11473,
            "net_income_4q": null,
            "revenue": 134046,
            "revenue_4q": null,
            "common_shares": 467306,
            "book_valuer_per_share": 8.58,
            "book_valuer_per_share_4q_avg": 8.99,
            "equity": 401131,
            "current_ratio": 168.05,
            "debt_ratio": 75.34,
            "inventory_turnover_ratio": 0.12,
            "account_receivable_turnover_ratio": 1.4,
            "reinvestment_rate": null,
            "research_to_sale_ratio": 4.58,
            "price_fair": 1.41,
            "eps_avg_yearly": 0.47,
            "eps_latest_yearly": 0.08,
            "eps_growth_yearly": -190.15
        },
        "20182": {
            "year_quarter": 20182,
            "year": 2018,
            "quarter": 2,
            "eps": -0.11,
            "eps_growth_year": null,
            "eps_4q": -1.03,
            "eps_4q_growth_year": null,
            "roe": -1.34,
            "roe_4q": -11.49,
            "gross_profit": 18891,
            "gross_margin": 14.59,
            "gross_margin_4q_avg": 11.26,
            "net_income": -5327,
            "net_income_4q": null,
            "revenue": 129507,
            "revenue_4q": null,
            "common_shares": 467306,
            "book_valuer_per_share": 8.47,
            "book_valuer_per_share_4q_avg": 8.73,
            "equity": 395804,
            "current_ratio": 177.27,
            "debt_ratio": 79.62,
            "inventory_turnover_ratio": 0.09,
            "account_receivable_turnover_ratio": 1.41,
            "reinvestment_rate": null,
            "research_to_sale_ratio": 4.99,
            "price_fair": 1.41,
            "eps_avg_yearly": 0.47,
            "eps_latest_yearly": 0.08,
            "eps_growth_yearly": -190.15
        },
        "20183": {
            "year_quarter": 20183,
            "year": 2018,
            "quarter": 3,
            "eps": -0.15,
            "eps_growth_year": null,
            "eps_4q": -0.73,
            "eps_4q_growth_year": null,
            "roe": -1.82,
            "roe_4q": -8.38,
            "gross_profit": 19688,
            "gross_margin": 14.99,
            "gross_margin_4q_avg": 13.35,
            "net_income": -7141,
            "net_income_4q": null,
            "revenue": 131362,
            "revenue_4q": null,
            "common_shares": 467306,
            "book_valuer_per_share": 8.32,
            "book_valuer_per_share_4q_avg": 8.55,
            "equity": 388663,
            "current_ratio": 182.51,
            "debt_ratio": 79.69,
            "inventory_turnover_ratio": 0.08,
            "account_receivable_turnover_ratio": 1.45,
            "reinvestment_rate": null,
            "research_to_sale_ratio": 4.76,
            "price_fair": 1.64,
            "eps_avg_yearly": 0.55,
            "eps_latest_yearly": 0.08,
            "eps_growth_yearly": -209.09
        },
        "20184": {
            "year_quarter": 20184,
            "year": 2018,
            "quarter": 4,
            "eps": -0.03,
            "eps_growth_year": null,
            "eps_4q": -0.54,
            "eps_4q_growth_year": null,
            "roe": -0.39,
            "roe_4q": -6.369999999999999,
            "gross_profit": 22661,
            "gross_margin": 15.27,
            "gross_margin_4q_avg": 13.81,
            "net_income": -1494,
            "net_income_4q": null,
            "revenue": 148409,
            "revenue_4q": null,
            "common_shares": 467306,
            "book_valuer_per_share": 8.29,
            "book_valuer_per_share_4q_avg": 8.42,
            "equity": 387169,
            "current_ratio": 184.68,
            "debt_ratio": 80.08,
            "inventory_turnover_ratio": 0.09,
            "account_receivable_turnover_ratio": 1.54,
            "reinvestment_rate": null,
            "research_to_sale_ratio": 3.85,
            "price_fair": 1.64,
            "eps_avg_yearly": 0.55,
            "eps_latest_yearly": 0.08,
            "eps_growth_yearly": -209.09
        },
        "20191": {
            "year_quarter": 20191,
            "year": 2019,
            "quarter": 1,
            "eps": -0.12,
            "eps_growth_year": null,
            "eps_4q": -0.42,
            "eps_4q_growth_year": null,
            "roe": -1.46,
            "roe_4q": -5.01,
            "gross_profit": 20550,
            "gross_margin": 15.76,
            "gross_margin_4q_avg": 15.15,
            "net_income": -5614,
            "net_income_4q": null,
            "revenue": 130397,
            "revenue_4q": null,
            "common_shares": 467306,
            "book_valuer_per_share": 8.16,
            "book_valuer_per_share_4q_avg": 8.31,
            "equity": 381555,
            "current_ratio": 179.97,
            "debt_ratio": 80.65,
            "inventory_turnover_ratio": 0.08,
            "account_receivable_turnover_ratio": 1.72,
            "reinvestment_rate": null,
            "research_to_sale_ratio": 5.19,
            "price_fair": 1.64,
            "eps_avg_yearly": 0.55,
            "eps_latest_yearly": 0.08,
            "eps_growth_yearly": -209.09
        },
        "20192": {
            "year_quarter": 20192,
            "year": 2019,
            "quarter": 2,
            "eps": 2.02,
            "eps_growth_year": null,
            "eps_4q": 1.72,
            "eps_4q_growth_year": null,
            "roe": 22.03,
            "roe_4q": 18.36,
            "gross_profit": 122494,
            "gross_margin": 17.77,
            "gross_margin_4q_avg": 15.95,
            "net_income": 94469,
            "net_income_4q": null,
            "revenue": 689197,
            "revenue_4q": null,
            "common_shares": 467306,
            "book_valuer_per_share": 10.19,
            "book_valuer_per_share_4q_avg": 8.74,
            "equity": 476024,
            "current_ratio": 168.86,
            "debt_ratio": 72.38,
            "inventory_turnover_ratio": 0.45,
            "account_receivable_turnover_ratio": 6.35,
            "reinvestment_rate": 81.89,
            "research_to_sale_ratio": 0.99,
            "price_fair": 1.64,
            "eps_avg_yearly": 0.55,
            "eps_latest_yearly": 0.08,
            "eps_growth_yearly": -209.09
        },
        "20193": {
            "year_quarter": 20193,
            "year": 2019,
            "quarter": 3,
            "eps": 0.81,
            "eps_growth_year": null,
            "eps_4q": 2.68,
            "eps_4q_growth_year": null,
            "roe": 7.62,
            "roe_4q": 27.8,
            "gross_profit": 85300,
            "gross_margin": 20.66,
            "gross_margin_4q_avg": 17.37,
            "net_income": 37723,
            "net_income_4q": null,
            "revenue": 412791,
            "revenue_4q": null,
            "common_shares": 467306,
            "book_valuer_per_share": 10.99,
            "book_valuer_per_share_4q_avg": 9.41,
            "equity": 513724,
            "current_ratio": 134.71,
            "debt_ratio": 60.87,
            "inventory_turnover_ratio": 0.36,
            "account_receivable_turnover_ratio": 3.09,
            "reinvestment_rate": 57.47,
            "research_to_sale_ratio": 1.49,
            "price_fair": 3.66,
            "eps_avg_yearly": 1.22,
            "eps_latest_yearly": 3.24,
            "eps_growth_yearly": -216.72
        },
        "20194": {
            "year_quarter": 20194,
            "year": 2019,
            "quarter": 4,
            "eps": -0.11,
            "eps_growth_year": null,
            "eps_4q": 2.6,
            "eps_4q_growth_year": null,
            "roe": -1.04,
            "roe_4q": 27.15,
            "gross_profit": 28248,
            "gross_margin": 14.16,
            "gross_margin_4q_avg": 17.09,
            "net_income": -5288,
            "net_income_4q": null,
            "revenue": 199499,
            "revenue_4q": null,
            "common_shares": 467306,
            "book_valuer_per_share": 10.87,
            "book_valuer_per_share_4q_avg": 10.05,
            "equity": 508128,
            "current_ratio": 117.56,
            "debt_ratio": 58.67,
            "inventory_turnover_ratio": 0.27,
            "account_receivable_turnover_ratio": 1.83,
            "reinvestment_rate": 78.9,
            "research_to_sale_ratio": 2.14,
            "price_fair": 3.56,
            "eps_avg_yearly": 1.19,
            "eps_latest_yearly": 3.24,
            "eps_growth_yearly": -277.85
        },
        "20201": {
            "year_quarter": 20201,
            "year": 2020,
            "quarter": 1,
            "eps": -0.57,
            "eps_growth_year": null,
            "eps_4q": 2.15,
            "eps_4q_growth_year": null,
            "roe": -5.34,
            "roe_4q": 23.270000000000003,
            "gross_profit": 4131,
            "gross_margin": 4.8,
            "gross_margin_4q_avg": 14.35,
            "net_income": -26446,
            "net_income_4q": null,
            "revenue": 86013,
            "revenue_4q": null,
            "common_shares": 467306,
            "book_valuer_per_share": 10.31,
            "book_valuer_per_share_4q_avg": 10.59,
            "equity": 481669,
            "current_ratio": 118.16,
            "debt_ratio": 58.02,
            "inventory_turnover_ratio": 0.16,
            "account_receivable_turnover_ratio": 1,
            "reinvestment_rate": 482.31,
            "research_to_sale_ratio": 4.62,
            "price_fair": 4.98,
            "eps_avg_yearly": 1.66,
            "eps_latest_yearly": 3.24,
            "eps_growth_yearly": -253.14
        },
        "20202": {
            "year_quarter": 20202,
            "year": 2020,
            "quarter": 2,
            "eps": -0.26,
            "eps_growth_year": -112.87,
            "eps_4q": -0.13,
            "eps_4q_growth_year": -107.71,
            "roe": -2.56,
            "roe_4q": -1.3200000000000012,
            "gross_profit": 14517,
            "gross_margin": 21.34,
            "gross_margin_4q_avg": 15.24,
            "net_income": -12172,
            "net_income_4q": null,
            "revenue": 68022,
            "revenue_4q": null,
            "common_shares": 467306,
            "book_valuer_per_share": 10.05,
            "book_valuer_per_share_4q_avg": 10.56,
            "equity": 469476,
            "current_ratio": 116.69,
            "debt_ratio": 59.17,
            "inventory_turnover_ratio": 0.1,
            "account_receivable_turnover_ratio": 1.34,
            "reinvestment_rate": null,
            "research_to_sale_ratio": 5.51,
            "price_fair": 9.72,
            "eps_avg_yearly": 3.24,
            "eps_latest_yearly": 3.24,
            "eps_growth_yearly": -239.6
        },
        "20203": {
            "year_quarter": 20203,
            "year": 2020,
            "quarter": 3,
            "eps": -0.01,
            "eps_growth_year": -101.23,
            "eps_4q": -0.95,
            "eps_4q_growth_year": -135.43,
            "roe": -0.09,
            "roe_4q": -9.030000000000001,
            "gross_profit": 11818,
            "gross_margin": 16.13,
            "gross_margin_4q_avg": 14.11,
            "net_income": -410,
            "net_income_4q": null,
            "revenue": 73269,
            "revenue_4q": null,
            "common_shares": 467306,
            "book_valuer_per_share": 10.04,
            "book_valuer_per_share_4q_avg": 10.32,
            "equity": 469049,
            "current_ratio": 131.25,
            "debt_ratio": 58.93,
            "inventory_turnover_ratio": 0.11,
            "account_receivable_turnover_ratio": 1.41,
            "reinvestment_rate": null,
            "research_to_sale_ratio": 3.99,
            "price_fair": 9.72,
            "eps_avg_yearly": 3.24,
            "eps_latest_yearly": 3.24,
            "eps_growth_yearly": -239.6
        },
        "20204": {
            "year_quarter": 20204,
            "year": 2020,
            "quarter": 4,
            "eps": -0.06,
            "eps_growth_year": null,
            "eps_4q": -0.89,
            "eps_4q_growth_year": -134.46,
            "roe": -0.59,
            "roe_4q": -8.58,
            "gross_profit": 21662,
            "gross_margin": 24.11,
            "gross_margin_4q_avg": 16.6,
            "net_income": -2767,
            "net_income_4q": null,
            "revenue": 89864,
            "revenue_4q": null,
            "common_shares": 467306,
            "book_valuer_per_share": 10.09,
            "book_valuer_per_share_4q_avg": 10.12,
            "equity": 471474,
            "current_ratio": 192.9,
            "debt_ratio": 57.7,
            "inventory_turnover_ratio": 0.13,
            "account_receivable_turnover_ratio": 1.89,
            "reinvestment_rate": null,
            "research_to_sale_ratio": 4.37,
            "price_fair": 9.72,
            "eps_avg_yearly": 3.24,
            "eps_latest_yearly": 3.24,
            "eps_growth_yearly": -239.6
        },
        "20211": {
            "year_quarter": 20211,
            "year": 2021,
            "quarter": 1,
            "eps": 0.01,
            "eps_growth_year": null,
            "eps_4q": -0.32,
            "eps_4q_growth_year": -115.04,
            "roe": 0.05,
            "roe_4q": -3.19,
            "gross_profit": 21247,
            "gross_margin": 19.62,
            "gross_margin_4q_avg": 20.3,
            "net_income": 240,
            "net_income_4q": null,
            "revenue": 108273,
            "revenue_4q": null,
            "common_shares": 467306,
            "book_valuer_per_share": 10.09,
            "book_valuer_per_share_4q_avg": 10.07,
            "equity": 471690,
            "current_ratio": 195.11,
            "debt_ratio": 57.28,
            "inventory_turnover_ratio": 0.17,
            "account_receivable_turnover_ratio": 2.59,
            "reinvestment_rate": -245.93,
            "research_to_sale_ratio": 2.74,
            "price_fair": 9.72,
            "eps_avg_yearly": 3.24,
            "eps_latest_yearly": 3.24,
            "eps_growth_yearly": -239.6
        },
        "20212": {
            "year_quarter": 20212,
            "year": 2021,
            "quarter": 2,
            "eps": -0.48,
            "eps_growth_year": null,
            "eps_4q": -0.54,
            "eps_4q_growth_year": null,
            "roe": -4.92,
            "roe_4q": -5.55,
            "gross_profit": 4427,
            "gross_margin": 6.38,
            "gross_margin_4q_avg": 16.56,
            "net_income": -23077,
            "net_income_4q": null,
            "revenue": 69395,
            "revenue_4q": null,
            "common_shares": 472639,
            "book_valuer_per_share": 9.66,
            "book_valuer_per_share_4q_avg": 9.97,
            "equity": 466578,
            "current_ratio": 149.72,
            "debt_ratio": 64.72,
            "inventory_turnover_ratio": 0.11,
            "account_receivable_turnover_ratio": 1.86,
            "reinvestment_rate": -4229.03,
            "research_to_sale_ratio": 4.6,
            "price_fair": 9.72,
            "eps_avg_yearly": 3.24,
            "eps_latest_yearly": 3.24,
            "eps_growth_yearly": -239.6
        },
        "20213": {
            "year_quarter": 20213,
            "year": 2021,
            "quarter": 3,
            "eps": -0.74,
            "eps_growth_year": null,
            "eps_4q": -1.27,
            "eps_4q_growth_year": null,
            "roe": -7.84,
            "roe_4q": -13.299999999999999,
            "gross_profit": 6700,
            "gross_margin": 9.51,
            "gross_margin_4q_avg": 14.91,
            "net_income": -35073,
            "net_income_4q": null,
            "revenue": 70464,
            "revenue_4q": null,
            "common_shares": 472639,
            "book_valuer_per_share": 8.92,
            "book_valuer_per_share_4q_avg": 9.69,
            "equity": 427604,
            "current_ratio": 148.6,
            "debt_ratio": 66.85,
            "inventory_turnover_ratio": 0.09,
            "account_receivable_turnover_ratio": 2.34,
            "reinvestment_rate": null,
            "research_to_sale_ratio": 4.81,
            "price_fair": 9.72,
            "eps_avg_yearly": 3.24,
            "eps_latest_yearly": 3.24,
            "eps_growth_yearly": -239.6
        },
        "20214": {
            "year_quarter": 20214,
            "year": 2021,
            "quarter": 4,
            "eps": -0.47,
            "eps_growth_year": null,
            "eps_4q": -1.68,
            "eps_4q_growth_year": null,
            "roe": -5.5,
            "roe_4q": -18.209999999999997,
            "gross_profit": 12351,
            "gross_margin": 10.67,
            "gross_margin_4q_avg": 11.55,
            "net_income": -22872,
            "net_income_4q": null,
            "revenue": 115785,
            "revenue_4q": null,
            "common_shares": 472639,
            "book_valuer_per_share": 8.45,
            "book_valuer_per_share_4q_avg": 9.28,
            "equity": 404731,
            "current_ratio": 111.78,
            "debt_ratio": 67.98,
            "inventory_turnover_ratio": 0.15,
            "account_receivable_turnover_ratio": 5.04,
            "reinvestment_rate": null,
            "research_to_sale_ratio": 4.69,
            "price_fair": 9.72,
            "eps_avg_yearly": 3.24,
            "eps_latest_yearly": 3.24,
            "eps_growth_yearly": -239.6
        },
        "20221": {
            "year_quarter": 20221,
            "year": 2022,
            "quarter": 1,
            "eps": -0.34,
            "eps_growth_year": -3500,
            "eps_4q": -2.02,
            "eps_4q_growth_year": null,
            "roe": -4.3,
            "roe_4q": -22.560000000000002,
            "gross_profit": 8197,
            "gross_margin": 13.2,
            "gross_margin_4q_avg": 9.94,
            "net_income": -17030,
            "net_income_4q": null,
            "revenue": 62118,
            "revenue_4q": null,
            "common_shares": 472639,
            "book_valuer_per_share": 8.11,
            "book_valuer_per_share_4q_avg": 8.79,
            "equity": 387875,
            "current_ratio": 110.05,
            "debt_ratio": 69.2,
            "inventory_turnover_ratio": 0.08,
            "account_receivable_turnover_ratio": 1.78,
            "reinvestment_rate": null,
            "research_to_sale_ratio": 5.4,
            "price_fair": 9.72,
            "eps_avg_yearly": 3.24,
            "eps_latest_yearly": 3.24,
            "eps_growth_yearly": -239.6
        },
        "20222": {
            "year_quarter": 20222,
            "year": 2022,
            "quarter": 2,
            "eps": -0.41,
            "eps_growth_year": null,
            "eps_4q": -1.96,
            "eps_4q_growth_year": null,
            "roe": -5.05,
            "roe_4q": -22.689999999999998,
            "gross_profit": 10089,
            "gross_margin": 14.55,
            "gross_margin_4q_avg": 11.98,
            "net_income": -19108,
            "net_income_4q": null,
            "revenue": 69330,
            "revenue_4q": null,
            "common_shares": 472639,
            "book_valuer_per_share": 7.71,
            "book_valuer_per_share_4q_avg": 8.3,
            "equity": 368702,
            "current_ratio": 106.6,
            "debt_ratio": 69.7,
            "inventory_turnover_ratio": 0.09,
            "account_receivable_turnover_ratio": 2.1,
            "reinvestment_rate": null,
            "research_to_sale_ratio": 5.06,
            "price_fair": 9.72,
            "eps_avg_yearly": 3.24,
            "eps_latest_yearly": 3.24,
            "eps_growth_yearly": -239.6
        },
        "20223": {
            "year_quarter": 20223,
            "year": 2022,
            "quarter": 3,
            "eps": -0.52,
            "eps_growth_year": null,
            "eps_4q": -1.44,
            "eps_4q_growth_year": null,
            "roe": -5.87,
            "roe_4q": -20.72,
            "gross_profit": 6970,
            "gross_margin": 9.63,
            "gross_margin_4q_avg": 12.01,
            "net_income": -25180,
            "net_income_4q": null,
            "revenue": 72415,
            "revenue_4q": null,
            "common_shares": 472639,
            "book_valuer_per_share": 10.24,
            "book_valuer_per_share_4q_avg": 8.63,
            "equity": 488841,
            "current_ratio": 126.88,
            "debt_ratio": 58.81,
            "inventory_turnover_ratio": 0.1,
            "account_receivable_turnover_ratio": 3.8,
            "reinvestment_rate": null,
            "research_to_sale_ratio": 5.4,
            "price_fair": 9.72,
            "eps_avg_yearly": 3.24,
            "eps_latest_yearly": 3.24,
            "eps_growth_yearly": -239.6
        },
        "20224": {
            "year_quarter": 20224,
            "year": 2022,
            "quarter": 4,
            "eps": -0.41,
            "eps_growth_year": null,
            "eps_4q": -1.41,
            "eps_4q_growth_year": null,
            "roe": -4.95,
            "roe_4q": -20.17,
            "gross_profit": 10363,
            "gross_margin": 15.64,
            "gross_margin_4q_avg": 13.26,
            "net_income": -24616,
            "net_income_4q": null,
            "revenue": 66242,
            "revenue_4q": null,
            "common_shares": 594253,
            "book_valuer_per_share": 8.27,
            "book_valuer_per_share_4q_avg": 8.58,
            "equity": 506593,
            "current_ratio": 222.02,
            "debt_ratio": 58.66,
            "inventory_turnover_ratio": 0.09,
            "account_receivable_turnover_ratio": 2.94,
            "reinvestment_rate": null,
            "research_to_sale_ratio": 6.61,
            "price_fair": 9.72,
            "eps_avg_yearly": 3.24,
            "eps_latest_yearly": 3.24,
            "eps_growth_yearly": -239.6
        },
        "20231": {
            "year_quarter": 20231,
            "year": 2023,
            "quarter": 1,
            "eps": -0.67,
            "eps_growth_year": null,
            "eps_4q": -1.82,
            "eps_4q_growth_year": null,
            "roe": -8.87,
            "roe_4q": -24.740000000000002,
            "gross_profit": 9940,
            "gross_margin": 15.48,
            "gross_margin_4q_avg": 13.83,
            "net_income": -43045,
            "net_income_4q": null,
            "revenue": 64198,
            "revenue_4q": null,
            "common_shares": 606463,
            "book_valuer_per_share": 7.6,
            "book_valuer_per_share_4q_avg": 8.46,
            "equity": 463961,
            "current_ratio": 206.06,
            "debt_ratio": 60.79,
            "inventory_turnover_ratio": 0.09,
            "account_receivable_turnover_ratio": 2.69,
            "reinvestment_rate": null,
            "research_to_sale_ratio": 8.9,
            "price_fair": 9.72,
            "eps_avg_yearly": 3.24,
            "eps_latest_yearly": 3.24,
            "eps_growth_yearly": -239.6
        },
        "20232": {
            "year_quarter": 20232,
            "year": 2023,
            "quarter": 2,
            "eps": -0.25,
            "eps_growth_year": null,
            "eps_4q": -1.75,
            "eps_4q_growth_year": null,
            "roe": -3.59,
            "roe_4q": -23.28,
            "gross_profit": 31256,
            "gross_margin": 25.41,
            "gross_margin_4q_avg": 16.54,
            "net_income": -16370,
            "net_income_4q": null,
            "revenue": 123015,
            "revenue_4q": null,
            "common_shares": 606743,
            "book_valuer_per_share": 7.35,
            "book_valuer_per_share_4q_avg": 8.37,
            "equity": 448150,
            "current_ratio": 242.89,
            "debt_ratio": 61.87,
            "inventory_turnover_ratio": 0.15,
            "account_receivable_turnover_ratio": 5.07,
            "reinvestment_rate": null,
            "research_to_sale_ratio": 4.97,
            "price_fair": 9.72,
            "eps_avg_yearly": 3.24,
            "eps_latest_yearly": 3.24,
            "eps_growth_yearly": -239.6
        },
        "20233": {
            "year_quarter": 20233,
            "year": 2023,
            "quarter": 3,
            "eps": -0.81,
            "eps_growth_year": null,
            "eps_4q": -1.85,
            "eps_4q_growth_year": null,
            "roe": -11.11,
            "roe_4q": -28.52,
            "gross_profit": 5203,
            "gross_margin": 7.25,
            "gross_margin_4q_avg": 15.95,
            "net_income": -64760,
            "net_income_4q": null,
            "revenue": 71749,
            "revenue_4q": null,
            "common_shares": 782165,
            "book_valuer_per_share": 9.16,
            "book_valuer_per_share_4q_avg": 8.1,
            "equity": 717493,
            "current_ratio": 373.33,
            "debt_ratio": 48.08,
            "inventory_turnover_ratio": 0.12,
            "account_receivable_turnover_ratio": 3,
            "reinvestment_rate": null,
            "research_to_sale_ratio": 6.72,
            "price_fair": 0,
            "eps_avg_yearly": 0,
            "eps_latest_yearly": 0,
            "eps_growth_yearly": 0
        }
    },
    "months": {
        "2006-09": {
            "month": "2006-09",
            "price": "54.02",
            "revenue": 129589
        },
        "2006-10": {
            "month": "2006-10",
            "price": "51.30",
            "revenue": 83926
        },
        "2006-11": {
            "month": "2006-11",
            "price": "52.50",
            "revenue": 153171
        },
        "2006-12": {
            "month": "2006-12",
            "price": "53.06",
            "revenue": 126971
        },
        "2007-01": {
            "month": "2007-01",
            "price": "53.66",
            "revenue": 103643
        },
        "2007-02": {
            "month": "2007-02",
            "price": "57.32",
            "revenue": 62872
        },
        "2007-03": {
            "month": "2007-03",
            "price": "71.24",
            "revenue": 113202
        },
        "2007-04": {
            "month": "2007-04",
            "price": "81.86",
            "revenue": 91313
        },
        "2007-05": {
            "month": "2007-05",
            "price": "88.20",
            "revenue": 54455
        },
        "2007-06": {
            "month": "2007-06",
            "price": "119.55",
            "revenue": 66063
        },
        "2007-07": {
            "month": "2007-07",
            "price": "118.68",
            "revenue": 71439
        },
        "2007-08": {
            "month": "2007-08",
            "price": "80.54",
            "revenue": 51809
        },
        "2007-09": {
            "month": "2007-09",
            "price": "61.64",
            "revenue": 76347
        },
        "2007-10": {
            "month": "2007-10",
            "price": "51.31",
            "revenue": 77161
        },
        "2007-11": {
            "month": "2007-11",
            "price": "42.97",
            "revenue": 78603
        },
        "2007-12": {
            "month": "2007-12",
            "price": "38.26",
            "revenue": 45268
        },
        "2008-01": {
            "month": "2008-01",
            "price": "32.52",
            "revenue": 58887
        },
        "2008-02": {
            "month": "2008-02",
            "price": "28.58",
            "revenue": 43656
        },
        "2008-03": {
            "month": "2008-03",
            "price": "31.29",
            "revenue": 46486
        },
        "2008-04": {
            "month": "2008-04",
            "price": "34.44",
            "revenue": 28792
        },
        "2008-05": {
            "month": "2008-05",
            "price": "33.58",
            "revenue": 36839
        },
        "2008-06": {
            "month": "2008-06",
            "price": "26.63",
            "revenue": 42850
        },
        "2008-07": {
            "month": "2008-07",
            "price": "19.69",
            "revenue": 33067
        },
        "2008-08": {
            "month": "2008-08",
            "price": "17.40",
            "revenue": 57258
        },
        "2008-09": {
            "month": "2008-09",
            "price": "14.16",
            "revenue": 28569
        },
        "2008-10": {
            "month": "2008-10",
            "price": "15.53",
            "revenue": 43090
        },
        "2008-11": {
            "month": "2008-11",
            "price": "11.86",
            "revenue": 58807
        },
        "2008-12": {
            "month": "2008-12",
            "price": "11.04",
            "revenue": 42924
        },
        "2009-01": {
            "month": "2009-01",
            "price": "10.35",
            "revenue": 47667
        },
        "2009-02": {
            "month": "2009-02",
            "price": "10.43",
            "revenue": 40137
        },
        "2009-03": {
            "month": "2009-03",
            "price": "12.93",
            "revenue": 48557
        },
        "2009-04": {
            "month": "2009-04",
            "price": "16.18",
            "revenue": 51134
        },
        "2009-05": {
            "month": "2009-05",
            "price": "22.78",
            "revenue": 40092
        },
        "2009-06": {
            "month": "2009-06",
            "price": "20.20",
            "revenue": 36427
        },
        "2009-07": {
            "month": "2009-07",
            "price": "22.76",
            "revenue": 26851
        },
        "2009-08": {
            "month": "2009-08",
            "price": "21.16",
            "revenue": 20510
        },
        "2009-09": {
            "month": "2009-09",
            "price": "21.00",
            "revenue": 16551
        },
        "2009-10": {
            "month": "2009-10",
            "price": "23.65",
            "revenue": 25501
        },
        "2009-11": {
            "month": "2009-11",
            "price": "22.51",
            "revenue": 29481
        },
        "2009-12": {
            "month": "2009-12",
            "price": "23.35",
            "revenue": 40725
        },
        "2010-01": {
            "month": "2010-01",
            "price": "25.16",
            "revenue": 35988
        },
        "2010-02": {
            "month": "2010-02",
            "price": "21.84",
            "revenue": 19983
        },
        "2010-03": {
            "month": "2010-03",
            "price": "23.27",
            "revenue": 33996
        },
        "2010-04": {
            "month": "2010-04",
            "price": "23.69",
            "revenue": 45109
        },
        "2010-05": {
            "month": "2010-05",
            "price": "21.12",
            "revenue": 39871
        },
        "2010-06": {
            "month": "2010-06",
            "price": "21.57",
            "revenue": 43498
        },
        "2010-07": {
            "month": "2010-07",
            "price": "20.24",
            "revenue": 47910
        },
        "2010-08": {
            "month": "2010-08",
            "price": "20.18",
            "revenue": 27714
        },
        "2010-09": {
            "month": "2010-09",
            "price": "19.01",
            "revenue": 34478
        },
        "2010-10": {
            "month": "2010-10",
            "price": "15.55",
            "revenue": 50291
        },
        "2010-11": {
            "month": "2010-11",
            "price": "15.04",
            "revenue": 24518
        },
        "2010-12": {
            "month": "2010-12",
            "price": "16.53",
            "revenue": 46970
        },
        "2011-01": {
            "month": "2011-01",
            "price": "15.66",
            "revenue": 46171
        },
        "2011-02": {
            "month": "2011-02",
            "price": "14.73",
            "revenue": 26405
        },
        "2011-03": {
            "month": "2011-03",
            "price": "13.81",
            "revenue": 45373
        },
        "2011-04": {
            "month": "2011-04",
            "price": "13.93",
            "revenue": 54680
        },
        "2011-05": {
            "month": "2011-05",
            "price": "14.56",
            "revenue": 38095
        },
        "2011-06": {
            "month": "2011-06",
            "price": "17.62",
            "revenue": 37095
        },
        "2011-07": {
            "month": "2011-07",
            "price": "20.64",
            "revenue": 31221
        },
        "2011-08": {
            "month": "2011-08",
            "price": "23.30",
            "revenue": 51180
        },
        "2011-09": {
            "month": "2011-09",
            "price": "34.38",
            "revenue": 40969
        },
        "2011-10": {
            "month": "2011-10",
            "price": "32.10",
            "revenue": 26117
        },
        "2011-11": {
            "month": "2011-11",
            "price": "27.68",
            "revenue": 17920
        },
        "2011-12": {
            "month": "2011-12",
            "price": "22.08",
            "revenue": 46203
        },
        "2012-01": {
            "month": "2012-01",
            "price": "23.56",
            "revenue": 23354
        },
        "2012-02": {
            "month": "2012-02",
            "price": "25.31",
            "revenue": 52682
        },
        "2012-03": {
            "month": "2012-03",
            "price": "23.66",
            "revenue": 40528
        },
        "2012-04": {
            "month": "2012-04",
            "price": "21.54",
            "revenue": 38461
        },
        "2012-05": {
            "month": "2012-05",
            "price": "20.19",
            "revenue": 39666
        },
        "2012-06": {
            "month": "2012-06",
            "price": "19.75",
            "revenue": 37574
        },
        "2012-07": {
            "month": "2012-07",
            "price": "21.06",
            "revenue": 36534
        },
        "2012-08": {
            "month": "2012-08",
            "price": "20.32",
            "revenue": 29591
        },
        "2012-09": {
            "month": "2012-09",
            "price": "20.59",
            "revenue": 24075
        },
        "2012-10": {
            "month": "2012-10",
            "price": "20.49",
            "revenue": 35689
        },
        "2012-11": {
            "month": "2012-11",
            "price": "20.44",
            "revenue": 35614
        },
        "2012-12": {
            "month": "2012-12",
            "price": "17.14",
            "revenue": 32650
        },
        "2013-01": {
            "month": "2013-01",
            "price": "17.58",
            "revenue": 88858
        },
        "2013-02": {
            "month": "2013-02",
            "price": "17.50",
            "revenue": 42585
        },
        "2013-03": {
            "month": "2013-03",
            "price": "17.29",
            "revenue": 57004
        },
        "2013-04": {
            "month": "2013-04",
            "price": "16.03",
            "revenue": 57846
        },
        "2013-05": {
            "month": "2013-05",
            "price": "15.03",
            "revenue": 73588
        },
        "2013-06": {
            "month": "2013-06",
            "price": "15.05",
            "revenue": 28305
        },
        "2013-07": {
            "month": "2013-07",
            "price": "14.60",
            "revenue": 17486
        },
        "2013-08": {
            "month": "2013-08",
            "price": "13.52",
            "revenue": 32470
        },
        "2013-09": {
            "month": "2013-09",
            "price": "13.13",
            "revenue": 26525
        },
        "2013-10": {
            "month": "2013-10",
            "price": "14.15",
            "revenue": 33917
        },
        "2013-11": {
            "month": "2013-11",
            "price": "13.58",
            "revenue": 23945
        },
        "2013-12": {
            "month": "2013-12",
            "price": "13.34",
            "revenue": 54513
        },
        "2014-01": {
            "month": "2014-01",
            "price": "14.08",
            "revenue": 28037
        },
        "2014-02": {
            "month": "2014-02",
            "price": "14.44",
            "revenue": 22693
        },
        "2014-03": {
            "month": "2014-03",
            "price": "16.14",
            "revenue": 26091
        },
        "2014-04": {
            "month": "2014-04",
            "price": "14.33",
            "revenue": 56494
        },
        "2014-05": {
            "month": "2014-05",
            "price": "13.44",
            "revenue": 31801
        },
        "2014-06": {
            "month": "2014-06",
            "price": "13.37",
            "revenue": 39737
        },
        "2014-07": {
            "month": "2014-07",
            "price": "12.78",
            "revenue": 36606
        },
        "2014-08": {
            "month": "2014-08",
            "price": "12.79",
            "revenue": 29827
        },
        "2014-09": {
            "month": "2014-09",
            "price": "12.57",
            "revenue": 31582
        },
        "2014-10": {
            "month": "2014-10",
            "price": "12.18",
            "revenue": 35729
        },
        "2014-11": {
            "month": "2014-11",
            "price": "14.00",
            "revenue": 22406
        },
        "2014-12": {
            "month": "2014-12",
            "price": "15.06",
            "revenue": 31940
        },
        "2015-01": {
            "month": "2015-01",
            "price": "15.09",
            "revenue": 40370
        },
        "2015-02": {
            "month": "2015-02",
            "price": "15.10",
            "revenue": 22328
        },
        "2015-03": {
            "month": "2015-03",
            "price": "15.48",
            "revenue": 27915
        },
        "2015-04": {
            "month": "2015-04",
            "price": "14.51",
            "revenue": 36749
        },
        "2015-05": {
            "month": "2015-05",
            "price": "13.02",
            "revenue": 36321
        },
        "2015-06": {
            "month": "2015-06",
            "price": "12.74",
            "revenue": 48449
        },
        "2015-07": {
            "month": "2015-07",
            "price": "12.52",
            "revenue": 53780
        },
        "2015-08": {
            "month": "2015-08",
            "price": "11.49",
            "revenue": 33935
        },
        "2015-09": {
            "month": "2015-09",
            "price": "9.54",
            "revenue": 86990
        },
        "2015-10": {
            "month": "2015-10",
            "price": "12.48",
            "revenue": 97066
        },
        "2015-11": {
            "month": "2015-11",
            "price": "15.00",
            "revenue": 45064
        },
        "2015-12": {
            "month": "2015-12",
            "price": "12.63",
            "revenue": 74693
        },
        "2016-01": {
            "month": "2016-01",
            "price": "11.55",
            "revenue": 57727
        },
        "2016-02": {
            "month": "2016-02",
            "price": "11.60",
            "revenue": 43981
        },
        "2016-03": {
            "month": "2016-03",
            "price": "13.57",
            "revenue": 60119
        },
        "2016-04": {
            "month": "2016-04",
            "price": "14.58",
            "revenue": 52946
        },
        "2016-05": {
            "month": "2016-05",
            "price": "12.57",
            "revenue": 58714
        },
        "2016-06": {
            "month": "2016-06",
            "price": "12.45",
            "revenue": 45554
        },
        "2016-07": {
            "month": "2016-07",
            "price": "12.02",
            "revenue": 37702
        },
        "2016-08": {
            "month": "2016-08",
            "price": "10.71",
            "revenue": 49561
        },
        "2016-09": {
            "month": "2016-09",
            "price": "10.73",
            "revenue": 60453
        },
        "2016-10": {
            "month": "2016-10",
            "price": "10.47",
            "revenue": 52587
        },
        "2016-11": {
            "month": "2016-11",
            "price": "10.16",
            "revenue": 55118
        },
        "2016-12": {
            "month": "2016-12",
            "price": "9.81",
            "revenue": 45947
        },
        "2017-01": {
            "month": "2017-01",
            "price": "9.44",
            "revenue": 41369
        },
        "2017-02": {
            "month": "2017-02",
            "price": "9.79",
            "revenue": 30485
        },
        "2017-03": {
            "month": "2017-03",
            "price": "9.49",
            "revenue": 37065
        },
        "2017-04": {
            "month": "2017-04",
            "price": "9.29",
            "revenue": 40374
        },
        "2017-05": {
            "month": "2017-05",
            "price": "9.12",
            "revenue": 41602
        },
        "2017-06": {
            "month": "2017-06",
            "price": "9.28",
            "revenue": 40431
        },
        "2017-07": {
            "month": "2017-07",
            "price": "9.06",
            "revenue": 36955
        },
        "2017-08": {
            "month": "2017-08",
            "price": "8.86",
            "revenue": 43956
        },
        "2017-09": {
            "month": "2017-09",
            "price": "8.62",
            "revenue": 32866
        },
        "2017-10": {
            "month": "2017-10",
            "price": "8.27",
            "revenue": 45850
        },
        "2017-11": {
            "month": "2017-11",
            "price": "8.01",
            "revenue": 37690
        },
        "2017-12": {
            "month": "2017-12",
            "price": "8.88",
            "revenue": 43166
        },
        "2018-01": {
            "month": "2018-01",
            "price": "9.23",
            "revenue": 41262
        },
        "2018-02": {
            "month": "2018-02",
            "price": "9.09",
            "revenue": 39537
        },
        "2018-03": {
            "month": "2018-03",
            "price": "9.12",
            "revenue": 53248
        },
        "2018-04": {
            "month": "2018-04",
            "price": "10.62",
            "revenue": 49002
        },
        "2018-05": {
            "month": "2018-05",
            "price": "12.52",
            "revenue": 41488
        },
        "2018-06": {
            "month": "2018-06",
            "price": "14.21",
            "revenue": 39016
        },
        "2018-07": {
            "month": "2018-07",
            "price": "14.56",
            "revenue": 36357
        },
        "2018-08": {
            "month": "2018-08",
            "price": "14.89",
            "revenue": 44652
        },
        "2018-09": {
            "month": "2018-09",
            "price": "12.95",
            "revenue": 50352
        },
        "2018-10": {
            "month": "2018-10",
            "price": "12.84",
            "revenue": 40958
        },
        "2018-11": {
            "month": "2018-11",
            "price": "12.55",
            "revenue": 43471
        },
        "2018-12": {
            "month": "2018-12",
            "price": "13.30",
            "revenue": 63981
        },
        "2019-01": {
            "month": "2019-01",
            "price": "13.48",
            "revenue": 49256
        },
        "2019-02": {
            "month": "2019-02",
            "price": "15.37",
            "revenue": 34592
        },
        "2019-03": {
            "month": "2019-03",
            "price": "18.63",
            "revenue": 46549
        },
        "2019-04": {
            "month": "2019-04",
            "price": "23.97",
            "revenue": 46983
        },
        "2019-05": {
            "month": "2019-05",
            "price": "25.75",
            "revenue": 241363
        },
        "2019-06": {
            "month": "2019-06",
            "price": "24.75",
            "revenue": 400851
        },
        "2019-07": {
            "month": "2019-07",
            "price": "24.21",
            "revenue": 204108
        },
        "2019-08": {
            "month": "2019-08",
            "price": "22.65",
            "revenue": 102517
        },
        "2019-09": {
            "month": "2019-09",
            "price": "22.52",
            "revenue": 106213
        },
        "2019-10": {
            "month": "2019-10",
            "price": "22.08",
            "revenue": 110831
        },
        "2019-11": {
            "month": "2019-11",
            "price": "22.83",
            "revenue": 16317
        },
        "2019-12": {
            "month": "2019-12",
            "price": "20.72",
            "revenue": 72283
        },
        "2020-01": {
            "month": "2020-01",
            "price": "19.96",
            "revenue": 31547
        },
        "2020-02": {
            "month": "2020-02",
            "price": "16.23",
            "revenue": 19522
        },
        "2020-03": {
            "month": "2020-03",
            "price": "11.84",
            "revenue": 35070
        },
        "2020-04": {
            "month": "2020-04",
            "price": "11.38",
            "revenue": 14607
        },
        "2020-05": {
            "month": "2020-05",
            "price": "12.22",
            "revenue": 13042
        },
        "2020-06": {
            "month": "2020-06",
            "price": "11.82",
            "revenue": 40247
        },
        "2020-07": {
            "month": "2020-07",
            "price": "11.63",
            "revenue": 20614
        },
        "2020-08": {
            "month": "2020-08",
            "price": "11.13",
            "revenue": 18456
        },
        "2020-09": {
            "month": "2020-09",
            "price": "10.49",
            "revenue": 34182
        },
        "2020-10": {
            "month": "2020-10",
            "price": "10.12",
            "revenue": 46029
        },
        "2020-11": {
            "month": "2020-11",
            "price": "10.47",
            "revenue": 24509
        },
        "2020-12": {
            "month": "2020-12",
            "price": "13.56",
            "revenue": 19343
        },
        "2021-01": {
            "month": "2021-01",
            "price": "16.84",
            "revenue": 32909
        },
        "2021-02": {
            "month": "2021-02",
            "price": "17.26",
            "revenue": 52520
        },
        "2021-03": {
            "month": "2021-03",
            "price": "17.03",
            "revenue": 22844
        },
        "2021-04": {
            "month": "2021-04",
            "price": "15.49",
            "revenue": 23366
        },
        "2021-05": {
            "month": "2021-05",
            "price": "12.51",
            "revenue": 35999
        },
        "2021-06": {
            "month": "2021-06",
            "price": "12.62",
            "revenue": 10028
        },
        "2021-07": {
            "month": "2021-07",
            "price": "11.91",
            "revenue": 23010
        },
        "2021-08": {
            "month": "2021-08",
            "price": "11.30",
            "revenue": 24937
        },
        "2021-09": {
            "month": "2021-09",
            "price": "10.86",
            "revenue": 22518
        },
        "2021-10": {
            "month": "2021-10",
            "price": "11.87",
            "revenue": 19183
        },
        "2021-11": {
            "month": "2021-11",
            "price": "12.26",
            "revenue": 36430
        },
        "2021-12": {
            "month": "2021-12",
            "price": "13.48",
            "revenue": 60175
        },
        "2022-01": {
            "month": "2022-01",
            "price": "13.91",
            "revenue": 23300
        },
        "2022-02": {
            "month": "2022-02",
            "price": "13.73",
            "revenue": 22454
        },
        "2022-03": {
            "month": "2022-03",
            "price": "13.95",
            "revenue": 16363
        },
        "2022-04": {
            "month": "2022-04",
            "price": "13.79",
            "revenue": 18026
        },
        "2022-05": {
            "month": "2022-05",
            "price": "13.95",
            "revenue": 23681
        },
        "2022-06": {
            "month": "2022-06",
            "price": "13.73",
            "revenue": 27622
        },
        "2022-07": {
            "month": "2022-07",
            "price": "15.52",
            "revenue": 12568
        },
        "2022-08": {
            "month": "2022-08",
            "price": "18.40",
            "revenue": 32968
        },
        "2022-09": {
            "month": "2022-09",
            "price": "25.59",
            "revenue": 26878
        },
        "2022-10": {
            "month": "2022-10",
            "price": "25.27",
            "revenue": 30780
        },
        "2022-11": {
            "month": "2022-11",
            "price": "24.54",
            "revenue": 32256
        },
        "2022-12": {
            "month": "2022-12",
            "price": "23.07",
            "revenue": 13709
        },
        "2023-01": {
            "month": "2023-01",
            "price": "21.41",
            "revenue": 27035
        },
        "2023-02": {
            "month": "2023-02",
            "price": "22.58",
            "revenue": 16969
        },
        "2023-03": {
            "month": "2023-03",
            "price": "21.93",
            "revenue": 20195
        },
        "2023-04": {
            "month": "2023-04",
            "price": "24.24",
            "revenue": 30264
        },
        "2023-05": {
            "month": "2023-05",
            "price": "23.41",
            "revenue": 69661
        },
        "2023-06": {
            "month": "2023-06",
            "price": "23.92",
            "revenue": 23095
        },
        "2023-07": {
            "month": "2023-07",
            "price": "25.18",
            "revenue": 22922
        },
        "2023-08": {
            "month": "2023-08",
            "price": "23.30",
            "revenue": 29797
        },
        "2023-09": {
            "month": "2023-09",
            "price": "22.94",
            "revenue": 19024
        },
        "2023-10": {
            "month": "2023-10",
            "price": "17.28",
            "revenue": 8366
        },
        "2023-11": {
            "month": "2023-11",
            "price": "16.69",
            "revenue": 3185
        }
    }
}
