{
    "summary": {
        "stock_name": "御頂",
        "stock_id": "3522",
        "category": "觀光",
        "main_business": "婚宴.餐飲",
        "website_url": "http://www.toplusglobal.com",
        "ceo": "李日東",
        "pe_ratio": -5,
        "report_year_from": 2006,
        "report_year_to": 2023,
        "age": 17,
        "eps_negative_percentage": 39,
        "eps_growth_avg": {
            "last_all": -32.1,
            "last_2y": null,
            "last_4y": -100,
            "last_8y": -55.86,
            "last_12y": -21.21,
            "last_16y": null,
            "last_20y": null,
            "at_2006_last_3y": null,
            "at_2007_last_3y": null,
            "at_2008_last_3y": null,
            "at_2009_last_3y": null,
            "at_2010_last_3y": -18.13,
            "at_2011_last_3y": -24.56,
            "at_2012_last_3y": -6.35,
            "at_2013_last_3y": 4.77,
            "at_2014_last_3y": -12.12,
            "at_2015_last_3y": -22.36,
            "at_2016_last_3y": -30.16,
            "at_2017_last_3y": -33.78,
            "at_2018_last_3y": -100,
            "at_2019_last_3y": -100,
            "at_2020_last_3y": -100,
            "at_2021_last_3y": -100,
            "at_2022_last_3y": -100,
            "at_2023_last_3y": -100,
            "at_2006_last_all": null,
            "at_2007_last_all": null,
            "at_2008_last_all": -52.56,
            "at_2009_last_all": -57.5,
            "at_2010_last_all": -18.13,
            "at_2011_last_all": -26.31,
            "at_2012_last_all": -21.75,
            "at_2013_last_all": -21.92,
            "at_2014_last_all": -15.12,
            "at_2015_last_all": -24.55,
            "at_2016_last_all": -24.55,
            "at_2017_last_all": -24.55,
            "at_2018_last_all": -24.55,
            "at_2019_last_all": -32.1,
            "at_2020_last_all": -32.1,
            "at_2021_last_all": -32.1,
            "at_2022_last_all": -32.1,
            "at_2023_last_all": -32.1
        },
        "latest_eps": -3.36,
        "latest_price": 17.8,
        "latest_roe": -42.6,
        "latest_gross_margin": 49.58,
        "latest_equity": 267093,
        "latest_revenue": 220843,
        "latest_gross_profit": 109504,
        "latest_net_income": 1875,
        "latest_debt_ratio": 83.14,
        "latest_current_ratio": 19.86,
        "latest_account_receivable_turnover_ratio": 23.79,
        "latest_inventory_turnover_ratio": 5.15,
        "latest_reinvestment_rate": null,
        "latest_research_to_sale_ratio": null
    },
    "eps_dividends": {
        "2001": {
            "cash": 0,
            "stock": 0,
            "eps": 0
        },
        "2002": {
            "cash": 0,
            "stock": 0,
            "eps": 0
        },
        "2003": {
            "cash": 0,
            "stock": 0,
            "eps": 0
        },
        "2004": {
            "cash": 0,
            "stock": 0,
            "eps": 0
        },
        "2005": {
            "cash": 0,
            "stock": 0,
            "eps": 0
        },
        "2006": {
            "cash": 0,
            "stock": 0,
            "eps": 4.89
        },
        "2007": {
            "cash": 1,
            "stock": 0,
            "eps": 3.26
        },
        "2008": {
            "cash": 1.27,
            "stock": 0,
            "eps": 0.92
        },
        "2009": {
            "cash": 0.4,
            "stock": 0,
            "eps": 0.3
        },
        "2010": {
            "cash": 0.3,
            "stock": 0,
            "eps": 2.32
        },
        "2011": {
            "cash": 1.2,
            "stock": 0,
            "eps": 0.95
        },
        "2012": {
            "cash": 0.5,
            "stock": 0,
            "eps": 0.96
        },
        "2013": {
            "cash": 0.5,
            "stock": 0,
            "eps": 0.74
        },
        "2014": {
            "cash": 0.5,
            "stock": 0,
            "eps": 0.98
        },
        "2015": {
            "cash": 0.5,
            "stock": 0,
            "eps": -1.19
        },
        "2016": {
            "cash": 0,
            "stock": 0,
            "eps": -0.7
        },
        "2017": {
            "cash": 0,
            "stock": 0,
            "eps": -1.41
        },
        "2018": {
            "cash": 0,
            "stock": 0,
            "eps": 0.34
        },
        "2019": {
            "cash": 0,
            "stock": 0,
            "eps": -2.52
        },
        "2020": {
            "cash": 0,
            "stock": 0,
            "eps": -6.18
        },
        "2021": {
            "cash": 0,
            "stock": 0,
            "eps": -6.65
        },
        "2022": {
            "cash": 0,
            "stock": 0,
            "eps": -1.99
        },
        "2023": {
            "cash": 0,
            "stock": 0,
            "eps": 0.04
        }
    },
    "dividends": {
        "2007-04-23": {
            "cash": 1,
            "stock": 0
        },
        "2008-04-08": {
            "cash": 1.27,
            "stock": 0
        },
        "2009-04-22": {
            "cash": 0.4,
            "stock": 0
        },
        "2010-03-24": {
            "cash": 0.3,
            "stock": 0
        },
        "2011-03-23": {
            "cash": 1.2,
            "stock": 0
        },
        "2012-06-13": {
            "cash": 0.5,
            "stock": 0
        },
        "2013-06-19": {
            "cash": 0.5,
            "stock": 0
        },
        "2014-06-18": {
            "cash": 0.5,
            "stock": 0
        },
        "2015-08-12": {
            "cash": 0.5,
            "stock": 0
        }
    },
    "prices": {
        "200101": "無",
        "200102": "無",
        "200103": "無",
        "200104": "無",
        "200105": "無",
        "200106": "無",
        "200107": "無",
        "200108": "無",
        "200109": "無",
        "200110": "無",
        "200111": "無",
        "200112": "無",
        "200201": "無",
        "200202": "無",
        "200203": "無",
        "200204": "無",
        "200205": "無",
        "200206": "無",
        "200207": "無",
        "200208": "無",
        "200209": "無",
        "200210": "無",
        "200211": "無",
        "200212": "無",
        "200301": "無",
        "200302": "無",
        "200303": "無",
        "200304": "無",
        "200305": "無",
        "200306": "無",
        "200307": "無",
        "200308": "無",
        "200309": "無",
        "200310": "無",
        "200311": "無",
        "200312": "無",
        "200401": "無",
        "200402": "無",
        "200403": "無",
        "200404": "無",
        "200405": "無",
        "200406": "無",
        "200407": "無",
        "200408": "無",
        "200409": "無",
        "200410": "無",
        "200411": "無",
        "200412": "無",
        "200501": "無",
        "200502": "無",
        "200503": "無",
        "200504": "無",
        "200505": "無",
        "200506": "無",
        "200507": "無",
        "200508": "無",
        "200509": "無",
        "200510": "無",
        "200511": "無",
        "200512": "無",
        "200601": "無",
        "200602": "無",
        "200603": "無",
        "200604": "無",
        "200605": "無",
        "200606": "無",
        "200607": "無",
        "200608": "無",
        "200609": "65.25",
        "200610": "49.38",
        "200611": "44.78",
        "200612": "40.22",
        "200701": "43.40",
        "200702": "44.53",
        "200703": "46.16",
        "200704": "51.42",
        "200705": "49.51",
        "200706": "56.83",
        "200707": "69.58",
        "200708": "66.12",
        "200709": "60.65",
        "200710": "61.33",
        "200711": "45.02",
        "200712": "40.20",
        "200801": "33.45",
        "200802": "28.69",
        "200803": "30.60",
        "200804": "34.49",
        "200805": "32.45",
        "200806": "25.39",
        "200807": "18.11",
        "200808": "16.21",
        "200809": "13.81",
        "200810": "10.34",
        "200811": "7.94",
        "200812": "6.96",
        "200901": "6.98",
        "200902": "7.58",
        "200903": "9.91",
        "200904": "13.54",
        "200905": "15.03",
        "200906": "13.57",
        "200907": "14.15",
        "200908": "14.22",
        "200909": "16.96",
        "200910": "18.21",
        "200911": "17.42",
        "200912": "25.58",
        "201001": "33.54",
        "201002": "29.07",
        "201003": "32.96",
        "201004": "32.74",
        "201005": "29.00",
        "201006": "28.35",
        "201007": "28.03",
        "201008": "31.84",
        "201009": "31.25",
        "201010": "29.80",
        "201011": "25.22",
        "201012": "26.15",
        "201101": "24.98",
        "201102": "26.35",
        "201103": "28.17",
        "201104": "26.61",
        "201105": "28.16",
        "201106": "29.26",
        "201107": "24.82",
        "201108": "17.99",
        "201109": "15.63",
        "201110": "15.86",
        "201111": "14.16",
        "201112": "11.30",
        "201201": "12.25",
        "201202": "15.39",
        "201203": "15.05",
        "201204": "12.56",
        "201205": "11.25",
        "201206": "10.48",
        "201207": "10.54",
        "201208": "10.75",
        "201209": "13.48",
        "201210": "12.40",
        "201211": "12.33",
        "201212": "13.26",
        "201301": "13.64",
        "201302": "14.52",
        "201303": "15.67",
        "201304": "15.28",
        "201305": "16.21",
        "201306": "15.19",
        "201307": "14.69",
        "201308": "14.66",
        "201309": "15.10",
        "201310": "15.01",
        "201311": "14.02",
        "201312": "13.62",
        "201401": "14.84",
        "201402": "15.28",
        "201403": "15.24",
        "201404": "14.72",
        "201405": "14.54",
        "201406": "14.94",
        "201407": "15.68",
        "201408": "16.97",
        "201409": "15.58",
        "201410": "14.19",
        "201411": "14.28",
        "201412": "15.56",
        "201501": "15.81",
        "201502": "15.54",
        "201503": "15.22",
        "201504": "14.20",
        "201505": "12.59",
        "201506": "11.10",
        "201507": "10.03",
        "201508": "9.00",
        "201509": "9.41",
        "201510": "10.27",
        "201511": "10.52",
        "201512": "9.85",
        "201601": "9.88",
        "201602": "10.43",
        "201603": "11.97",
        "201604": "14.03",
        "201605": "15.21",
        "201606": "21.30",
        "201607": "39.40",
        "201608": "53.45",
        "201609": "51.99",
        "201610": "42.99",
        "201611": "42.42",
        "201612": "46.70",
        "201701": "44.83",
        "201702": "45.07",
        "201703": "43.88",
        "201704": "42.41",
        "201705": "44.87",
        "201706": "46.60",
        "201707": "44.36",
        "201708": "40.88",
        "201709": "37.91",
        "201710": "37.40",
        "201711": "38.00",
        "201712": "37.05",
        "201801": "38.27",
        "201802": "36.53",
        "201803": "38.31",
        "201804": "36.39",
        "201805": "31.98",
        "201806": "28.47",
        "201807": "26.83",
        "201808": "27.92",
        "201809": "26.45",
        "201810": "25.18",
        "201811": "25.39",
        "201812": "27.58",
        "201901": "27.18",
        "201902": "26.81",
        "201903": "26.82",
        "201904": "26.54",
        "201905": "25.15",
        "201906": "24.68",
        "201907": "23.50",
        "201908": "21.45",
        "201909": "22.07",
        "201910": "20.18",
        "201911": "18.75",
        "201912": "18.43",
        "202001": "17.31",
        "202002": "15.94",
        "202003": "14.74",
        "202004": "9.83",
        "202005": "10.21",
        "202006": "11.98",
        "202007": "11.16",
        "202008": "10.29",
        "202009": "11.20",
        "202010": "10.65",
        "202011": "12.39",
        "202012": "15.46",
        "202101": "12.24",
        "202102": "12.39",
        "202103": "14.01",
        "202104": "13.85",
        "202105": "10.86",
        "202106": "10.23",
        "202107": "12.85",
        "202108": "11.78",
        "202109": "11.40",
        "202110": "11.90",
        "202111": "11.53",
        "202112": "10.48",
        "202201": "9.45",
        "202202": "10.09",
        "202203": "9.86",
        "202204": "10.17",
        "202205": "10.66",
        "202206": "10.97",
        "202207": "9.95",
        "202208": "10.34",
        "202209": "11.73",
        "202210": "10.07",
        "202211": "10.08",
        "202212": "10.08",
        "202301": "10.33",
        "202302": "10.95",
        "202303": "11.63",
        "202304": "13.63",
        "202305": "17.18",
        "202306": "18.12"
    },
    "quarters": {
        "20011": {
            "year_quarter": 20011,
            "year": 2001,
            "quarter": 1,
            "eps": null,
            "eps_growth_year": null,
            "eps_4q": null,
            "eps_4q_growth_year": null,
            "roe": null,
            "roe_4q": 0,
            "gross_profit": null,
            "gross_margin": null,
            "gross_margin_4q_avg": 0,
            "net_income": null,
            "revenue": null,
            "common_shares": null,
            "book_valuer_per_share": null,
            "book_valuer_per_share_4q_avg": 0,
            "equity": null,
            "current_ratio": null,
            "debt_ratio": null,
            "inventory_turnover_ratio": null,
            "account_receivable_turnover_ratio": null,
            "reinvestment_rate": null,
            "research_to_sale_ratio": null,
            "price_fair": 0,
            "eps_avg_yearly": 0,
            "eps_latest_yearly": 0,
            "eps_growth_yearly": 0
        },
        "20012": {
            "year_quarter": 20012,
            "year": 2001,
            "quarter": 2,
            "eps": null,
            "eps_growth_year": null,
            "eps_4q": null,
            "eps_4q_growth_year": null,
            "roe": null,
            "roe_4q": 0,
            "gross_profit": null,
            "gross_margin": null,
            "gross_margin_4q_avg": 0,
            "net_income": null,
            "revenue": null,
            "common_shares": null,
            "book_valuer_per_share": null,
            "book_valuer_per_share_4q_avg": 0,
            "equity": null,
            "current_ratio": null,
            "debt_ratio": null,
            "inventory_turnover_ratio": null,
            "account_receivable_turnover_ratio": null,
            "reinvestment_rate": null,
            "research_to_sale_ratio": null,
            "price_fair": 0,
            "eps_avg_yearly": 0,
            "eps_latest_yearly": 0,
            "eps_growth_yearly": 0
        },
        "20013": {
            "year_quarter": 20013,
            "year": 2001,
            "quarter": 3,
            "eps": null,
            "eps_growth_year": null,
            "eps_4q": null,
            "eps_4q_growth_year": null,
            "roe": null,
            "roe_4q": 0,
            "gross_profit": null,
            "gross_margin": null,
            "gross_margin_4q_avg": 0,
            "net_income": null,
            "revenue": null,
            "common_shares": null,
            "book_valuer_per_share": null,
            "book_valuer_per_share_4q_avg": 0,
            "equity": null,
            "current_ratio": null,
            "debt_ratio": null,
            "inventory_turnover_ratio": null,
            "account_receivable_turnover_ratio": null,
            "reinvestment_rate": null,
            "research_to_sale_ratio": null,
            "price_fair": 0,
            "eps_avg_yearly": 0,
            "eps_latest_yearly": 0,
            "eps_growth_yearly": 0
        },
        "20014": {
            "year_quarter": 20014,
            "year": 2001,
            "quarter": 4,
            "eps": null,
            "eps_growth_year": null,
            "eps_4q": null,
            "eps_4q_growth_year": null,
            "roe": null,
            "roe_4q": 0,
            "gross_profit": null,
            "gross_margin": null,
            "gross_margin_4q_avg": 0,
            "net_income": null,
            "revenue": null,
            "common_shares": 24000,
            "book_valuer_per_share": 10,
            "book_valuer_per_share_4q_avg": 2.5,
            "equity": 24000,
            "current_ratio": null,
            "debt_ratio": null,
            "inventory_turnover_ratio": null,
            "account_receivable_turnover_ratio": null,
            "reinvestment_rate": null,
            "research_to_sale_ratio": null,
            "price_fair": 0,
            "eps_avg_yearly": 0,
            "eps_latest_yearly": 0,
            "eps_growth_yearly": 0
        },
        "20021": {
            "year_quarter": 20021,
            "year": 2002,
            "quarter": 1,
            "eps": null,
            "eps_growth_year": null,
            "eps_4q": null,
            "eps_4q_growth_year": null,
            "roe": null,
            "roe_4q": 0,
            "gross_profit": null,
            "gross_margin": null,
            "gross_margin_4q_avg": 0,
            "net_income": null,
            "revenue": null,
            "common_shares": null,
            "book_valuer_per_share": null,
            "book_valuer_per_share_4q_avg": 2.5,
            "equity": null,
            "current_ratio": null,
            "debt_ratio": null,
            "inventory_turnover_ratio": null,
            "account_receivable_turnover_ratio": null,
            "reinvestment_rate": null,
            "research_to_sale_ratio": null,
            "price_fair": 0,
            "eps_avg_yearly": 0,
            "eps_latest_yearly": 0,
            "eps_growth_yearly": 0
        },
        "20022": {
            "year_quarter": 20022,
            "year": 2002,
            "quarter": 2,
            "eps": null,
            "eps_growth_year": null,
            "eps_4q": null,
            "eps_4q_growth_year": null,
            "roe": null,
            "roe_4q": 0,
            "gross_profit": null,
            "gross_margin": null,
            "gross_margin_4q_avg": 0,
            "net_income": null,
            "revenue": null,
            "common_shares": null,
            "book_valuer_per_share": null,
            "book_valuer_per_share_4q_avg": 2.5,
            "equity": null,
            "current_ratio": null,
            "debt_ratio": null,
            "inventory_turnover_ratio": null,
            "account_receivable_turnover_ratio": null,
            "reinvestment_rate": null,
            "research_to_sale_ratio": null,
            "price_fair": 0,
            "eps_avg_yearly": 0,
            "eps_latest_yearly": 0,
            "eps_growth_yearly": 0
        },
        "20023": {
            "year_quarter": 20023,
            "year": 2002,
            "quarter": 3,
            "eps": null,
            "eps_growth_year": null,
            "eps_4q": null,
            "eps_4q_growth_year": null,
            "roe": null,
            "roe_4q": 0,
            "gross_profit": null,
            "gross_margin": null,
            "gross_margin_4q_avg": 0,
            "net_income": null,
            "revenue": null,
            "common_shares": null,
            "book_valuer_per_share": null,
            "book_valuer_per_share_4q_avg": 2.5,
            "equity": null,
            "current_ratio": null,
            "debt_ratio": null,
            "inventory_turnover_ratio": null,
            "account_receivable_turnover_ratio": null,
            "reinvestment_rate": null,
            "research_to_sale_ratio": null,
            "price_fair": 0,
            "eps_avg_yearly": 0,
            "eps_latest_yearly": 0,
            "eps_growth_yearly": 0
        },
        "20024": {
            "year_quarter": 20024,
            "year": 2002,
            "quarter": 4,
            "eps": null,
            "eps_growth_year": null,
            "eps_4q": null,
            "eps_4q_growth_year": null,
            "roe": null,
            "roe_4q": 0,
            "gross_profit": null,
            "gross_margin": null,
            "gross_margin_4q_avg": 0,
            "net_income": null,
            "revenue": null,
            "common_shares": 60000,
            "book_valuer_per_share": 9.61,
            "book_valuer_per_share_4q_avg": 2.4,
            "equity": 57689,
            "current_ratio": 206.11,
            "debt_ratio": 23.33,
            "inventory_turnover_ratio": null,
            "account_receivable_turnover_ratio": null,
            "reinvestment_rate": null,
            "research_to_sale_ratio": null,
            "price_fair": 0,
            "eps_avg_yearly": 0,
            "eps_latest_yearly": 0,
            "eps_growth_yearly": 0
        },
        "20031": {
            "year_quarter": 20031,
            "year": 2003,
            "quarter": 1,
            "eps": null,
            "eps_growth_year": null,
            "eps_4q": null,
            "eps_4q_growth_year": null,
            "roe": null,
            "roe_4q": 0,
            "gross_profit": null,
            "gross_margin": null,
            "gross_margin_4q_avg": 0,
            "net_income": null,
            "revenue": null,
            "common_shares": null,
            "book_valuer_per_share": null,
            "book_valuer_per_share_4q_avg": 2.4,
            "equity": null,
            "current_ratio": null,
            "debt_ratio": null,
            "inventory_turnover_ratio": null,
            "account_receivable_turnover_ratio": null,
            "reinvestment_rate": null,
            "research_to_sale_ratio": null,
            "price_fair": 0,
            "eps_avg_yearly": 0,
            "eps_latest_yearly": 0,
            "eps_growth_yearly": 0
        },
        "20032": {
            "year_quarter": 20032,
            "year": 2003,
            "quarter": 2,
            "eps": null,
            "eps_growth_year": null,
            "eps_4q": null,
            "eps_4q_growth_year": null,
            "roe": null,
            "roe_4q": 0,
            "gross_profit": null,
            "gross_margin": null,
            "gross_margin_4q_avg": 0,
            "net_income": null,
            "revenue": null,
            "common_shares": null,
            "book_valuer_per_share": null,
            "book_valuer_per_share_4q_avg": 2.4,
            "equity": null,
            "current_ratio": null,
            "debt_ratio": null,
            "inventory_turnover_ratio": null,
            "account_receivable_turnover_ratio": null,
            "reinvestment_rate": null,
            "research_to_sale_ratio": null,
            "price_fair": 0,
            "eps_avg_yearly": 0,
            "eps_latest_yearly": 0,
            "eps_growth_yearly": 0
        },
        "20033": {
            "year_quarter": 20033,
            "year": 2003,
            "quarter": 3,
            "eps": null,
            "eps_growth_year": null,
            "eps_4q": null,
            "eps_4q_growth_year": null,
            "roe": null,
            "roe_4q": 0,
            "gross_profit": null,
            "gross_margin": null,
            "gross_margin_4q_avg": 0,
            "net_income": null,
            "revenue": null,
            "common_shares": null,
            "book_valuer_per_share": null,
            "book_valuer_per_share_4q_avg": 2.4,
            "equity": null,
            "current_ratio": null,
            "debt_ratio": null,
            "inventory_turnover_ratio": null,
            "account_receivable_turnover_ratio": null,
            "reinvestment_rate": null,
            "research_to_sale_ratio": null,
            "price_fair": 0,
            "eps_avg_yearly": 0,
            "eps_latest_yearly": 0,
            "eps_growth_yearly": 0
        },
        "20034": {
            "year_quarter": 20034,
            "year": 2003,
            "quarter": 4,
            "eps": null,
            "eps_growth_year": null,
            "eps_4q": null,
            "eps_4q_growth_year": null,
            "roe": null,
            "roe_4q": 0,
            "gross_profit": null,
            "gross_margin": null,
            "gross_margin_4q_avg": 0,
            "net_income": null,
            "revenue": null,
            "common_shares": 100000,
            "book_valuer_per_share": 6.68,
            "book_valuer_per_share_4q_avg": 1.67,
            "equity": 66826,
            "current_ratio": 130.99,
            "debt_ratio": 48.73,
            "inventory_turnover_ratio": null,
            "account_receivable_turnover_ratio": null,
            "reinvestment_rate": null,
            "research_to_sale_ratio": null,
            "price_fair": 0,
            "eps_avg_yearly": 0,
            "eps_latest_yearly": 0,
            "eps_growth_yearly": 0
        },
        "20041": {
            "year_quarter": 20041,
            "year": 2004,
            "quarter": 1,
            "eps": null,
            "eps_growth_year": null,
            "eps_4q": null,
            "eps_4q_growth_year": null,
            "roe": null,
            "roe_4q": 0,
            "gross_profit": null,
            "gross_margin": null,
            "gross_margin_4q_avg": 0,
            "net_income": null,
            "revenue": null,
            "common_shares": null,
            "book_valuer_per_share": null,
            "book_valuer_per_share_4q_avg": 1.67,
            "equity": null,
            "current_ratio": null,
            "debt_ratio": null,
            "inventory_turnover_ratio": null,
            "account_receivable_turnover_ratio": null,
            "reinvestment_rate": null,
            "research_to_sale_ratio": null,
            "price_fair": 0,
            "eps_avg_yearly": 0,
            "eps_latest_yearly": 0,
            "eps_growth_yearly": 0
        },
        "20042": {
            "year_quarter": 20042,
            "year": 2004,
            "quarter": 2,
            "eps": null,
            "eps_growth_year": null,
            "eps_4q": null,
            "eps_4q_growth_year": null,
            "roe": null,
            "roe_4q": 0,
            "gross_profit": null,
            "gross_margin": null,
            "gross_margin_4q_avg": 0,
            "net_income": null,
            "revenue": null,
            "common_shares": null,
            "book_valuer_per_share": null,
            "book_valuer_per_share_4q_avg": 1.67,
            "equity": null,
            "current_ratio": null,
            "debt_ratio": null,
            "inventory_turnover_ratio": null,
            "account_receivable_turnover_ratio": null,
            "reinvestment_rate": null,
            "research_to_sale_ratio": null,
            "price_fair": 0,
            "eps_avg_yearly": 0,
            "eps_latest_yearly": 0,
            "eps_growth_yearly": 0
        },
        "20043": {
            "year_quarter": 20043,
            "year": 2004,
            "quarter": 3,
            "eps": null,
            "eps_growth_year": null,
            "eps_4q": null,
            "eps_4q_growth_year": null,
            "roe": null,
            "roe_4q": 0,
            "gross_profit": null,
            "gross_margin": null,
            "gross_margin_4q_avg": 0,
            "net_income": null,
            "revenue": null,
            "common_shares": null,
            "book_valuer_per_share": null,
            "book_valuer_per_share_4q_avg": 1.67,
            "equity": null,
            "current_ratio": null,
            "debt_ratio": null,
            "inventory_turnover_ratio": null,
            "account_receivable_turnover_ratio": null,
            "reinvestment_rate": null,
            "research_to_sale_ratio": null,
            "price_fair": 0,
            "eps_avg_yearly": 0,
            "eps_latest_yearly": 0,
            "eps_growth_yearly": 0
        },
        "20044": {
            "year_quarter": 20044,
            "year": 2004,
            "quarter": 4,
            "eps": null,
            "eps_growth_year": null,
            "eps_4q": null,
            "eps_4q_growth_year": null,
            "roe": null,
            "roe_4q": 0,
            "gross_profit": null,
            "gross_margin": null,
            "gross_margin_4q_avg": 0,
            "net_income": null,
            "revenue": null,
            "common_shares": 110000,
            "book_valuer_per_share": 3.49,
            "book_valuer_per_share_4q_avg": 0.87,
            "equity": 38439,
            "current_ratio": 89.24,
            "debt_ratio": 81.17,
            "inventory_turnover_ratio": null,
            "account_receivable_turnover_ratio": null,
            "reinvestment_rate": null,
            "research_to_sale_ratio": null,
            "price_fair": 0,
            "eps_avg_yearly": 0,
            "eps_latest_yearly": 0,
            "eps_growth_yearly": 0
        },
        "20051": {
            "year_quarter": 20051,
            "year": 2005,
            "quarter": 1,
            "eps": null,
            "eps_growth_year": null,
            "eps_4q": null,
            "eps_4q_growth_year": null,
            "roe": null,
            "roe_4q": 0,
            "gross_profit": null,
            "gross_margin": null,
            "gross_margin_4q_avg": 0,
            "net_income": null,
            "revenue": null,
            "common_shares": null,
            "book_valuer_per_share": null,
            "book_valuer_per_share_4q_avg": 0.87,
            "equity": null,
            "current_ratio": null,
            "debt_ratio": null,
            "inventory_turnover_ratio": null,
            "account_receivable_turnover_ratio": null,
            "reinvestment_rate": null,
            "research_to_sale_ratio": null,
            "price_fair": 0,
            "eps_avg_yearly": 0,
            "eps_latest_yearly": 0,
            "eps_growth_yearly": 0
        },
        "20052": {
            "year_quarter": 20052,
            "year": 2005,
            "quarter": 2,
            "eps": null,
            "eps_growth_year": null,
            "eps_4q": null,
            "eps_4q_growth_year": null,
            "roe": null,
            "roe_4q": 0,
            "gross_profit": null,
            "gross_margin": null,
            "gross_margin_4q_avg": 0,
            "net_income": null,
            "revenue": null,
            "common_shares": null,
            "book_valuer_per_share": null,
            "book_valuer_per_share_4q_avg": 0.87,
            "equity": null,
            "current_ratio": null,
            "debt_ratio": null,
            "inventory_turnover_ratio": null,
            "account_receivable_turnover_ratio": null,
            "reinvestment_rate": null,
            "research_to_sale_ratio": null,
            "price_fair": 0,
            "eps_avg_yearly": 0,
            "eps_latest_yearly": 0,
            "eps_growth_yearly": 0
        },
        "20053": {
            "year_quarter": 20053,
            "year": 2005,
            "quarter": 3,
            "eps": null,
            "eps_growth_year": null,
            "eps_4q": null,
            "eps_4q_growth_year": null,
            "roe": null,
            "roe_4q": 0,
            "gross_profit": null,
            "gross_margin": null,
            "gross_margin_4q_avg": 0,
            "net_income": null,
            "revenue": null,
            "common_shares": null,
            "book_valuer_per_share": null,
            "book_valuer_per_share_4q_avg": 0.87,
            "equity": null,
            "current_ratio": null,
            "debt_ratio": null,
            "inventory_turnover_ratio": null,
            "account_receivable_turnover_ratio": null,
            "reinvestment_rate": null,
            "research_to_sale_ratio": null,
            "price_fair": 0,
            "eps_avg_yearly": 0,
            "eps_latest_yearly": 0,
            "eps_growth_yearly": 0
        },
        "20054": {
            "year_quarter": 20054,
            "year": 2005,
            "quarter": 4,
            "eps": null,
            "eps_growth_year": null,
            "eps_4q": null,
            "eps_4q_growth_year": null,
            "roe": null,
            "roe_4q": 0,
            "gross_profit": null,
            "gross_margin": null,
            "gross_margin_4q_avg": 0,
            "net_income": null,
            "revenue": null,
            "common_shares": 110000,
            "book_valuer_per_share": 28.97,
            "book_valuer_per_share_4q_avg": 7.24,
            "equity": 337160,
            "current_ratio": 183.03,
            "debt_ratio": 49.16,
            "inventory_turnover_ratio": null,
            "account_receivable_turnover_ratio": null,
            "reinvestment_rate": null,
            "research_to_sale_ratio": null,
            "price_fair": 0,
            "eps_avg_yearly": 0,
            "eps_latest_yearly": 0,
            "eps_growth_yearly": 0
        },
        "20061": {
            "year_quarter": 20061,
            "year": 2006,
            "quarter": 1,
            "eps": 2.96,
            "eps_growth_year": null,
            "eps_4q": null,
            "eps_4q_growth_year": null,
            "roe": 9.45,
            "roe_4q": 9.45,
            "gross_profit": 15635,
            "gross_margin": 18.6,
            "gross_margin_4q_avg": 4.65,
            "net_income": 32515,
            "revenue": 84068,
            "common_shares": 110000,
            "book_valuer_per_share": 31.94,
            "book_valuer_per_share_4q_avg": 15.23,
            "equity": 351336,
            "current_ratio": 255.11,
            "debt_ratio": 28.32,
            "inventory_turnover_ratio": 1.22,
            "account_receivable_turnover_ratio": null,
            "reinvestment_rate": null,
            "research_to_sale_ratio": null,
            "price_fair": 0,
            "eps_avg_yearly": 0,
            "eps_latest_yearly": 0,
            "eps_growth_yearly": 0
        },
        "20062": {
            "year_quarter": 20062,
            "year": 2006,
            "quarter": 2,
            "eps": 0.04,
            "eps_growth_year": null,
            "eps_4q": null,
            "eps_4q_growth_year": null,
            "roe": 0.3,
            "roe_4q": 9.75,
            "gross_profit": 9191,
            "gross_margin": 13.3,
            "gross_margin_4q_avg": 7.98,
            "net_income": 1101,
            "revenue": 69092,
            "common_shares": 310000,
            "book_valuer_per_share": 12.54,
            "book_valuer_per_share_4q_avg": 18.36,
            "equity": 388644,
            "current_ratio": 281.79,
            "debt_ratio": 25,
            "inventory_turnover_ratio": 1.81,
            "account_receivable_turnover_ratio": null,
            "reinvestment_rate": null,
            "research_to_sale_ratio": null,
            "price_fair": 0.48,
            "eps_avg_yearly": 0.16,
            "eps_latest_yearly": 0.16,
            "eps_growth_yearly": -394.59
        },
        "20063": {
            "year_quarter": 20063,
            "year": 2006,
            "quarter": 3,
            "eps": 1.22,
            "eps_growth_year": null,
            "eps_4q": null,
            "eps_4q_growth_year": null,
            "roe": 8.96,
            "roe_4q": 18.71,
            "gross_profit": 25505,
            "gross_margin": 12.8,
            "gross_margin_4q_avg": 11.18,
            "net_income": 36459,
            "revenue": 199229,
            "common_shares": 310000,
            "book_valuer_per_share": 13.71,
            "book_valuer_per_share_4q_avg": 21.79,
            "equity": 425112,
            "current_ratio": 202,
            "debt_ratio": 35.61,
            "inventory_turnover_ratio": 6.04,
            "account_receivable_turnover_ratio": null,
            "reinvestment_rate": null,
            "research_to_sale_ratio": null,
            "price_fair": 88.2,
            "eps_avg_yearly": 2.52,
            "eps_latest_yearly": 4.88,
            "eps_growth_yearly": 5702.7
        },
        "20064": {
            "year_quarter": 20064,
            "year": 2006,
            "quarter": 4,
            "eps": 0.67,
            "eps_growth_year": null,
            "eps_4q": 3,
            "eps_4q_growth_year": null,
            "roe": 4.43,
            "roe_4q": 23.14,
            "gross_profit": 30955,
            "gross_margin": 10.84,
            "gross_margin_4q_avg": 13.89,
            "net_income": 20179,
            "revenue": 285491,
            "common_shares": 310000,
            "book_valuer_per_share": 14.56,
            "book_valuer_per_share_4q_avg": 18.19,
            "equity": 486774,
            "current_ratio": 204.06,
            "debt_ratio": 44.9,
            "inventory_turnover_ratio": 2.93,
            "account_receivable_turnover_ratio": null,
            "reinvestment_rate": null,
            "research_to_sale_ratio": null,
            "price_fair": 90.07,
            "eps_avg_yearly": 2.57,
            "eps_latest_yearly": 2.68,
            "eps_growth_yearly": 3741.69
        },
        "20071": {
            "year_quarter": 20071,
            "year": 2007,
            "quarter": 1,
            "eps": 0.16,
            "eps_growth_year": -94.59,
            "eps_4q": 2,
            "eps_4q_growth_year": null,
            "roe": 1.06,
            "roe_4q": 14.750000000000002,
            "gross_profit": 14906,
            "gross_margin": 7.06,
            "gross_margin_4q_avg": 11,
            "net_income": 5011,
            "revenue": 211205,
            "common_shares": 310000,
            "book_valuer_per_share": 14.72,
            "book_valuer_per_share_4q_avg": 13.88,
            "equity": 456362,
            "current_ratio": 220.37,
            "debt_ratio": 34.34,
            "inventory_turnover_ratio": 2.36,
            "account_receivable_turnover_ratio": null,
            "reinvestment_rate": null,
            "research_to_sale_ratio": null,
            "price_fair": 73.15,
            "eps_avg_yearly": 2.09,
            "eps_latest_yearly": 0.64,
            "eps_growth_yearly": 2730.15
        },
        "20072": {
            "year_quarter": 20072,
            "year": 2007,
            "quarter": 2,
            "eps": 1.52,
            "eps_growth_year": 3700,
            "eps_4q": 3.51,
            "eps_4q_growth_year": null,
            "roe": 10.01,
            "roe_4q": 24.46,
            "gross_profit": 31009,
            "gross_margin": 10.53,
            "gross_margin_4q_avg": 10.31,
            "net_income": 47045,
            "revenue": 294394,
            "common_shares": 318200,
            "book_valuer_per_share": 15.19,
            "book_valuer_per_share_4q_avg": 14.55,
            "equity": 483249,
            "current_ratio": 160.13,
            "debt_ratio": 46.59,
            "inventory_turnover_ratio": 16.1,
            "account_receivable_turnover_ratio": null,
            "reinvestment_rate": null,
            "research_to_sale_ratio": null,
            "price_fair": 101.08,
            "eps_avg_yearly": 2.89,
            "eps_latest_yearly": 6.08,
            "eps_growth_yearly": 2864.12
        },
        "20073": {
            "year_quarter": 20073,
            "year": 2007,
            "quarter": 3,
            "eps": 0.74,
            "eps_growth_year": -39.34,
            "eps_4q": 3.03,
            "eps_4q_growth_year": null,
            "roe": 4.72,
            "roe_4q": 20.22,
            "gross_profit": 36565,
            "gross_margin": 7.91,
            "gross_margin_4q_avg": 9.09,
            "net_income": 23374,
            "revenue": 462480,
            "common_shares": 319400,
            "book_valuer_per_share": 15.86,
            "book_valuer_per_share_4q_avg": 15.08,
            "equity": 506636,
            "current_ratio": 138.47,
            "debt_ratio": 55.62,
            "inventory_turnover_ratio": 22.05,
            "account_receivable_turnover_ratio": null,
            "reinvestment_rate": null,
            "research_to_sale_ratio": null,
            "price_fair": 101.5,
            "eps_avg_yearly": 2.9,
            "eps_latest_yearly": 2.96,
            "eps_growth_yearly": 2352.56
        },
        "20074": {
            "year_quarter": 20074,
            "year": 2007,
            "quarter": 4,
            "eps": 0.84,
            "eps_growth_year": 25.37,
            "eps_4q": 3.17,
            "eps_4q_growth_year": 5.78,
            "roe": 4.43,
            "roe_4q": 20.219999999999995,
            "gross_profit": 37291,
            "gross_margin": 8.14,
            "gross_margin_4q_avg": 8.41,
            "net_income": 27194,
            "revenue": 458361,
            "common_shares": 355590,
            "book_valuer_per_share": 18.96,
            "book_valuer_per_share_4q_avg": 16.18,
            "equity": 721443,
            "current_ratio": 182.28,
            "debt_ratio": 53.6,
            "inventory_turnover_ratio": 4.83,
            "account_receivable_turnover_ratio": null,
            "reinvestment_rate": null,
            "research_to_sale_ratio": null,
            "price_fair": 103.8,
            "eps_avg_yearly": 2.97,
            "eps_latest_yearly": 3.36,
            "eps_growth_yearly": 2024.2
        },
        "20081": {
            "year_quarter": 20081,
            "year": 2008,
            "quarter": 1,
            "eps": 0.16,
            "eps_growth_year": 0,
            "eps_4q": 2.06,
            "eps_4q_growth_year": 2.65,
            "roe": 1.13,
            "roe_4q": 20.29,
            "gross_profit": 79143,
            "gross_margin": 14.87,
            "gross_margin_4q_avg": 10.36,
            "net_income": 8024,
            "revenue": 532403,
            "common_shares": 355590,
            "book_valuer_per_share": 18.21,
            "book_valuer_per_share_4q_avg": 17.06,
            "equity": 695951,
            "current_ratio": 181.82,
            "debt_ratio": 50.91,
            "inventory_turnover_ratio": 3.08,
            "account_receivable_turnover_ratio": null,
            "reinvestment_rate": null,
            "research_to_sale_ratio": null,
            "price_fair": 93.63,
            "eps_avg_yearly": 2.68,
            "eps_latest_yearly": 0.64,
            "eps_growth_yearly": 1730.7
        },
        "20082": {
            "year_quarter": 20082,
            "year": 2008,
            "quarter": 2,
            "eps": 0.71,
            "eps_growth_year": -53.29,
            "eps_4q": 1.93,
            "eps_4q_growth_year": -45.08,
            "roe": 4.32,
            "roe_4q": 14.599999999999998,
            "gross_profit": 71349,
            "gross_margin": 16.34,
            "gross_margin_4q_avg": 11.82,
            "net_income": 29767,
            "revenue": 436697,
            "common_shares": 355590,
            "book_valuer_per_share": 17.61,
            "book_valuer_per_share_4q_avg": 17.66,
            "equity": 680991,
            "current_ratio": 182.4,
            "debt_ratio": 48.65,
            "inventory_turnover_ratio": 2.34,
            "account_receivable_turnover_ratio": null,
            "reinvestment_rate": null,
            "research_to_sale_ratio": null,
            "price_fair": 94.27,
            "eps_avg_yearly": 2.69,
            "eps_latest_yearly": 2.84,
            "eps_growth_yearly": 1691.18
        },
        "20083": {
            "year_quarter": 20083,
            "year": 2008,
            "quarter": 3,
            "eps": 0.53,
            "eps_growth_year": -28.38,
            "eps_4q": 1.67,
            "eps_4q_growth_year": -44.8,
            "roe": 3.39,
            "roe_4q": 13.27,
            "gross_profit": 47024,
            "gross_margin": 12.77,
            "gross_margin_4q_avg": 13.03,
            "net_income": 24097,
            "revenue": 368207,
            "common_shares": 350590,
            "book_valuer_per_share": 19.3,
            "book_valuer_per_share_4q_avg": 18.52,
            "equity": 740689,
            "current_ratio": 213.49,
            "debt_ratio": 42.27,
            "inventory_turnover_ratio": 1.98,
            "account_receivable_turnover_ratio": null,
            "reinvestment_rate": null,
            "research_to_sale_ratio": null,
            "price_fair": 92.26,
            "eps_avg_yearly": 2.64,
            "eps_latest_yearly": 2.12,
            "eps_growth_yearly": 1511.92
        },
        "20084": {
            "year_quarter": 20084,
            "year": 2008,
            "quarter": 4,
            "eps": -0.48,
            "eps_growth_year": -157.14,
            "eps_4q": 0.63,
            "eps_4q_growth_year": -80.22,
            "roe": -2.12,
            "roe_4q": 6.72,
            "gross_profit": 9344,
            "gross_margin": 4.67,
            "gross_margin_4q_avg": 12.16,
            "net_income": -15666,
            "revenue": 199874,
            "common_shares": 350590,
            "book_valuer_per_share": 19.04,
            "book_valuer_per_share_4q_avg": 18.54,
            "equity": 733951,
            "current_ratio": 243.47,
            "debt_ratio": 36.8,
            "inventory_turnover_ratio": 1.42,
            "account_receivable_turnover_ratio": 0.87,
            "reinvestment_rate": null,
            "research_to_sale_ratio": null,
            "price_fair": 92.26,
            "eps_avg_yearly": 2.64,
            "eps_latest_yearly": 2.12,
            "eps_growth_yearly": 1511.92
        },
        "20091": {
            "year_quarter": 20091,
            "year": 2009,
            "quarter": 1,
            "eps": -0.2,
            "eps_growth_year": -225,
            "eps_4q": 0.55,
            "eps_4q_growth_year": -73.3,
            "roe": -0.87,
            "roe_4q": 4.720000000000001,
            "gross_profit": 16180,
            "gross_margin": 7.33,
            "gross_margin_4q_avg": 10.28,
            "net_income": -6447,
            "revenue": 220877,
            "common_shares": 350590,
            "book_valuer_per_share": 19.3,
            "book_valuer_per_share_4q_avg": 18.81,
            "equity": 745909,
            "current_ratio": 299.33,
            "debt_ratio": 30.41,
            "inventory_turnover_ratio": 2.07,
            "account_receivable_turnover_ratio": 0.53,
            "reinvestment_rate": null,
            "research_to_sale_ratio": null,
            "price_fair": 92.26,
            "eps_avg_yearly": 2.64,
            "eps_latest_yearly": 2.12,
            "eps_growth_yearly": 1511.92
        },
        "20092": {
            "year_quarter": 20092,
            "year": 2009,
            "quarter": 2,
            "eps": -0.39,
            "eps_growth_year": -154.93,
            "eps_4q": -0.54,
            "eps_4q_growth_year": -128.13,
            "roe": -1.51,
            "roe_4q": -1.1099999999999999,
            "gross_profit": 45222,
            "gross_margin": 14.6,
            "gross_margin_4q_avg": 9.84,
            "net_income": -10925,
            "revenue": 309650,
            "common_shares": 350590,
            "book_valuer_per_share": 18.05,
            "book_valuer_per_share_4q_avg": 18.92,
            "equity": 702443,
            "current_ratio": 240.24,
            "debt_ratio": 36.64,
            "inventory_turnover_ratio": 2.95,
            "account_receivable_turnover_ratio": 0.72,
            "reinvestment_rate": null,
            "research_to_sale_ratio": null,
            "price_fair": 92.26,
            "eps_avg_yearly": 2.64,
            "eps_latest_yearly": 2.12,
            "eps_growth_yearly": 1511.92
        },
        "20093": {
            "year_quarter": 20093,
            "year": 2009,
            "quarter": 3,
            "eps": 0.66,
            "eps_growth_year": 24.53,
            "eps_4q": -0.34,
            "eps_4q_growth_year": -120.35,
            "roe": 3.94,
            "roe_4q": -0.5600000000000005,
            "gross_profit": 68898,
            "gross_margin": 15.65,
            "gross_margin_4q_avg": 10.56,
            "net_income": 28059,
            "revenue": 440233,
            "common_shares": 354510,
            "book_valuer_per_share": 18.32,
            "book_valuer_per_share_4q_avg": 18.68,
            "equity": 722481,
            "current_ratio": 203.46,
            "debt_ratio": 44.14,
            "inventory_turnover_ratio": 3.34,
            "account_receivable_turnover_ratio": 0.79,
            "reinvestment_rate": null,
            "research_to_sale_ratio": null,
            "price_fair": 92.26,
            "eps_avg_yearly": 2.64,
            "eps_latest_yearly": 2.12,
            "eps_growth_yearly": 1511.92
        },
        "20094": {
            "year_quarter": 20094,
            "year": 2009,
            "quarter": 4,
            "eps": 0.23,
            "eps_growth_year": null,
            "eps_4q": 0.3,
            "eps_4q_growth_year": -52.29,
            "roe": 1.69,
            "roe_4q": 3.25,
            "gross_profit": 70130,
            "gross_margin": 14.81,
            "gross_margin_4q_avg": 13.1,
            "net_income": 12275,
            "revenue": 473547,
            "common_shares": 354510,
            "book_valuer_per_share": 18.47,
            "book_valuer_per_share_4q_avg": 18.54,
            "equity": 731471,
            "current_ratio": 167.72,
            "debt_ratio": 52.13,
            "inventory_turnover_ratio": 3.23,
            "account_receivable_turnover_ratio": 0.87,
            "reinvestment_rate": 242.86,
            "research_to_sale_ratio": null,
            "price_fair": 86.8,
            "eps_avg_yearly": 2.48,
            "eps_latest_yearly": 0.92,
            "eps_growth_yearly": 1350.78
        },
        "20101": {
            "year_quarter": 20101,
            "year": 2010,
            "quarter": 1,
            "eps": 0.88,
            "eps_growth_year": null,
            "eps_4q": 1.38,
            "eps_4q_growth_year": 151.09,
            "roe": 4.55,
            "roe_4q": 8.67,
            "gross_profit": 73904,
            "gross_margin": 13.67,
            "gross_margin_4q_avg": 14.68,
            "net_income": 33977,
            "revenue": 540747,
            "common_shares": 354510,
            "book_valuer_per_share": 19.26,
            "book_valuer_per_share_4q_avg": 18.53,
            "equity": 761644,
            "current_ratio": 181.16,
            "debt_ratio": 48.5,
            "inventory_turnover_ratio": 3.17,
            "account_receivable_turnover_ratio": 0.45,
            "reinvestment_rate": 269.74,
            "research_to_sale_ratio": 0.45,
            "price_fair": 89.83,
            "eps_avg_yearly": 2.57,
            "eps_latest_yearly": 3.52,
            "eps_growth_yearly": 1332.42
        },
        "20102": {
            "year_quarter": 20102,
            "year": 2010,
            "quarter": 2,
            "eps": 1.15,
            "eps_growth_year": null,
            "eps_4q": 2.91,
            "eps_4q_growth_year": null,
            "roe": 5.04,
            "roe_4q": 15.219999999999999,
            "gross_profit": 73772,
            "gross_margin": 13.61,
            "gross_margin_4q_avg": 14.44,
            "net_income": 40940,
            "revenue": 542140,
            "common_shares": 354510,
            "book_valuer_per_share": 20.37,
            "book_valuer_per_share_4q_avg": 19.11,
            "equity": 862738,
            "current_ratio": 167.87,
            "debt_ratio": 51.63,
            "inventory_turnover_ratio": 2.6,
            "account_receivable_turnover_ratio": 0.41,
            "reinvestment_rate": 279.63,
            "research_to_sale_ratio": 0.51,
            "price_fair": 102.78,
            "eps_avg_yearly": 2.94,
            "eps_latest_yearly": 4.6,
            "eps_growth_yearly": 1375.53
        },
        "20103": {
            "year_quarter": 20103,
            "year": 2010,
            "quarter": 3,
            "eps": 0.31,
            "eps_growth_year": -53.69,
            "eps_4q": 1.99,
            "eps_4q_growth_year": null,
            "roe": 1.31,
            "roe_4q": 12.589999999999998,
            "gross_profit": 75761,
            "gross_margin": 11.87,
            "gross_margin_4q_avg": 13.49,
            "net_income": 13308,
            "revenue": 638152,
            "common_shares": 474510,
            "book_valuer_per_share": 21.71,
            "book_valuer_per_share_4q_avg": 19.95,
            "equity": 1168263,
            "current_ratio": 197.64,
            "debt_ratio": 45.55,
            "inventory_turnover_ratio": 3.03,
            "account_receivable_turnover_ratio": 0.47,
            "reinvestment_rate": 306.48,
            "research_to_sale_ratio": 0.58,
            "price_fair": 92.17,
            "eps_avg_yearly": 2.63,
            "eps_latest_yearly": 1.24,
            "eps_growth_yearly": 367.85
        },
        "20104": {
            "year_quarter": 20104,
            "year": 2010,
            "quarter": 4,
            "eps": -0.02,
            "eps_growth_year": -107.27,
            "eps_4q": 1.81,
            "eps_4q_growth_year": 503.51,
            "roe": -1.08,
            "roe_4q": 9.82,
            "gross_profit": 41229,
            "gross_margin": 8,
            "gross_margin_4q_avg": 11.79,
            "net_income": -12345,
            "revenue": 515587,
            "common_shares": 474510,
            "book_valuer_per_share": 21.07,
            "book_valuer_per_share_4q_avg": 20.6,
            "equity": 1122139,
            "current_ratio": 204.48,
            "debt_ratio": 43.98,
            "inventory_turnover_ratio": 2.48,
            "account_receivable_turnover_ratio": 0.39,
            "reinvestment_rate": 293,
            "research_to_sale_ratio": 0.68,
            "price_fair": 92.02,
            "eps_avg_yearly": 2.63,
            "eps_latest_yearly": 1.24,
            "eps_growth_yearly": 417.68
        },
        "20111": {
            "year_quarter": 20111,
            "year": 2011,
            "quarter": 1,
            "eps": 0.6,
            "eps_growth_year": -31.82,
            "eps_4q": 1.75,
            "eps_4q_growth_year": 26.75,
            "roe": 2.14,
            "roe_4q": 7.41,
            "gross_profit": 64453,
            "gross_margin": 9.39,
            "gross_margin_4q_avg": 10.72,
            "net_income": 24383,
            "revenue": 686405,
            "common_shares": 474510,
            "book_valuer_per_share": 21.81,
            "book_valuer_per_share_4q_avg": 21.24,
            "equity": 1154357,
            "current_ratio": 186.88,
            "debt_ratio": 48.34,
            "inventory_turnover_ratio": 2.96,
            "account_receivable_turnover_ratio": 0.45,
            "reinvestment_rate": 300.35,
            "research_to_sale_ratio": 0.52,
            "price_fair": 98.98,
            "eps_avg_yearly": 2.83,
            "eps_latest_yearly": 1.24,
            "eps_growth_yearly": 489.9
        },
        "20112": {
            "year_quarter": 20112,
            "year": 2011,
            "quarter": 2,
            "eps": 0.37,
            "eps_growth_year": -67.78,
            "eps_4q": 1.26,
            "eps_4q_growth_year": -56.72,
            "roe": 0.74,
            "roe_4q": 3.11,
            "gross_profit": 53896,
            "gross_margin": 8.77,
            "gross_margin_4q_avg": 9.51,
            "net_income": 8364,
            "revenue": 614475,
            "common_shares": 474510,
            "book_valuer_per_share": 20.79,
            "book_valuer_per_share_4q_avg": 21.35,
            "equity": 1095701,
            "current_ratio": 169.23,
            "debt_ratio": 53.25,
            "inventory_turnover_ratio": 2.2,
            "account_receivable_turnover_ratio": 0.34,
            "reinvestment_rate": 352.85,
            "research_to_sale_ratio": 0.85,
            "price_fair": 82.88,
            "eps_avg_yearly": 2.37,
            "eps_latest_yearly": 1.48,
            "eps_growth_yearly": 134.56
        },
        "20113": {
            "year_quarter": 20113,
            "year": 2011,
            "quarter": 3,
            "eps": 0.01,
            "eps_growth_year": -97.01,
            "eps_4q": 0.96,
            "eps_4q_growth_year": -51.71,
            "roe": -1.04,
            "roe_4q": 0.76,
            "gross_profit": 29547,
            "gross_margin": 4.73,
            "gross_margin_4q_avg": 7.72,
            "net_income": -11590,
            "revenue": 624049,
            "common_shares": 474510,
            "book_valuer_per_share": 21.8,
            "book_valuer_per_share_4q_avg": 21.37,
            "equity": 1137864,
            "current_ratio": 169.4,
            "debt_ratio": 52.36,
            "inventory_turnover_ratio": 2.41,
            "account_receivable_turnover_ratio": 0.35,
            "reinvestment_rate": 434.12,
            "research_to_sale_ratio": 0.65,
            "price_fair": 72.66,
            "eps_avg_yearly": 2.08,
            "eps_latest_yearly": 0.04,
            "eps_growth_yearly": 116.17
        },
        "20114": {
            "year_quarter": 20114,
            "year": 2011,
            "quarter": 4,
            "eps": -0.03,
            "eps_growth_year": null,
            "eps_4q": 0.95,
            "eps_4q_growth_year": -47.46,
            "roe": -0.8,
            "roe_4q": 1.04,
            "gross_profit": 28157,
            "gross_margin": 5.48,
            "gross_margin_4q_avg": 7.09,
            "net_income": -8880,
            "revenue": 514001,
            "common_shares": 472920,
            "book_valuer_per_share": 21.87,
            "book_valuer_per_share_4q_avg": 21.57,
            "equity": 1094922,
            "current_ratio": 167.35,
            "debt_ratio": 52.69,
            "inventory_turnover_ratio": 2.53,
            "account_receivable_turnover_ratio": 0.34,
            "reinvestment_rate": 470.93,
            "research_to_sale_ratio": 1.1,
            "price_fair": 67.67,
            "eps_avg_yearly": 1.93,
            "eps_latest_yearly": 0.04,
            "eps_growth_yearly": 123.07
        },
        "20121": {
            "year_quarter": 20121,
            "year": 2012,
            "quarter": 1,
            "eps": 0.01,
            "eps_growth_year": -98.33,
            "eps_4q": 0.36,
            "eps_4q_growth_year": -79.61,
            "roe": -0.7,
            "roe_4q": -1.8,
            "gross_profit": 34432,
            "gross_margin": 6.29,
            "gross_margin_4q_avg": 6.32,
            "net_income": -7624,
            "revenue": 547618,
            "common_shares": 472920,
            "book_valuer_per_share": 21.54,
            "book_valuer_per_share_4q_avg": 21.5,
            "equity": 1070111,
            "current_ratio": 174.44,
            "debt_ratio": 50.66,
            "inventory_turnover_ratio": 2.39,
            "account_receivable_turnover_ratio": 0.4,
            "reinvestment_rate": 451.47,
            "research_to_sale_ratio": 0.89,
            "price_fair": 73.33,
            "eps_avg_yearly": 2.1,
            "eps_latest_yearly": 0.04,
            "eps_growth_yearly": 178.93
        },
        "20122": {
            "year_quarter": 20122,
            "year": 2012,
            "quarter": 2,
            "eps": 0.47,
            "eps_growth_year": 27.31,
            "eps_4q": 0.46,
            "eps_4q_growth_year": -63.76,
            "roe": 1.53,
            "roe_4q": -1.01,
            "gross_profit": 51886,
            "gross_margin": 8.62,
            "gross_margin_4q_avg": 6.28,
            "net_income": 16053,
            "revenue": 602093,
            "common_shares": 472920,
            "book_valuer_per_share": 21.71,
            "book_valuer_per_share_4q_avg": 21.73,
            "equity": 1024586,
            "current_ratio": 162.62,
            "debt_ratio": 54.67,
            "inventory_turnover_ratio": 2.4,
            "account_receivable_turnover_ratio": 0.41,
            "reinvestment_rate": 487.46,
            "research_to_sale_ratio": 0.74,
            "price_fair": 69.13,
            "eps_avg_yearly": 1.98,
            "eps_latest_yearly": 1.88,
            "eps_growth_yearly": 2307.06
        },
        "20123": {
            "year_quarter": 20123,
            "year": 2012,
            "quarter": 3,
            "eps": 0.41,
            "eps_growth_year": 4395.16,
            "eps_4q": 0.86,
            "eps_4q_growth_year": -10.85,
            "roe": 1.9,
            "roe_4q": 1.9299999999999995,
            "gross_profit": 84285,
            "gross_margin": 11.58,
            "gross_margin_4q_avg": 7.99,
            "net_income": 19479,
            "revenue": 727655,
            "common_shares": 472920,
            "book_valuer_per_share": 21.75,
            "book_valuer_per_share_4q_avg": 21.72,
            "equity": 1029561,
            "current_ratio": 164.45,
            "debt_ratio": 55.81,
            "inventory_turnover_ratio": 2.97,
            "account_receivable_turnover_ratio": 0.46,
            "reinvestment_rate": 631.22,
            "research_to_sale_ratio": 0.75,
            "price_fair": 67.03,
            "eps_avg_yearly": 1.92,
            "eps_latest_yearly": 1.64,
            "eps_growth_yearly": 2313.35
        },
        "20124": {
            "year_quarter": 20124,
            "year": 2012,
            "quarter": 4,
            "eps": 0.07,
            "eps_growth_year": null,
            "eps_4q": 0.96,
            "eps_4q_growth_year": 1.58,
            "roe": 0.33,
            "roe_4q": 3.0599999999999996,
            "gross_profit": 75006,
            "gross_margin": 9.24,
            "gross_margin_4q_avg": 8.93,
            "net_income": 3376,
            "revenue": 811664,
            "common_shares": 472920,
            "book_valuer_per_share": 21.91,
            "book_valuer_per_share_4q_avg": 21.73,
            "equity": 1037299,
            "current_ratio": 154.56,
            "debt_ratio": 59.18,
            "inventory_turnover_ratio": 3.34,
            "account_receivable_turnover_ratio": 0.56,
            "reinvestment_rate": 609.92,
            "research_to_sale_ratio": 0.7,
            "price_fair": 60.67,
            "eps_avg_yearly": 1.73,
            "eps_latest_yearly": 0.28,
            "eps_growth_yearly": 2019.45
        },
        "20131": {
            "year_quarter": 20131,
            "year": 2013,
            "quarter": 1,
            "eps": 0.26,
            "eps_growth_year": 2500,
            "eps_4q": 1.21,
            "eps_4q_growth_year": 239.68,
            "roe": 1.15,
            "roe_4q": 4.91,
            "gross_profit": 70502,
            "gross_margin": 9.9,
            "gross_margin_4q_avg": 9.84,
            "net_income": 12207,
            "revenue": 712054,
            "common_shares": 472920,
            "book_valuer_per_share": 22.78,
            "book_valuer_per_share_4q_avg": 22.04,
            "equity": 1078590,
            "current_ratio": 135.06,
            "debt_ratio": 58.08,
            "inventory_turnover_ratio": 3.02,
            "account_receivable_turnover_ratio": 0.57,
            "reinvestment_rate": 139.19,
            "research_to_sale_ratio": 0.85,
            "price_fair": 58.24,
            "eps_avg_yearly": 1.66,
            "eps_latest_yearly": 1.04,
            "eps_growth_yearly": 1926.08
        },
        "20132": {
            "year_quarter": 20132,
            "year": 2013,
            "quarter": 2,
            "eps": 0.39,
            "eps_growth_year": -17.29,
            "eps_4q": 1.13,
            "eps_4q_growth_year": 147.9,
            "roe": 1.73,
            "roe_4q": 5.109999999999999,
            "gross_profit": 74507,
            "gross_margin": 10.24,
            "gross_margin_4q_avg": 10.24,
            "net_income": 18672,
            "revenue": 727499,
            "common_shares": 472920,
            "book_valuer_per_share": 22.94,
            "book_valuer_per_share_4q_avg": 22.35,
            "equity": 1085844,
            "current_ratio": 135.55,
            "debt_ratio": 58.07,
            "inventory_turnover_ratio": 2.98,
            "account_receivable_turnover_ratio": 0.6,
            "reinvestment_rate": 126.53,
            "research_to_sale_ratio": 0.8,
            "price_fair": 57.91,
            "eps_avg_yearly": 1.65,
            "eps_latest_yearly": 1.56,
            "eps_growth_yearly": 1769.16
        },
        "20133": {
            "year_quarter": 20133,
            "year": 2013,
            "quarter": 3,
            "eps": 0.19,
            "eps_growth_year": -53.79,
            "eps_4q": 0.91,
            "eps_4q_growth_year": 5.62,
            "roe": 0.81,
            "roe_4q": 4.02,
            "gross_profit": 69003,
            "gross_margin": 9.87,
            "gross_margin_4q_avg": 9.81,
            "net_income": 8834,
            "revenue": 699196,
            "common_shares": 472920,
            "book_valuer_per_share": 22.96,
            "book_valuer_per_share_4q_avg": 22.65,
            "equity": 1086951,
            "current_ratio": 143.71,
            "debt_ratio": 56.11,
            "inventory_turnover_ratio": 3.14,
            "account_receivable_turnover_ratio": 0.58,
            "reinvestment_rate": 130.13,
            "research_to_sale_ratio": 1.06,
            "price_fair": 55.3,
            "eps_avg_yearly": 1.58,
            "eps_latest_yearly": 0.76,
            "eps_growth_yearly": 1604.64
        },
        "20134": {
            "year_quarter": 20134,
            "year": 2013,
            "quarter": 4,
            "eps": -0.1,
            "eps_growth_year": -244.99,
            "eps_4q": 0.73,
            "eps_4q_growth_year": -24.08,
            "roe": -0.44,
            "roe_4q": 3.25,
            "gross_profit": 45124,
            "gross_margin": 8.05,
            "gross_margin_4q_avg": 9.52,
            "net_income": -4843,
            "revenue": 560256,
            "common_shares": 472920,
            "book_valuer_per_share": 23.04,
            "book_valuer_per_share_4q_avg": 22.93,
            "equity": 1090847,
            "current_ratio": 171.27,
            "debt_ratio": 53.56,
            "inventory_turnover_ratio": 2.81,
            "account_receivable_turnover_ratio": 0.51,
            "reinvestment_rate": -116.63,
            "research_to_sale_ratio": 1.44,
            "price_fair": 57.4,
            "eps_avg_yearly": 1.64,
            "eps_latest_yearly": 0.76,
            "eps_growth_yearly": 1774.21
        },
        "20141": {
            "year_quarter": 20141,
            "year": 2014,
            "quarter": 1,
            "eps": 0.46,
            "eps_growth_year": 76.92,
            "eps_4q": 0.94,
            "eps_4q_growth_year": -22.54,
            "roe": 2,
            "roe_4q": 4.1,
            "gross_profit": 66389,
            "gross_margin": 10.31,
            "gross_margin_4q_avg": 9.62,
            "net_income": 21967,
            "revenue": 644149,
            "common_shares": 472920,
            "book_valuer_per_share": 23.44,
            "book_valuer_per_share_4q_avg": 23.1,
            "equity": 1109353,
            "current_ratio": 185.07,
            "debt_ratio": 52.17,
            "inventory_turnover_ratio": 3.04,
            "account_receivable_turnover_ratio": 0.63,
            "reinvestment_rate": -137.48,
            "research_to_sale_ratio": 1.19,
            "price_fair": 50.82,
            "eps_avg_yearly": 1.45,
            "eps_latest_yearly": 0.76,
            "eps_growth_yearly": 1838.58
        },
        "20142": {
            "year_quarter": 20142,
            "year": 2014,
            "quarter": 2,
            "eps": 0.08,
            "eps_growth_year": -79.49,
            "eps_4q": 0.62,
            "eps_4q_growth_year": -45.03,
            "roe": 0.32,
            "roe_4q": 2.69,
            "gross_profit": 54329,
            "gross_margin": 9.85,
            "gross_margin_4q_avg": 9.52,
            "net_income": 3542,
            "revenue": 551663,
            "common_shares": 472920,
            "book_valuer_per_share": 22.73,
            "book_valuer_per_share_4q_avg": 23.04,
            "equity": 1075852,
            "current_ratio": 184.85,
            "debt_ratio": 51.9,
            "inventory_turnover_ratio": 2.66,
            "account_receivable_turnover_ratio": 0.56,
            "reinvestment_rate": -250.76,
            "research_to_sale_ratio": 1.18,
            "price_fair": 35.84,
            "eps_avg_yearly": 1.02,
            "eps_latest_yearly": 0.32,
            "eps_growth_yearly": 1793.27
        },
        "20143": {
            "year_quarter": 20143,
            "year": 2014,
            "quarter": 3,
            "eps": 0.43,
            "eps_growth_year": 126.32,
            "eps_4q": 0.86,
            "eps_4q_growth_year": -4.75,
            "roe": 1.85,
            "roe_4q": 3.73,
            "gross_profit": 65736,
            "gross_margin": 11.93,
            "gross_margin_4q_avg": 10.04,
            "net_income": 20313,
            "revenue": 550826,
            "common_shares": 472920,
            "book_valuer_per_share": 23.7,
            "book_valuer_per_share_4q_avg": 23.23,
            "equity": 1121915,
            "current_ratio": 210.24,
            "debt_ratio": 47.25,
            "inventory_turnover_ratio": 2.79,
            "account_receivable_turnover_ratio": 0.57,
            "reinvestment_rate": -236.55,
            "research_to_sale_ratio": 0.93,
            "price_fair": 37.52,
            "eps_avg_yearly": 1.07,
            "eps_latest_yearly": 1.72,
            "eps_growth_yearly": 1997.49
        },
        "20144": {
            "year_quarter": 20144,
            "year": 2014,
            "quarter": 4,
            "eps": 0.01,
            "eps_growth_year": null,
            "eps_4q": 0.97,
            "eps_4q_growth_year": 32.94,
            "roe": 0.03,
            "roe_4q": 4.2,
            "gross_profit": 44814,
            "gross_margin": 9.53,
            "gross_margin_4q_avg": 10.41,
            "net_income": 332,
            "revenue": 470477,
            "common_shares": 472920,
            "book_valuer_per_share": 24.08,
            "book_valuer_per_share_4q_avg": 23.49,
            "equity": 1139511,
            "current_ratio": 222.08,
            "debt_ratio": 45.42,
            "inventory_turnover_ratio": 2.57,
            "account_receivable_turnover_ratio": 0.5,
            "reinvestment_rate": -194.29,
            "research_to_sale_ratio": 1.34,
            "price_fair": 34.24,
            "eps_avg_yearly": 0.98,
            "eps_latest_yearly": 0.04,
            "eps_growth_yearly": 1780.38
        },
        "20151": {
            "year_quarter": 20151,
            "year": 2015,
            "quarter": 1,
            "eps": -0.14,
            "eps_growth_year": -130.43,
            "eps_4q": 0.37,
            "eps_4q_growth_year": -60.53,
            "roe": -0.58,
            "roe_4q": 1.6200000000000003,
            "gross_profit": 30487,
            "gross_margin": 7.35,
            "gross_margin_4q_avg": 9.67,
            "net_income": -6565,
            "revenue": 414578,
            "common_shares": 472920,
            "book_valuer_per_share": 23.78,
            "book_valuer_per_share_4q_avg": 23.57,
            "equity": 1125514,
            "current_ratio": 204.18,
            "debt_ratio": 48.35,
            "inventory_turnover_ratio": 2.28,
            "account_receivable_turnover_ratio": 0.5,
            "reinvestment_rate": -276.46,
            "research_to_sale_ratio": 1.72,
            "price_fair": 34.24,
            "eps_avg_yearly": 0.98,
            "eps_latest_yearly": 0.04,
            "eps_growth_yearly": 1780.38
        },
        "20152": {
            "year_quarter": 20152,
            "year": 2015,
            "quarter": 2,
            "eps": -0.37,
            "eps_growth_year": -562.5,
            "eps_4q": -0.08,
            "eps_4q_growth_year": -112.29,
            "roe": -1.59,
            "roe_4q": -0.29000000000000004,
            "gross_profit": 22544,
            "gross_margin": 6.16,
            "gross_margin_4q_avg": 8.74,
            "net_income": -17526,
            "revenue": 365969,
            "common_shares": 472920,
            "book_valuer_per_share": 22.68,
            "book_valuer_per_share_4q_avg": 23.56,
            "equity": 1073403,
            "current_ratio": 208.28,
            "debt_ratio": 47.09,
            "inventory_turnover_ratio": 2.28,
            "account_receivable_turnover_ratio": 0.51,
            "reinvestment_rate": -412.61,
            "research_to_sale_ratio": 1.57,
            "price_fair": 32.48,
            "eps_avg_yearly": 0.93,
            "eps_latest_yearly": 0.04,
            "eps_growth_yearly": 1973.75
        },
        "20153": {
            "year_quarter": 20153,
            "year": 2015,
            "quarter": 3,
            "eps": 0.13,
            "eps_growth_year": -69.77,
            "eps_4q": -0.37,
            "eps_4q_growth_year": -143,
            "roe": 0.59,
            "roe_4q": -1.55,
            "gross_profit": 29485,
            "gross_margin": 6.83,
            "gross_margin_4q_avg": 7.47,
            "net_income": 6399,
            "revenue": 431551,
            "common_shares": 472920,
            "book_valuer_per_share": 23.51,
            "book_valuer_per_share_4q_avg": 23.51,
            "equity": 1109646,
            "current_ratio": 210.88,
            "debt_ratio": 47.04,
            "inventory_turnover_ratio": 3.02,
            "account_receivable_turnover_ratio": 0.6,
            "reinvestment_rate": -481.43,
            "research_to_sale_ratio": 1.31,
            "price_fair": 35.93,
            "eps_avg_yearly": 1.03,
            "eps_latest_yearly": 0.04,
            "eps_growth_yearly": 2236.3
        },
        "20154": {
            "year_quarter": 20154,
            "year": 2015,
            "quarter": 4,
            "eps": -0.81,
            "eps_growth_year": -14361.14,
            "eps_4q": -1.19,
            "eps_4q_growth_year": -222.08,
            "roe": -3.53,
            "roe_4q": -5.11,
            "gross_profit": 408,
            "gross_margin": 0.13,
            "gross_margin_4q_avg": 5.12,
            "net_income": -37933,
            "revenue": 305979,
            "common_shares": 469500,
            "book_valuer_per_share": 22.18,
            "book_valuer_per_share_4q_avg": 23.04,
            "equity": 1041624,
            "current_ratio": 215.39,
            "debt_ratio": 46.54,
            "inventory_turnover_ratio": 2.51,
            "account_receivable_turnover_ratio": 0.44,
            "reinvestment_rate": -782.59,
            "research_to_sale_ratio": 1.71,
            "price_fair": 35.93,
            "eps_avg_yearly": 1.03,
            "eps_latest_yearly": 0.04,
            "eps_growth_yearly": 2236.3
        },
        "20161": {
            "year_quarter": 20161,
            "year": 2016,
            "quarter": 1,
            "eps": -0.16,
            "eps_growth_year": null,
            "eps_4q": -1.21,
            "eps_4q_growth_year": -425.6,
            "roe": -0.72,
            "roe_4q": -5.25,
            "gross_profit": 26266,
            "gross_margin": 9.28,
            "gross_margin_4q_avg": 5.6,
            "net_income": -7415,
            "revenue": 283142,
            "common_shares": 469500,
            "book_valuer_per_share": 21.95,
            "book_valuer_per_share_4q_avg": 22.58,
            "equity": 1030856,
            "current_ratio": 309.25,
            "debt_ratio": 36.41,
            "inventory_turnover_ratio": 2.43,
            "account_receivable_turnover_ratio": 0.51,
            "reinvestment_rate": -847.25,
            "research_to_sale_ratio": 0.92,
            "price_fair": 35.93,
            "eps_avg_yearly": 1.03,
            "eps_latest_yearly": 0.04,
            "eps_growth_yearly": 2236.3
        },
        "20162": {
            "year_quarter": 20162,
            "year": 2016,
            "quarter": 2,
            "eps": 0.01,
            "eps_growth_year": null,
            "eps_4q": -0.82,
            "eps_4q_growth_year": null,
            "roe": 0.06,
            "roe_4q": -3.5999999999999996,
            "gross_profit": 26470,
            "gross_margin": 8.67,
            "gross_margin_4q_avg": 6.23,
            "net_income": 615,
            "revenue": 305141,
            "common_shares": 469500,
            "book_valuer_per_share": 21.95,
            "book_valuer_per_share_4q_avg": 22.4,
            "equity": 1031170,
            "current_ratio": 331.34,
            "debt_ratio": 32.94,
            "inventory_turnover_ratio": 2.85,
            "account_receivable_turnover_ratio": 0.65,
            "reinvestment_rate": -1498.07,
            "research_to_sale_ratio": 0.8,
            "price_fair": 32.2,
            "eps_avg_yearly": 0.92,
            "eps_latest_yearly": 0.04,
            "eps_growth_yearly": 215.84
        },
        "20163": {
            "year_quarter": 20163,
            "year": 2016,
            "quarter": 3,
            "eps": -0.12,
            "eps_growth_year": -192.31,
            "eps_4q": -0.8,
            "eps_4q_growth_year": null,
            "roe": -0.64,
            "roe_4q": -4.83,
            "gross_profit": 34295,
            "gross_margin": 11.5,
            "gross_margin_4q_avg": 7.4,
            "net_income": -7446,
            "revenue": 298095,
            "common_shares": 649500,
            "book_valuer_per_share": 20.22,
            "book_valuer_per_share_4q_avg": 21.58,
            "equity": 1313576,
            "current_ratio": 467.07,
            "debt_ratio": 26.85,
            "inventory_turnover_ratio": 3.14,
            "account_receivable_turnover_ratio": 0.61,
            "reinvestment_rate": -5844.96,
            "research_to_sale_ratio": 0.57,
            "price_fair": 28.6,
            "eps_avg_yearly": 0.82,
            "eps_latest_yearly": 0.04,
            "eps_growth_yearly": 253.96
        },
        "20164": {
            "year_quarter": 20164,
            "year": 2016,
            "quarter": 4,
            "eps": -0.43,
            "eps_growth_year": null,
            "eps_4q": -0.65,
            "eps_4q_growth_year": null,
            "roe": -2.16,
            "roe_4q": -3.46,
            "gross_profit": 66985,
            "gross_margin": 21.98,
            "gross_margin_4q_avg": 12.86,
            "net_income": -27744,
            "revenue": 304727,
            "common_shares": 649500,
            "book_valuer_per_share": 19.36,
            "book_valuer_per_share_4q_avg": 20.87,
            "equity": 1257529,
            "current_ratio": 336.67,
            "debt_ratio": 28.55,
            "inventory_turnover_ratio": 2.95,
            "account_receivable_turnover_ratio": 0.65,
            "reinvestment_rate": null,
            "research_to_sale_ratio": 0.55,
            "price_fair": 31.73,
            "eps_avg_yearly": 0.91,
            "eps_latest_yearly": 0.04,
            "eps_growth_yearly": 351.58
        },
        "20171": {
            "year_quarter": 20171,
            "year": 2017,
            "quarter": 1,
            "eps": -0.3,
            "eps_growth_year": null,
            "eps_4q": -0.83,
            "eps_4q_growth_year": null,
            "roe": -1.54,
            "roe_4q": -4.28,
            "gross_profit": 81961,
            "gross_margin": 28.09,
            "gross_margin_4q_avg": 17.56,
            "net_income": -19189,
            "revenue": 291787,
            "common_shares": 649500,
            "book_valuer_per_share": 19.02,
            "book_valuer_per_share_4q_avg": 20.14,
            "equity": 1235737,
            "current_ratio": 396.31,
            "debt_ratio": 26.81,
            "inventory_turnover_ratio": 2.82,
            "account_receivable_turnover_ratio": 0.88,
            "reinvestment_rate": null,
            "research_to_sale_ratio": 0.49,
            "price_fair": 30.8,
            "eps_avg_yearly": 0.88,
            "eps_latest_yearly": 0.04,
            "eps_growth_yearly": 204.75
        },
        "20172": {
            "year_quarter": 20172,
            "year": 2017,
            "quarter": 2,
            "eps": -0.66,
            "eps_growth_year": -6700,
            "eps_4q": -1.5,
            "eps_4q_growth_year": null,
            "roe": -3.57,
            "roe_4q": -7.909999999999999,
            "gross_profit": 51317,
            "gross_margin": 23.98,
            "gross_margin_4q_avg": 21.39,
            "net_income": -43172,
            "revenue": 213981,
            "common_shares": 649500,
            "book_valuer_per_share": 18.2,
            "book_valuer_per_share_4q_avg": 19.2,
            "equity": 1182124,
            "current_ratio": 427.72,
            "debt_ratio": 25.56,
            "inventory_turnover_ratio": 2.93,
            "account_receivable_turnover_ratio": 1.06,
            "reinvestment_rate": null,
            "research_to_sale_ratio": 0.51,
            "price_fair": 24.85,
            "eps_avg_yearly": 0.71,
            "eps_latest_yearly": 0.04,
            "eps_growth_yearly": 205.93
        },
        "20173": {
            "year_quarter": 20173,
            "year": 2017,
            "quarter": 3,
            "eps": -1.09,
            "eps_growth_year": null,
            "eps_4q": -2.33,
            "eps_4q_growth_year": null,
            "roe": -6.53,
            "roe_4q": -13.8,
            "gross_profit": 106400,
            "gross_margin": 29.41,
            "gross_margin_4q_avg": 25.87,
            "net_income": -86915,
            "revenue": 361760,
            "common_shares": 726500,
            "book_valuer_per_share": 19.32,
            "book_valuer_per_share_4q_avg": 18.98,
            "equity": 1479033,
            "current_ratio": 101.26,
            "debt_ratio": 40.69,
            "inventory_turnover_ratio": 4.2,
            "account_receivable_turnover_ratio": 2.07,
            "reinvestment_rate": null,
            "research_to_sale_ratio": 0.45,
            "price_fair": 24.27,
            "eps_avg_yearly": 0.69,
            "eps_latest_yearly": 0.04,
            "eps_growth_yearly": 342.96
        },
        "20174": {
            "year_quarter": 20174,
            "year": 2017,
            "quarter": 4,
            "eps": 0.64,
            "eps_growth_year": null,
            "eps_4q": -1.3,
            "eps_4q_growth_year": null,
            "roe": 3.3,
            "roe_4q": -8.34,
            "gross_profit": 282452,
            "gross_margin": 47.54,
            "gross_margin_4q_avg": 32.26,
            "net_income": 49739,
            "revenue": 594153,
            "common_shares": 726500,
            "book_valuer_per_share": 19.98,
            "book_valuer_per_share_4q_avg": 19.13,
            "equity": 1533612,
            "current_ratio": 107.35,
            "debt_ratio": 40.42,
            "inventory_turnover_ratio": 4.66,
            "account_receivable_turnover_ratio": 3.3,
            "reinvestment_rate": null,
            "research_to_sale_ratio": 0.21,
            "price_fair": 24.27,
            "eps_avg_yearly": 0.69,
            "eps_latest_yearly": 0.04,
            "eps_growth_yearly": 342.96
        },
        "20181": {
            "year_quarter": 20181,
            "year": 2018,
            "quarter": 1,
            "eps": -0.04,
            "eps_growth_year": null,
            "eps_4q": -1.07,
            "eps_4q_growth_year": null,
            "roe": -0.13,
            "roe_4q": -6.93,
            "gross_profit": 212162,
            "gross_margin": 45.48,
            "gross_margin_4q_avg": 36.6,
            "net_income": -2027,
            "revenue": 466531,
            "common_shares": 726500,
            "book_valuer_per_share": 19.96,
            "book_valuer_per_share_4q_avg": 19.37,
            "equity": 1504752,
            "current_ratio": 111.67,
            "debt_ratio": 35.4,
            "inventory_turnover_ratio": 4.34,
            "account_receivable_turnover_ratio": 2.94,
            "reinvestment_rate": null,
            "research_to_sale_ratio": 0.17,
            "price_fair": 24.27,
            "eps_avg_yearly": 0.69,
            "eps_latest_yearly": 0.04,
            "eps_growth_yearly": 342.96
        },
        "20182": {
            "year_quarter": 20182,
            "year": 2018,
            "quarter": 2,
            "eps": -0.22,
            "eps_growth_year": null,
            "eps_4q": -0.7,
            "eps_4q_growth_year": null,
            "roe": -1.1,
            "roe_4q": -4.460000000000001,
            "gross_profit": 158705,
            "gross_margin": 42.45,
            "gross_margin_4q_avg": 41.22,
            "net_income": -16352,
            "revenue": 373846,
            "common_shares": 726000,
            "book_valuer_per_share": 19.59,
            "book_valuer_per_share_4q_avg": 19.71,
            "equity": 1474872,
            "current_ratio": 101.67,
            "debt_ratio": 35.56,
            "inventory_turnover_ratio": 4.06,
            "account_receivable_turnover_ratio": 2.82,
            "reinvestment_rate": null,
            "research_to_sale_ratio": 0.18,
            "price_fair": 30.8,
            "eps_avg_yearly": 0.88,
            "eps_latest_yearly": 0.04,
            "eps_growth_yearly": 679.65
        },
        "20183": {
            "year_quarter": 20183,
            "year": 2018,
            "quarter": 3,
            "eps": -0.77,
            "eps_growth_year": null,
            "eps_4q": -0.38,
            "eps_4q_growth_year": null,
            "roe": -4.05,
            "roe_4q": -1.9800000000000004,
            "gross_profit": 92684,
            "gross_margin": 39.38,
            "gross_margin_4q_avg": 43.71,
            "net_income": -58041,
            "revenue": 235382,
            "common_shares": 726000,
            "book_valuer_per_share": 18.55,
            "book_valuer_per_share_4q_avg": 19.52,
            "equity": 1389931,
            "current_ratio": 100.14,
            "debt_ratio": 33.87,
            "inventory_turnover_ratio": 3.57,
            "account_receivable_turnover_ratio": 2.81,
            "reinvestment_rate": null,
            "research_to_sale_ratio": 0.11,
            "price_fair": 0.12,
            "eps_avg_yearly": 0.04,
            "eps_latest_yearly": 0.04,
            "eps_growth_yearly": -390.7
        },
        "20184": {
            "year_quarter": 20184,
            "year": 2018,
            "quarter": 4,
            "eps": 1.37,
            "eps_growth_year": 113.05,
            "eps_4q": 0.33,
            "eps_4q_growth_year": null,
            "roe": 7.07,
            "roe_4q": 1.7900000000000005,
            "gross_profit": 234678,
            "gross_margin": 58.15,
            "gross_margin_4q_avg": 46.37,
            "net_income": 100914,
            "revenue": 403562,
            "common_shares": 726000,
            "book_valuer_per_share": 19.98,
            "book_valuer_per_share_4q_avg": 19.52,
            "equity": 1463170,
            "current_ratio": 114.75,
            "debt_ratio": 33.37,
            "inventory_turnover_ratio": 5.83,
            "account_receivable_turnover_ratio": 9.04,
            "reinvestment_rate": null,
            "research_to_sale_ratio": 0,
            "price_fair": 0,
            "eps_avg_yearly": 0,
            "eps_latest_yearly": 0,
            "eps_growth_yearly": 0
        },
        "20191": {
            "year_quarter": 20191,
            "year": 2019,
            "quarter": 1,
            "eps": 0.01,
            "eps_growth_year": null,
            "eps_4q": 0.37,
            "eps_4q_growth_year": null,
            "roe": 0.04,
            "roe_4q": 1.9600000000000004,
            "gross_profit": 200527,
            "gross_margin": 56.33,
            "gross_margin_4q_avg": 49.08,
            "net_income": 527,
            "revenue": 355966,
            "common_shares": 726000,
            "book_valuer_per_share": 20.47,
            "book_valuer_per_share_4q_avg": 19.65,
            "equity": 1491017,
            "current_ratio": 75.08,
            "debt_ratio": 55.33,
            "inventory_turnover_ratio": 5.7,
            "account_receivable_turnover_ratio": 7.4,
            "reinvestment_rate": null,
            "research_to_sale_ratio": 0,
            "price_fair": 0.12,
            "eps_avg_yearly": 0.04,
            "eps_latest_yearly": 0.04,
            "eps_growth_yearly": -397.08
        },
        "20192": {
            "year_quarter": 20192,
            "year": 2019,
            "quarter": 2,
            "eps": -0.69,
            "eps_growth_year": null,
            "eps_4q": -0.09,
            "eps_4q_growth_year": null,
            "roe": -3.35,
            "roe_4q": -0.2899999999999996,
            "gross_profit": 125598,
            "gross_margin": 51.23,
            "gross_margin_4q_avg": 51.27,
            "net_income": -49070,
            "revenue": 245160,
            "common_shares": 726000,
            "book_valuer_per_share": 20.28,
            "book_valuer_per_share_4q_avg": 19.82,
            "equity": 1441773,
            "current_ratio": 58.1,
            "debt_ratio": 56.54,
            "inventory_turnover_ratio": 4.85,
            "account_receivable_turnover_ratio": 6.49,
            "reinvestment_rate": null,
            "research_to_sale_ratio": 0,
            "price_fair": 0.12,
            "eps_avg_yearly": 0.04,
            "eps_latest_yearly": 0.04,
            "eps_growth_yearly": -397.08
        },
        "20193": {
            "year_quarter": 20193,
            "year": 2019,
            "quarter": 3,
            "eps": -1.24,
            "eps_growth_year": null,
            "eps_4q": -0.54,
            "eps_4q_growth_year": null,
            "roe": -6.29,
            "roe_4q": -2.530000000000001,
            "gross_profit": 91430,
            "gross_margin": 43.99,
            "gross_margin_4q_avg": 52.43,
            "net_income": -87865,
            "revenue": 207860,
            "common_shares": 726000,
            "book_valuer_per_share": 19.05,
            "book_valuer_per_share_4q_avg": 19.95,
            "equity": 1353784,
            "current_ratio": 44.21,
            "debt_ratio": 59.62,
            "inventory_turnover_ratio": 5.22,
            "account_receivable_turnover_ratio": 8.22,
            "reinvestment_rate": null,
            "research_to_sale_ratio": 0,
            "price_fair": 0.12,
            "eps_avg_yearly": 0.04,
            "eps_latest_yearly": 0.04,
            "eps_growth_yearly": -397.08
        },
        "20194": {
            "year_quarter": 20194,
            "year": 2019,
            "quarter": 4,
            "eps": -0.6,
            "eps_growth_year": -143.93,
            "eps_4q": -2.52,
            "eps_4q_growth_year": -872.18,
            "roe": -3.21,
            "roe_4q": -12.81,
            "gross_profit": 219873,
            "gross_margin": 58.82,
            "gross_margin_4q_avg": 52.59,
            "net_income": -42793,
            "revenue": 373803,
            "common_shares": 726000,
            "book_valuer_per_share": 18.45,
            "book_valuer_per_share_4q_avg": 19.56,
            "equity": 1311570,
            "current_ratio": 46.49,
            "debt_ratio": 61.82,
            "inventory_turnover_ratio": 5.97,
            "account_receivable_turnover_ratio": 13.25,
            "reinvestment_rate": null,
            "research_to_sale_ratio": 0,
            "price_fair": 0.12,
            "eps_avg_yearly": 0.04,
            "eps_latest_yearly": 0.04,
            "eps_growth_yearly": -397.08
        },
        "20201": {
            "year_quarter": 20201,
            "year": 2020,
            "quarter": 1,
            "eps": -0.71,
            "eps_growth_year": -7200,
            "eps_4q": -3.24,
            "eps_4q_growth_year": -971.38,
            "roe": -3.94,
            "roe_4q": -16.790000000000003,
            "gross_profit": 140075,
            "gross_margin": 49.87,
            "gross_margin_4q_avg": 50.98,
            "net_income": -50460,
            "revenue": 280884,
            "common_shares": 726000,
            "book_valuer_per_share": 17.62,
            "book_valuer_per_share_4q_avg": 18.85,
            "equity": 1252592,
            "current_ratio": 34.62,
            "debt_ratio": 60.01,
            "inventory_turnover_ratio": 5.21,
            "account_receivable_turnover_ratio": 11.48,
            "reinvestment_rate": null,
            "research_to_sale_ratio": null,
            "price_fair": 0.12,
            "eps_avg_yearly": 0.04,
            "eps_latest_yearly": 0.04,
            "eps_growth_yearly": -397.08
        },
        "20202": {
            "year_quarter": 20202,
            "year": 2020,
            "quarter": 2,
            "eps": -4.31,
            "eps_growth_year": null,
            "eps_4q": -6.86,
            "eps_4q_growth_year": null,
            "roe": -28.11,
            "roe_4q": -41.55,
            "gross_profit": 9151,
            "gross_margin": 10.22,
            "gross_margin_4q_avg": 40.73,
            "net_income": -306611,
            "revenue": 89582,
            "common_shares": 726000,
            "book_valuer_per_share": 13.07,
            "book_valuer_per_share_4q_avg": 17.05,
            "equity": 928981,
            "current_ratio": 17.49,
            "debt_ratio": 67.29,
            "inventory_turnover_ratio": 3.41,
            "account_receivable_turnover_ratio": 5.33,
            "reinvestment_rate": null,
            "research_to_sale_ratio": null,
            "price_fair": 0.12,
            "eps_avg_yearly": 0.04,
            "eps_latest_yearly": 0.04,
            "eps_growth_yearly": -397.08
        },
        "20203": {
            "year_quarter": 20203,
            "year": 2020,
            "quarter": 3,
            "eps": -0.95,
            "eps_growth_year": null,
            "eps_4q": -6.58,
            "eps_4q_growth_year": null,
            "roe": -7.55,
            "roe_4q": -42.809999999999995,
            "gross_profit": 98318,
            "gross_margin": 45.86,
            "gross_margin_4q_avg": 41.19,
            "net_income": -67668,
            "revenue": 214408,
            "common_shares": 726000,
            "book_valuer_per_share": 12.14,
            "book_valuer_per_share_4q_avg": 15.32,
            "equity": 863013,
            "current_ratio": 24.43,
            "debt_ratio": 69.39,
            "inventory_turnover_ratio": 4.97,
            "account_receivable_turnover_ratio": 11.06,
            "reinvestment_rate": null,
            "research_to_sale_ratio": null,
            "price_fair": 0.12,
            "eps_avg_yearly": 0.04,
            "eps_latest_yearly": 0.04,
            "eps_growth_yearly": -397.08
        },
        "20204": {
            "year_quarter": 20204,
            "year": 2020,
            "quarter": 4,
            "eps": -0.21,
            "eps_growth_year": null,
            "eps_4q": -6.19,
            "eps_4q_growth_year": null,
            "roe": -1.93,
            "roe_4q": -41.53,
            "gross_profit": 228759,
            "gross_margin": 59.48,
            "gross_margin_4q_avg": 41.36,
            "net_income": -16480,
            "revenue": 384600,
            "common_shares": 726000,
            "book_valuer_per_share": 11.87,
            "book_valuer_per_share_4q_avg": 13.68,
            "equity": 845722,
            "current_ratio": 35.52,
            "debt_ratio": 71.76,
            "inventory_turnover_ratio": 6.44,
            "account_receivable_turnover_ratio": 17.23,
            "reinvestment_rate": null,
            "research_to_sale_ratio": null,
            "price_fair": 0.12,
            "eps_avg_yearly": 0.04,
            "eps_latest_yearly": 0.04,
            "eps_growth_yearly": -397.08
        },
        "20211": {
            "year_quarter": 20211,
            "year": 2021,
            "quarter": 1,
            "eps": -0.46,
            "eps_growth_year": null,
            "eps_4q": -5.93,
            "eps_4q_growth_year": null,
            "roe": -3.92,
            "roe_4q": -41.51,
            "gross_profit": 142903,
            "gross_margin": 50.16,
            "gross_margin_4q_avg": 41.43,
            "net_income": -32498,
            "revenue": 284893,
            "common_shares": 726000,
            "book_valuer_per_share": 11.41,
            "book_valuer_per_share_4q_avg": 12.12,
            "equity": 813224,
            "current_ratio": 30.64,
            "debt_ratio": 70.86,
            "inventory_turnover_ratio": 6.16,
            "account_receivable_turnover_ratio": 13.5,
            "reinvestment_rate": null,
            "research_to_sale_ratio": null,
            "price_fair": 0.12,
            "eps_avg_yearly": 0.04,
            "eps_latest_yearly": 0.04,
            "eps_growth_yearly": -397.08
        },
        "20212": {
            "year_quarter": 20212,
            "year": 2021,
            "quarter": 2,
            "eps": -2.2,
            "eps_growth_year": null,
            "eps_4q": -3.82,
            "eps_4q_growth_year": null,
            "roe": -21.36,
            "roe_4q": -34.76,
            "gross_profit": 28691,
            "gross_margin": 26.95,
            "gross_margin_4q_avg": 45.61,
            "net_income": -156830,
            "revenue": 106448,
            "common_shares": 726000,
            "book_valuer_per_share": 9.22,
            "book_valuer_per_share_4q_avg": 11.16,
            "equity": 655375,
            "current_ratio": 26.04,
            "debt_ratio": 74.59,
            "inventory_turnover_ratio": 3.49,
            "account_receivable_turnover_ratio": 9.46,
            "reinvestment_rate": null,
            "research_to_sale_ratio": null,
            "price_fair": 0.12,
            "eps_avg_yearly": 0.04,
            "eps_latest_yearly": 0.04,
            "eps_growth_yearly": -397.08
        },
        "20213": {
            "year_quarter": 20213,
            "year": 2021,
            "quarter": 3,
            "eps": -1.92,
            "eps_growth_year": null,
            "eps_4q": -4.78,
            "eps_4q_growth_year": null,
            "roe": -23.38,
            "roe_4q": -50.589999999999996,
            "gross_profit": -13247,
            "gross_margin": -43.23,
            "gross_margin_4q_avg": 23.34,
            "net_income": -136597,
            "revenue": 30646,
            "common_shares": 726000,
            "book_valuer_per_share": 7.21,
            "book_valuer_per_share_4q_avg": 9.93,
            "equity": 512931,
            "current_ratio": 16.3,
            "debt_ratio": 78.55,
            "inventory_turnover_ratio": 2.01,
            "account_receivable_turnover_ratio": 6.46,
            "reinvestment_rate": null,
            "research_to_sale_ratio": null,
            "price_fair": 0.12,
            "eps_avg_yearly": 0.04,
            "eps_latest_yearly": 0.04,
            "eps_growth_yearly": -397.08
        },
        "20214": {
            "year_quarter": 20214,
            "year": 2021,
            "quarter": 4,
            "eps": -2.07,
            "eps_growth_year": null,
            "eps_4q": -6.64,
            "eps_4q_growth_year": null,
            "roe": -33.24,
            "roe_4q": -81.9,
            "gross_profit": 95068,
            "gross_margin": 49.69,
            "gross_margin_4q_avg": 20.89,
            "net_income": -146854,
            "revenue": 191339,
            "common_shares": 726000,
            "book_valuer_per_share": 5.21,
            "book_valuer_per_share_4q_avg": 8.26,
            "equity": 370739,
            "current_ratio": 54.4,
            "debt_ratio": 82.19,
            "inventory_turnover_ratio": 4.74,
            "account_receivable_turnover_ratio": 22.29,
            "reinvestment_rate": null,
            "research_to_sale_ratio": null,
            "price_fair": 0.12,
            "eps_avg_yearly": 0.04,
            "eps_latest_yearly": 0.04,
            "eps_growth_yearly": -397.08
        },
        "20221": {
            "year_quarter": 20221,
            "year": 2022,
            "quarter": 1,
            "eps": 0.57,
            "eps_growth_year": null,
            "eps_4q": -5.62,
            "eps_4q_growth_year": null,
            "roe": 10.38,
            "roe_4q": -67.6,
            "gross_profit": 96427,
            "gross_margin": 48.05,
            "gross_margin_4q_avg": 20.37,
            "net_income": 40236,
            "revenue": 200680,
            "common_shares": 710980,
            "book_valuer_per_share": 5.69,
            "book_valuer_per_share_4q_avg": 6.83,
            "equity": 404394,
            "current_ratio": 41.81,
            "debt_ratio": 78.97,
            "inventory_turnover_ratio": 5.56,
            "account_receivable_turnover_ratio": 17.25,
            "reinvestment_rate": null,
            "research_to_sale_ratio": null,
            "price_fair": 0.12,
            "eps_avg_yearly": 0.04,
            "eps_latest_yearly": 0.04,
            "eps_growth_yearly": -397.08
        },
        "20222": {
            "year_quarter": 20222,
            "year": 2022,
            "quarter": 2,
            "eps": -1.25,
            "eps_growth_year": null,
            "eps_4q": -4.67,
            "eps_4q_growth_year": null,
            "roe": -24.9,
            "roe_4q": -71.14,
            "gross_profit": 19095,
            "gross_margin": 22.28,
            "gross_margin_4q_avg": 19.2,
            "net_income": -89089,
            "revenue": 85691,
            "common_shares": 710980,
            "book_valuer_per_share": 4.38,
            "book_valuer_per_share_4q_avg": 5.62,
            "equity": 311280,
            "current_ratio": 28.72,
            "debt_ratio": 82.69,
            "inventory_turnover_ratio": 4.2,
            "account_receivable_turnover_ratio": 12.67,
            "reinvestment_rate": null,
            "research_to_sale_ratio": null,
            "price_fair": 0.12,
            "eps_avg_yearly": 0.04,
            "eps_latest_yearly": 0.04,
            "eps_growth_yearly": -397.08
        },
        "20223": {
            "year_quarter": 20223,
            "year": 2022,
            "quarter": 3,
            "eps": -1.43,
            "eps_growth_year": null,
            "eps_4q": -6.03,
            "eps_4q_growth_year": null,
            "roe": -21.62,
            "roe_4q": -69.38,
            "gross_profit": 45336,
            "gross_margin": 33.12,
            "gross_margin_4q_avg": 38.29,
            "net_income": -60896,
            "revenue": 136899,
            "common_shares": 425250,
            "book_valuer_per_share": 5.93,
            "book_valuer_per_share_4q_avg": 5.3,
            "equity": 252069,
            "current_ratio": 23.08,
            "debt_ratio": 85.37,
            "inventory_turnover_ratio": 5.68,
            "account_receivable_turnover_ratio": 49.77,
            "reinvestment_rate": null,
            "research_to_sale_ratio": null,
            "price_fair": 0.12,
            "eps_avg_yearly": 0.04,
            "eps_latest_yearly": 0.04,
            "eps_growth_yearly": -397.08
        },
        "20224": {
            "year_quarter": 20224,
            "year": 2022,
            "quarter": 4,
            "eps": 0.12,
            "eps_growth_year": null,
            "eps_4q": -2.46,
            "eps_4q_growth_year": null,
            "roe": 1.97,
            "roe_4q": -34.169999999999995,
            "gross_profit": 117674,
            "gross_margin": 50.92,
            "gross_margin_4q_avg": 38.59,
            "net_income": 5082,
            "revenue": 231079,
            "common_shares": 425250,
            "book_valuer_per_share": 6.2,
            "book_valuer_per_share_4q_avg": 5.55,
            "equity": 263484,
            "current_ratio": 24.36,
            "debt_ratio": 84.34,
            "inventory_turnover_ratio": 5.52,
            "account_receivable_turnover_ratio": 38.65,
            "reinvestment_rate": null,
            "research_to_sale_ratio": null,
            "price_fair": 0.12,
            "eps_avg_yearly": 0.04,
            "eps_latest_yearly": 0.04,
            "eps_growth_yearly": -397.08
        },
        "20231": {
            "year_quarter": 20231,
            "year": 2023,
            "quarter": 1,
            "eps": 0.04,
            "eps_growth_year": -92.98,
            "eps_4q": -3.36,
            "eps_4q_growth_year": null,
            "roe": 0.71,
            "roe_4q": -43.84,
            "gross_profit": 109504,
            "gross_margin": 49.58,
            "gross_margin_4q_avg": 38.98,
            "net_income": 1875,
            "revenue": 220843,
            "common_shares": 425250,
            "book_valuer_per_share": 6.28,
            "book_valuer_per_share_4q_avg": 5.7,
            "equity": 267093,
            "current_ratio": 19.86,
            "debt_ratio": 83.14,
            "inventory_turnover_ratio": 5.15,
            "account_receivable_turnover_ratio": 23.79,
            "reinvestment_rate": null,
            "research_to_sale_ratio": null,
            "price_fair": 0.48,
            "eps_avg_yearly": 0.16,
            "eps_latest_yearly": 0.16,
            "eps_growth_yearly": -266.67
        }
    },
    "months": {
        "2006-09": {
            "month": "2006-09",
            "price": "65.25",
            "revenue": 107018
        },
        "2006-10": {
            "month": "2006-10",
            "price": "49.38",
            "revenue": 108176
        },
        "2006-11": {
            "month": "2006-11",
            "price": "44.78",
            "revenue": 105846
        },
        "2006-12": {
            "month": "2006-12",
            "price": "40.22",
            "revenue": 85292
        },
        "2007-01": {
            "month": "2007-01",
            "price": "43.40",
            "revenue": 78848
        },
        "2007-02": {
            "month": "2007-02",
            "price": "44.53",
            "revenue": 63338
        },
        "2007-03": {
            "month": "2007-03",
            "price": "46.16",
            "revenue": 98652
        },
        "2007-04": {
            "month": "2007-04",
            "price": "51.42",
            "revenue": 105655
        },
        "2007-05": {
            "month": "2007-05",
            "price": "49.51",
            "revenue": 115611
        },
        "2007-06": {
            "month": "2007-06",
            "price": "56.83",
            "revenue": 115725
        },
        "2007-07": {
            "month": "2007-07",
            "price": "69.58",
            "revenue": 136086
        },
        "2007-08": {
            "month": "2007-08",
            "price": "66.12",
            "revenue": 172177
        },
        "2007-09": {
            "month": "2007-09",
            "price": "60.65",
            "revenue": 196333
        },
        "2007-10": {
            "month": "2007-10",
            "price": "61.33",
            "revenue": 193634
        },
        "2007-11": {
            "month": "2007-11",
            "price": "45.02",
            "revenue": 180835
        },
        "2007-12": {
            "month": "2007-12",
            "price": "40.20",
            "revenue": 185205
        },
        "2008-01": {
            "month": "2008-01",
            "price": "33.45",
            "revenue": 208298
        },
        "2008-02": {
            "month": "2008-02",
            "price": "28.69",
            "revenue": 146173
        },
        "2008-03": {
            "month": "2008-03",
            "price": "30.60",
            "revenue": 173827
        },
        "2008-04": {
            "month": "2008-04",
            "price": "34.49",
            "revenue": 166709
        },
        "2008-05": {
            "month": "2008-05",
            "price": "32.45",
            "revenue": 159652
        },
        "2008-06": {
            "month": "2008-06",
            "price": "25.39",
            "revenue": 108254
        },
        "2008-07": {
            "month": "2008-07",
            "price": "18.11",
            "revenue": 101129
        },
        "2008-08": {
            "month": "2008-08",
            "price": "16.21",
            "revenue": 121331
        },
        "2008-09": {
            "month": "2008-09",
            "price": "13.81",
            "revenue": 129782
        },
        "2008-10": {
            "month": "2008-10",
            "price": "10.34",
            "revenue": 93160
        },
        "2008-11": {
            "month": "2008-11",
            "price": "7.94",
            "revenue": 41451
        },
        "2008-12": {
            "month": "2008-12",
            "price": "6.96",
            "revenue": 36318
        },
        "2009-01": {
            "month": "2009-01",
            "price": "6.98",
            "revenue": 58019
        },
        "2009-02": {
            "month": "2009-02",
            "price": "7.58",
            "revenue": 66825
        },
        "2009-03": {
            "month": "2009-03",
            "price": "9.91",
            "revenue": 90038
        },
        "2009-04": {
            "month": "2009-04",
            "price": "13.54",
            "revenue": 105371
        },
        "2009-05": {
            "month": "2009-05",
            "price": "15.03",
            "revenue": 105423
        },
        "2009-06": {
            "month": "2009-06",
            "price": "13.57",
            "revenue": 95184
        },
        "2009-07": {
            "month": "2009-07",
            "price": "14.15",
            "revenue": 116436
        },
        "2009-08": {
            "month": "2009-08",
            "price": "14.22",
            "revenue": 159827
        },
        "2009-09": {
            "month": "2009-09",
            "price": "16.96",
            "revenue": 161316
        },
        "2009-10": {
            "month": "2009-10",
            "price": "18.21",
            "revenue": 148458
        },
        "2009-11": {
            "month": "2009-11",
            "price": "17.42",
            "revenue": 171817
        },
        "2009-12": {
            "month": "2009-12",
            "price": "25.58",
            "revenue": 156225
        },
        "2010-01": {
            "month": "2010-01",
            "price": "33.54",
            "revenue": 180479
        },
        "2010-02": {
            "month": "2010-02",
            "price": "29.07",
            "revenue": 172206
        },
        "2010-03": {
            "month": "2010-03",
            "price": "32.96",
            "revenue": 200407
        },
        "2010-04": {
            "month": "2010-04",
            "price": "32.74",
            "revenue": 183073
        },
        "2010-05": {
            "month": "2010-05",
            "price": "29.00",
            "revenue": 217057
        },
        "2010-06": {
            "month": "2010-06",
            "price": "28.35",
            "revenue": 154767
        },
        "2010-07": {
            "month": "2010-07",
            "price": "28.03",
            "revenue": 219265
        },
        "2010-08": {
            "month": "2010-08",
            "price": "31.84",
            "revenue": 219454
        },
        "2010-09": {
            "month": "2010-09",
            "price": "31.25",
            "revenue": 208593
        },
        "2010-10": {
            "month": "2010-10",
            "price": "29.80",
            "revenue": 178602
        },
        "2010-11": {
            "month": "2010-11",
            "price": "25.22",
            "revenue": 178082
        },
        "2010-12": {
            "month": "2010-12",
            "price": "26.15",
            "revenue": 181909
        },
        "2011-01": {
            "month": "2011-01",
            "price": "24.98",
            "revenue": 252850
        },
        "2011-02": {
            "month": "2011-02",
            "price": "26.35",
            "revenue": 209281
        },
        "2011-03": {
            "month": "2011-03",
            "price": "28.17",
            "revenue": 257004
        },
        "2011-04": {
            "month": "2011-04",
            "price": "26.61",
            "revenue": 234672
        },
        "2011-05": {
            "month": "2011-05",
            "price": "28.16",
            "revenue": 229363
        },
        "2011-06": {
            "month": "2011-06",
            "price": "29.26",
            "revenue": 184226
        },
        "2011-07": {
            "month": "2011-07",
            "price": "24.82",
            "revenue": 218348
        },
        "2011-08": {
            "month": "2011-08",
            "price": "17.99",
            "revenue": 203279
        },
        "2011-09": {
            "month": "2011-09",
            "price": "15.63",
            "revenue": 203991
        },
        "2011-10": {
            "month": "2011-10",
            "price": "15.86",
            "revenue": 189642
        },
        "2011-11": {
            "month": "2011-11",
            "price": "14.16",
            "revenue": 152284
        },
        "2011-12": {
            "month": "2011-12",
            "price": "11.30",
            "revenue": 141481
        },
        "2012-01": {
            "month": "2012-01",
            "price": "12.25",
            "revenue": 170222
        },
        "2012-02": {
            "month": "2012-02",
            "price": "15.39",
            "revenue": 184957
        },
        "2012-03": {
            "month": "2012-03",
            "price": "15.05",
            "revenue": 223182
        },
        "2012-04": {
            "month": "2012-04",
            "price": "12.56",
            "revenue": 221678
        },
        "2012-05": {
            "month": "2012-05",
            "price": "11.25",
            "revenue": 216173
        },
        "2012-06": {
            "month": "2012-06",
            "price": "10.48",
            "revenue": 198737
        },
        "2012-07": {
            "month": "2012-07",
            "price": "10.54",
            "revenue": 246130
        },
        "2012-08": {
            "month": "2012-08",
            "price": "10.75",
            "revenue": 270256
        },
        "2012-09": {
            "month": "2012-09",
            "price": "13.48",
            "revenue": 254329
        },
        "2012-10": {
            "month": "2012-10",
            "price": "12.40",
            "revenue": 273430
        },
        "2012-11": {
            "month": "2012-11",
            "price": "12.33",
            "revenue": 241129
        },
        "2012-12": {
            "month": "2012-12",
            "price": "13.26",
            "revenue": 211517
        },
        "2013-01": {
            "month": "2013-01",
            "price": "13.64",
            "revenue": 243499
        },
        "2013-02": {
            "month": "2013-02",
            "price": "14.52",
            "revenue": 207657
        },
        "2013-03": {
            "month": "2013-03",
            "price": "15.67",
            "revenue": 269619
        },
        "2013-04": {
            "month": "2013-04",
            "price": "15.28",
            "revenue": 259009
        },
        "2013-05": {
            "month": "2013-05",
            "price": "16.21",
            "revenue": 250253
        },
        "2013-06": {
            "month": "2013-06",
            "price": "15.19",
            "revenue": 211664
        },
        "2013-07": {
            "month": "2013-07",
            "price": "14.69",
            "revenue": 233109
        },
        "2013-08": {
            "month": "2013-08",
            "price": "14.66",
            "revenue": 231887
        },
        "2013-09": {
            "month": "2013-09",
            "price": "15.10",
            "revenue": 224015
        },
        "2013-10": {
            "month": "2013-10",
            "price": "15.01",
            "revenue": 177456
        },
        "2013-11": {
            "month": "2013-11",
            "price": "14.02",
            "revenue": 179133
        },
        "2013-12": {
            "month": "2013-12",
            "price": "13.62",
            "revenue": 199565
        },
        "2014-01": {
            "month": "2014-01",
            "price": "14.84",
            "revenue": 246104
        },
        "2014-02": {
            "month": "2014-02",
            "price": "15.28",
            "revenue": 167380
        },
        "2014-03": {
            "month": "2014-03",
            "price": "15.24",
            "revenue": 222477
        },
        "2014-04": {
            "month": "2014-04",
            "price": "14.72",
            "revenue": 217314
        },
        "2014-05": {
            "month": "2014-05",
            "price": "14.54",
            "revenue": 181074
        },
        "2014-06": {
            "month": "2014-06",
            "price": "14.94",
            "revenue": 160218
        },
        "2014-07": {
            "month": "2014-07",
            "price": "15.68",
            "revenue": 186295
        },
        "2014-08": {
            "month": "2014-08",
            "price": "16.97",
            "revenue": 167908
        },
        "2014-09": {
            "month": "2014-09",
            "price": "15.58",
            "revenue": 199760
        },
        "2014-10": {
            "month": "2014-10",
            "price": "14.19",
            "revenue": 169104
        },
        "2014-11": {
            "month": "2014-11",
            "price": "14.28",
            "revenue": 150471
        },
        "2014-12": {
            "month": "2014-12",
            "price": "15.56",
            "revenue": 140332
        },
        "2015-01": {
            "month": "2015-01",
            "price": "15.81",
            "revenue": 151924
        },
        "2015-02": {
            "month": "2015-02",
            "price": "15.54",
            "revenue": 109532
        },
        "2015-03": {
            "month": "2015-03",
            "price": "15.22",
            "revenue": 149373
        },
        "2015-04": {
            "month": "2015-04",
            "price": "14.20",
            "revenue": 140613
        },
        "2015-05": {
            "month": "2015-05",
            "price": "12.59",
            "revenue": 115112
        },
        "2015-06": {
            "month": "2015-06",
            "price": "11.10",
            "revenue": 112510
        },
        "2015-07": {
            "month": "2015-07",
            "price": "10.03",
            "revenue": 130557
        },
        "2015-08": {
            "month": "2015-08",
            "price": "9.00",
            "revenue": 144071
        },
        "2015-09": {
            "month": "2015-09",
            "price": "9.41",
            "revenue": 153649
        },
        "2015-10": {
            "month": "2015-10",
            "price": "10.27",
            "revenue": 110721
        },
        "2015-11": {
            "month": "2015-11",
            "price": "10.52",
            "revenue": 93142
        },
        "2015-12": {
            "month": "2015-12",
            "price": "9.85",
            "revenue": 97469
        },
        "2016-01": {
            "month": "2016-01",
            "price": "9.88",
            "revenue": 112675
        },
        "2016-02": {
            "month": "2016-02",
            "price": "10.43",
            "revenue": 63494
        },
        "2016-03": {
            "month": "2016-03",
            "price": "11.97",
            "revenue": 109805
        },
        "2016-04": {
            "month": "2016-04",
            "price": "14.03",
            "revenue": 110681
        },
        "2016-05": {
            "month": "2016-05",
            "price": "15.21",
            "revenue": 104755
        },
        "2016-06": {
            "month": "2016-06",
            "price": "21.30",
            "revenue": 99069
        },
        "2016-07": {
            "month": "2016-07",
            "price": "39.40",
            "revenue": 105312
        },
        "2016-08": {
            "month": "2016-08",
            "price": "53.45",
            "revenue": 108926
        },
        "2016-09": {
            "month": "2016-09",
            "price": "51.99",
            "revenue": 102576
        },
        "2016-10": {
            "month": "2016-10",
            "price": "42.99",
            "revenue": 109513
        },
        "2016-11": {
            "month": "2016-11",
            "price": "42.42",
            "revenue": 96576
        },
        "2016-12": {
            "month": "2016-12",
            "price": "46.70",
            "revenue": 119649
        },
        "2017-01": {
            "month": "2017-01",
            "price": "44.83",
            "revenue": 134898
        },
        "2017-02": {
            "month": "2017-02",
            "price": "45.07",
            "revenue": 82726
        },
        "2017-03": {
            "month": "2017-03",
            "price": "43.88",
            "revenue": 78740
        },
        "2017-04": {
            "month": "2017-04",
            "price": "42.41",
            "revenue": 77013
        },
        "2017-05": {
            "month": "2017-05",
            "price": "44.87",
            "revenue": 73033
        },
        "2017-06": {
            "month": "2017-06",
            "price": "46.60",
            "revenue": 69753
        },
        "2017-07": {
            "month": "2017-07",
            "price": "44.36",
            "revenue": 129622
        },
        "2017-08": {
            "month": "2017-08",
            "price": "40.88",
            "revenue": 117526
        },
        "2017-09": {
            "month": "2017-09",
            "price": "37.91",
            "revenue": 113462
        },
        "2017-10": {
            "month": "2017-10",
            "price": "37.40",
            "revenue": 184251
        },
        "2017-11": {
            "month": "2017-11",
            "price": "38.00",
            "revenue": 188690
        },
        "2017-12": {
            "month": "2017-12",
            "price": "37.05",
            "revenue": 214642
        },
        "2018-01": {
            "month": "2018-01",
            "price": "38.27",
            "revenue": 192496
        },
        "2018-02": {
            "month": "2018-02",
            "price": "36.53",
            "revenue": 145130
        },
        "2018-03": {
            "month": "2018-03",
            "price": "38.31",
            "revenue": 126976
        },
        "2018-04": {
            "month": "2018-04",
            "price": "36.39",
            "revenue": 110643
        },
        "2018-05": {
            "month": "2018-05",
            "price": "31.98",
            "revenue": 124682
        },
        "2018-06": {
            "month": "2018-06",
            "price": "28.47",
            "revenue": 138755
        },
        "2018-07": {
            "month": "2018-07",
            "price": "26.83",
            "revenue": 85720
        },
        "2018-08": {
            "month": "2018-08",
            "price": "27.92",
            "revenue": 68914
        },
        "2018-09": {
            "month": "2018-09",
            "price": "26.45",
            "revenue": 86623
        },
        "2018-10": {
            "month": "2018-10",
            "price": "25.18",
            "revenue": 140919
        },
        "2018-11": {
            "month": "2018-11",
            "price": "25.39",
            "revenue": 102836
        },
        "2018-12": {
            "month": "2018-12",
            "price": "27.58",
            "revenue": 160381
        },
        "2019-01": {
            "month": "2019-01",
            "price": "27.18",
            "revenue": 168662
        },
        "2019-02": {
            "month": "2019-02",
            "price": "26.81",
            "revenue": 85610
        },
        "2019-03": {
            "month": "2019-03",
            "price": "26.82",
            "revenue": 102022
        },
        "2019-04": {
            "month": "2019-04",
            "price": "26.54",
            "revenue": 62599
        },
        "2019-05": {
            "month": "2019-05",
            "price": "25.15",
            "revenue": 74909
        },
        "2019-06": {
            "month": "2019-06",
            "price": "24.68",
            "revenue": 107642
        },
        "2019-07": {
            "month": "2019-07",
            "price": "23.50",
            "revenue": 81183
        },
        "2019-08": {
            "month": "2019-08",
            "price": "21.45",
            "revenue": 56023
        },
        "2019-09": {
            "month": "2019-09",
            "price": "22.07",
            "revenue": 70663
        },
        "2019-10": {
            "month": "2019-10",
            "price": "20.18",
            "revenue": 109694
        },
        "2019-11": {
            "month": "2019-11",
            "price": "18.75",
            "revenue": 124480
        },
        "2019-12": {
            "month": "2019-12",
            "price": "18.43",
            "revenue": 139629
        },
        "2020-01": {
            "month": "2020-01",
            "price": "17.31",
            "revenue": 193661
        },
        "2020-02": {
            "month": "2020-02",
            "price": "15.94",
            "revenue": 48999
        },
        "2020-03": {
            "month": "2020-03",
            "price": "14.74",
            "revenue": 38217
        },
        "2020-04": {
            "month": "2020-04",
            "price": "9.83",
            "revenue": 14049
        },
        "2020-05": {
            "month": "2020-05",
            "price": "10.21",
            "revenue": 36410
        },
        "2020-06": {
            "month": "2020-06",
            "price": "11.98",
            "revenue": 39272
        },
        "2020-07": {
            "month": "2020-07",
            "price": "11.16",
            "revenue": 71793
        },
        "2020-08": {
            "month": "2020-08",
            "price": "10.29",
            "revenue": 66290
        },
        "2020-09": {
            "month": "2020-09",
            "price": "11.20",
            "revenue": 76481
        },
        "2020-10": {
            "month": "2020-10",
            "price": "10.65",
            "revenue": 119094
        },
        "2020-11": {
            "month": "2020-11",
            "price": "12.39",
            "revenue": 104552
        },
        "2020-12": {
            "month": "2020-12",
            "price": "15.46",
            "revenue": 161082
        },
        "2021-01": {
            "month": "2021-01",
            "price": "12.24",
            "revenue": 130891
        },
        "2021-02": {
            "month": "2021-02",
            "price": "12.39",
            "revenue": 79098
        },
        "2021-03": {
            "month": "2021-03",
            "price": "14.01",
            "revenue": 74885
        },
        "2021-04": {
            "month": "2021-04",
            "price": "13.85",
            "revenue": 68176
        },
        "2021-05": {
            "month": "2021-05",
            "price": "10.86",
            "revenue": 34064
        },
        "2021-06": {
            "month": "2021-06",
            "price": "10.23",
            "revenue": 4211
        },
        "2021-07": {
            "month": "2021-07",
            "price": "12.85",
            "revenue": 4496
        },
        "2021-08": {
            "month": "2021-08",
            "price": "11.78",
            "revenue": 10966
        },
        "2021-09": {
            "month": "2021-09",
            "price": "11.40",
            "revenue": 15201
        },
        "2021-10": {
            "month": "2021-10",
            "price": "11.90",
            "revenue": 34319
        },
        "2021-11": {
            "month": "2021-11",
            "price": "11.53",
            "revenue": 58488
        },
        "2021-12": {
            "month": "2021-12",
            "price": "10.48",
            "revenue": 96515
        },
        "2022-01": {
            "month": "2022-01",
            "price": "9.45",
            "revenue": 97231
        },
        "2022-02": {
            "month": "2022-02",
            "price": "10.09",
            "revenue": 33594
        },
        "2022-03": {
            "month": "2022-03",
            "price": "9.86",
            "revenue": 69555
        },
        "2022-04": {
            "month": "2022-04",
            "price": "10.17",
            "revenue": 35646
        },
        "2022-05": {
            "month": "2022-05",
            "price": "10.66",
            "revenue": 27597
        },
        "2022-06": {
            "month": "2022-06",
            "price": "10.97",
            "revenue": 22622
        },
        "2022-07": {
            "month": "2022-07",
            "price": "9.95",
            "revenue": 36867
        },
        "2022-08": {
            "month": "2022-08",
            "price": "10.34",
            "revenue": 40618
        },
        "2022-09": {
            "month": "2022-09",
            "price": "11.73",
            "revenue": 59310
        },
        "2022-10": {
            "month": "2022-10",
            "price": "10.07",
            "revenue": 62839
        },
        "2022-11": {
            "month": "2022-11",
            "price": "10.08",
            "revenue": 63040
        },
        "2022-12": {
            "month": "2022-12",
            "price": "10.08",
            "revenue": 104325
        },
        "2023-01": {
            "month": "2023-01",
            "price": "10.33",
            "revenue": 110817
        },
        "2023-02": {
            "month": "2023-02",
            "price": "10.95",
            "revenue": 54992
        },
        "2023-03": {
            "month": "2023-03",
            "price": "11.63",
            "revenue": 54175
        },
        "2023-04": {
            "month": "2023-04",
            "price": "13.63",
            "revenue": 47223
        },
        "2023-05": {
            "month": "2023-05",
            "price": "17.18",
            "revenue": 57371
        }
    }
}
