{
    "summary": {
        "stock_name": "迎輝",
        "stock_id": "3523",
        "category": "光電",
        "main_business": "光學與光電膜材<br>精密光學與光電膜加工<br>各式顯示器膜材開發製作",
        "website_url": "http://www.efun.com.tw",
        "ceo": "呂英宗",
        "pe_ratio": -7,
        "report_year_from": 2006,
        "report_year_to": 2023,
        "age": 17,
        "eps_negative_percentage": 78,
        "eps_growth_avg": {
            "last_all": -84.69,
            "last_2y": null,
            "last_4y": -100,
            "last_8y": -100,
            "last_12y": -100,
            "last_16y": null,
            "last_20y": null,
            "at_2006_last_3y": null,
            "at_2007_last_3y": null,
            "at_2008_last_3y": null,
            "at_2009_last_3y": null,
            "at_2010_last_3y": -79.59,
            "at_2011_last_3y": -92.42,
            "at_2012_last_3y": -100,
            "at_2013_last_3y": null,
            "at_2014_last_3y": null,
            "at_2015_last_3y": null,
            "at_2016_last_3y": null,
            "at_2017_last_3y": null,
            "at_2018_last_3y": -100,
            "at_2019_last_3y": -100,
            "at_2020_last_3y": -100,
            "at_2021_last_3y": -100,
            "at_2022_last_3y": null,
            "at_2023_last_3y": null,
            "at_2006_last_all": null,
            "at_2007_last_all": null,
            "at_2008_last_all": -69.39,
            "at_2009_last_all": -79.59,
            "at_2010_last_all": -79.59,
            "at_2011_last_all": -79.59,
            "at_2012_last_all": -79.59,
            "at_2013_last_all": -79.59,
            "at_2014_last_all": -79.59,
            "at_2015_last_all": -79.59,
            "at_2016_last_all": -79.59,
            "at_2017_last_all": -79.59,
            "at_2018_last_all": -84.69,
            "at_2019_last_all": -84.69,
            "at_2020_last_all": -84.69,
            "at_2021_last_all": -84.69,
            "at_2022_last_all": -84.69,
            "at_2023_last_all": -84.69
        },
        "latest_eps": -2.31,
        "latest_price": 16.95,
        "latest_roe": -43.21,
        "latest_gross_margin": -38,
        "latest_equity": 252839,
        "latest_revenue": 36922,
        "latest_gross_profit": -14029,
        "latest_net_income": -46158,
        "latest_debt_ratio": 80.28,
        "latest_current_ratio": 66.39,
        "latest_account_receivable_turnover_ratio": 1.24,
        "latest_inventory_turnover_ratio": 1.03,
        "latest_reinvestment_rate": null,
        "latest_research_to_sale_ratio": 20.62
    },
    "eps_dividends": {
        "2001": {
            "cash": 0,
            "stock": 0,
            "eps": 0
        },
        "2002": {
            "cash": 0,
            "stock": 0,
            "eps": 0
        },
        "2003": {
            "cash": 0,
            "stock": 0,
            "eps": 0
        },
        "2004": {
            "cash": 0,
            "stock": 0,
            "eps": 0
        },
        "2005": {
            "cash": 0,
            "stock": 0,
            "eps": 0
        },
        "2006": {
            "cash": 0,
            "stock": 0,
            "eps": 21.77
        },
        "2007": {
            "cash": 9,
            "stock": 3,
            "eps": 10.03
        },
        "2008": {
            "cash": 6,
            "stock": 0,
            "eps": 1.52
        },
        "2009": {
            "cash": 1,
            "stock": 1,
            "eps": -1.5
        },
        "2010": {
            "cash": 0,
            "stock": 0,
            "eps": -1.93
        },
        "2011": {
            "cash": 0,
            "stock": 0,
            "eps": -0.69
        },
        "2012": {
            "cash": 0,
            "stock": 0,
            "eps": -3.95
        },
        "2013": {
            "cash": 0,
            "stock": 0,
            "eps": -3.82
        },
        "2014": {
            "cash": 0,
            "stock": 0,
            "eps": -6.61
        },
        "2015": {
            "cash": 0,
            "stock": 0,
            "eps": -4.03
        },
        "2016": {
            "cash": 0,
            "stock": 0,
            "eps": -4.94
        },
        "2017": {
            "cash": 0,
            "stock": 0,
            "eps": 1.4
        },
        "2018": {
            "cash": 0,
            "stock": 0,
            "eps": -2.71
        },
        "2019": {
            "cash": 0,
            "stock": 0,
            "eps": -1.72
        },
        "2020": {
            "cash": 0,
            "stock": 0,
            "eps": -0.93
        },
        "2021": {
            "cash": 0,
            "stock": 0,
            "eps": -1.52
        },
        "2022": {
            "cash": 0,
            "stock": 0,
            "eps": -2.01
        },
        "2023": {
            "cash": 0,
            "stock": 0,
            "eps": -0.75
        }
    },
    "dividends": {
        "2007-03-19": {
            "cash": 9,
            "stock": 3
        },
        "2008-03-20": {
            "cash": 6,
            "stock": 0
        },
        "2009-04-22": {
            "cash": 0.73,
            "stock": 1.24
        }
    },
    "prices": {
        "200101": "無",
        "200102": "無",
        "200103": "無",
        "200104": "無",
        "200105": "無",
        "200106": "無",
        "200107": "無",
        "200108": "無",
        "200109": "無",
        "200110": "無",
        "200111": "無",
        "200112": "無",
        "200201": "無",
        "200202": "無",
        "200203": "無",
        "200204": "無",
        "200205": "無",
        "200206": "無",
        "200207": "無",
        "200208": "無",
        "200209": "無",
        "200210": "無",
        "200211": "無",
        "200212": "無",
        "200301": "無",
        "200302": "無",
        "200303": "無",
        "200304": "無",
        "200305": "無",
        "200306": "無",
        "200307": "無",
        "200308": "無",
        "200309": "無",
        "200310": "無",
        "200311": "無",
        "200312": "無",
        "200401": "無",
        "200402": "無",
        "200403": "無",
        "200404": "無",
        "200405": "無",
        "200406": "無",
        "200407": "無",
        "200408": "無",
        "200409": "無",
        "200410": "無",
        "200411": "無",
        "200412": "無",
        "200501": "無",
        "200502": "無",
        "200503": "無",
        "200504": "無",
        "200505": "無",
        "200506": "無",
        "200507": "無",
        "200508": "無",
        "200509": "無",
        "200510": "無",
        "200511": "無",
        "200512": "無",
        "200601": "無",
        "200602": "無",
        "200603": "無",
        "200604": "無",
        "200605": "無",
        "200606": "無",
        "200607": "無",
        "200608": "339.36",
        "200609": "325.38",
        "200610": "335.70",
        "200611": "339.37",
        "200612": "290.59",
        "200701": "265.73",
        "200702": "260.57",
        "200703": "234.89",
        "200704": "225.07",
        "200705": "224.43",
        "200706": "252.80",
        "200707": "271.61",
        "200708": "250.01",
        "200709": "203.59",
        "200710": "184.77",
        "200711": "138.32",
        "200712": "117.81",
        "200801": "105.10",
        "200802": "104.61",
        "200803": "118.45",
        "200804": "119.48",
        "200805": "110.95",
        "200806": "78.65",
        "200807": "63.35",
        "200808": "45.65",
        "200809": "36.17",
        "200810": "29.89",
        "200811": "20.34",
        "200812": "20.88",
        "200901": "24.59",
        "200902": "25.78",
        "200903": "38.52",
        "200904": "45.32",
        "200905": "50.05",
        "200906": "39.47",
        "200907": "41.61",
        "200908": "38.99",
        "200909": "42.00",
        "200910": "46.02",
        "200911": "49.38",
        "200912": "77.17",
        "201001": "75.22",
        "201002": "65.65",
        "201003": "71.11",
        "201004": "61.70",
        "201005": "53.10",
        "201006": "49.41",
        "201007": "53.49",
        "201008": "54.91",
        "201009": "50.90",
        "201010": "51.24",
        "201011": "45.44",
        "201012": "45.07",
        "201101": "43.10",
        "201102": "43.21",
        "201103": "46.45",
        "201104": "43.85",
        "201105": "40.12",
        "201106": "37.04",
        "201107": "26.04",
        "201108": "22.49",
        "201109": "22.48",
        "201110": "21.71",
        "201111": "20.26",
        "201112": "21.50",
        "201201": "24.12",
        "201202": "30.34",
        "201203": "32.21",
        "201204": "26.32",
        "201205": "23.76",
        "201206": "23.98",
        "201207": "25.52",
        "201208": "29.87",
        "201209": "29.50",
        "201210": "27.62",
        "201211": "25.18",
        "201212": "23.65",
        "201301": "22.82",
        "201302": "21.97",
        "201303": "20.96",
        "201304": "18.94",
        "201305": "20.03",
        "201306": "20.18",
        "201307": "19.34",
        "201308": "19.10",
        "201309": "20.87",
        "201310": "22.95",
        "201311": "23.22",
        "201312": "23.65",
        "201401": "24.83",
        "201402": "27.78",
        "201403": "28.68",
        "201404": "29.13",
        "201405": "28.31",
        "201406": "30.74",
        "201407": "27.12",
        "201408": "25.11",
        "201409": "24.34",
        "201410": "23.56",
        "201411": "21.91",
        "201412": "21.86",
        "201501": "20.09",
        "201502": "18.76",
        "201503": "18.45",
        "201504": "18.24",
        "201505": "20.06",
        "201506": "20.70",
        "201507": "23.81",
        "201508": "21.87",
        "201509": "28.20",
        "201510": "23.91",
        "201511": "22.92",
        "201512": "24.61",
        "201601": "26.33",
        "201602": "27.50",
        "201603": "27.11",
        "201604": "26.85",
        "201605": "23.25",
        "201606": "21.02",
        "201607": "19.73",
        "201608": "19.78",
        "201609": "16.56",
        "201610": "16.77",
        "201611": "15.78",
        "201612": "13.68",
        "201701": "13.65",
        "201702": "13.94",
        "201703": "12.87",
        "201704": "9.74",
        "201705": "9.86",
        "201706": "11.95",
        "201707": "11.08",
        "201708": "9.79",
        "201709": "9.56",
        "201710": "9.74",
        "201711": "10.45",
        "201712": "10.87",
        "201801": "9.48",
        "201802": "9.60",
        "201803": "8.56",
        "201804": "8.02",
        "201805": "6.89",
        "201806": "6.42",
        "201807": "5.09",
        "201808": "5.21",
        "201809": "12.41",
        "201810": "14.96",
        "201811": "13.65",
        "201812": "14.85",
        "201901": "14.54",
        "201902": "14.42",
        "201903": "13.80",
        "201904": "13.01",
        "201905": "12.92",
        "201906": "12.57",
        "201907": "10.22",
        "201908": "11.40",
        "201909": "11.96",
        "201910": "11.88",
        "201911": "11.54",
        "201912": "11.05",
        "202001": "10.97",
        "202002": "11.38",
        "202003": "10.76",
        "202004": "9.96",
        "202005": "10.13",
        "202006": "12.56",
        "202007": "14.87",
        "202008": "16.86",
        "202009": "15.58",
        "202010": "13.66",
        "202011": "13.08",
        "202012": "12.27",
        "202101": "11.73",
        "202102": "11.60",
        "202103": "11.71",
        "202104": "11.84",
        "202105": "10.07",
        "202106": "9.21",
        "202107": "9.14",
        "202108": "8.21",
        "202109": "7.70",
        "202110": "6.96",
        "202111": "7.78",
        "202112": "11.95",
        "202201": "11.04",
        "202202": "11.95",
        "202203": "10.64",
        "202204": "10.47",
        "202205": "10.53",
        "202206": "10.31",
        "202207": "10.88",
        "202208": "11.67",
        "202209": "17.50",
        "202210": "19.84",
        "202211": "18.94",
        "202212": "18.97",
        "202301": "18.60",
        "202302": "18.89",
        "202303": "20.41",
        "202304": "18.62",
        "202305": "17.47"
    },
    "quarters": {
        "20011": {
            "year_quarter": 20011,
            "year": 2001,
            "quarter": 1,
            "eps": null,
            "eps_growth_year": null,
            "eps_4q": null,
            "eps_4q_growth_year": null,
            "roe": null,
            "gross_profit": null,
            "gross_margin": null,
            "net_income": null,
            "revenue": null,
            "common_shares": null,
            "equity": null,
            "current_ratio": null,
            "debt_ratio": null,
            "inventory_turnover_ratio": null,
            "account_receivable_turnover_ratio": null,
            "reinvestment_rate": null,
            "research_to_sale_ratio": null,
            "price_fair": 0,
            "eps_avg_yearly": 0,
            "eps_latest_yearly": 0,
            "eps_growth_yearly": 0
        },
        "20012": {
            "year_quarter": 20012,
            "year": 2001,
            "quarter": 2,
            "eps": null,
            "eps_growth_year": null,
            "eps_4q": null,
            "eps_4q_growth_year": null,
            "roe": null,
            "gross_profit": null,
            "gross_margin": null,
            "net_income": null,
            "revenue": null,
            "common_shares": null,
            "equity": null,
            "current_ratio": null,
            "debt_ratio": null,
            "inventory_turnover_ratio": null,
            "account_receivable_turnover_ratio": null,
            "reinvestment_rate": null,
            "research_to_sale_ratio": null,
            "price_fair": 0,
            "eps_avg_yearly": 0,
            "eps_latest_yearly": 0,
            "eps_growth_yearly": 0
        },
        "20013": {
            "year_quarter": 20013,
            "year": 2001,
            "quarter": 3,
            "eps": null,
            "eps_growth_year": null,
            "eps_4q": null,
            "eps_4q_growth_year": null,
            "roe": null,
            "gross_profit": null,
            "gross_margin": null,
            "net_income": null,
            "revenue": null,
            "common_shares": null,
            "equity": null,
            "current_ratio": null,
            "debt_ratio": null,
            "inventory_turnover_ratio": null,
            "account_receivable_turnover_ratio": null,
            "reinvestment_rate": null,
            "research_to_sale_ratio": null,
            "price_fair": 0,
            "eps_avg_yearly": 0,
            "eps_latest_yearly": 0,
            "eps_growth_yearly": 0
        },
        "20014": {
            "year_quarter": 20014,
            "year": 2001,
            "quarter": 4,
            "eps": null,
            "eps_growth_year": null,
            "eps_4q": null,
            "eps_4q_growth_year": null,
            "roe": null,
            "gross_profit": null,
            "gross_margin": null,
            "net_income": null,
            "revenue": null,
            "common_shares": 5000,
            "equity": 5084,
            "current_ratio": 97.22,
            "debt_ratio": 57.48,
            "inventory_turnover_ratio": null,
            "account_receivable_turnover_ratio": null,
            "reinvestment_rate": null,
            "research_to_sale_ratio": null,
            "price_fair": 0,
            "eps_avg_yearly": 0,
            "eps_latest_yearly": 0,
            "eps_growth_yearly": 0
        },
        "20021": {
            "year_quarter": 20021,
            "year": 2002,
            "quarter": 1,
            "eps": null,
            "eps_growth_year": null,
            "eps_4q": null,
            "eps_4q_growth_year": null,
            "roe": null,
            "gross_profit": null,
            "gross_margin": null,
            "net_income": null,
            "revenue": null,
            "common_shares": null,
            "equity": null,
            "current_ratio": null,
            "debt_ratio": null,
            "inventory_turnover_ratio": null,
            "account_receivable_turnover_ratio": null,
            "reinvestment_rate": null,
            "research_to_sale_ratio": null,
            "price_fair": 0,
            "eps_avg_yearly": 0,
            "eps_latest_yearly": 0,
            "eps_growth_yearly": 0
        },
        "20022": {
            "year_quarter": 20022,
            "year": 2002,
            "quarter": 2,
            "eps": null,
            "eps_growth_year": null,
            "eps_4q": null,
            "eps_4q_growth_year": null,
            "roe": null,
            "gross_profit": null,
            "gross_margin": null,
            "net_income": null,
            "revenue": null,
            "common_shares": null,
            "equity": null,
            "current_ratio": null,
            "debt_ratio": null,
            "inventory_turnover_ratio": null,
            "account_receivable_turnover_ratio": null,
            "reinvestment_rate": null,
            "research_to_sale_ratio": null,
            "price_fair": 0,
            "eps_avg_yearly": 0,
            "eps_latest_yearly": 0,
            "eps_growth_yearly": 0
        },
        "20023": {
            "year_quarter": 20023,
            "year": 2002,
            "quarter": 3,
            "eps": null,
            "eps_growth_year": null,
            "eps_4q": null,
            "eps_4q_growth_year": null,
            "roe": null,
            "gross_profit": null,
            "gross_margin": null,
            "net_income": null,
            "revenue": null,
            "common_shares": null,
            "equity": null,
            "current_ratio": null,
            "debt_ratio": null,
            "inventory_turnover_ratio": null,
            "account_receivable_turnover_ratio": null,
            "reinvestment_rate": null,
            "research_to_sale_ratio": null,
            "price_fair": 0,
            "eps_avg_yearly": 0,
            "eps_latest_yearly": 0,
            "eps_growth_yearly": 0
        },
        "20024": {
            "year_quarter": 20024,
            "year": 2002,
            "quarter": 4,
            "eps": null,
            "eps_growth_year": null,
            "eps_4q": null,
            "eps_4q_growth_year": null,
            "roe": null,
            "gross_profit": null,
            "gross_margin": null,
            "net_income": null,
            "revenue": null,
            "common_shares": 25000,
            "equity": 25517,
            "current_ratio": 566.84,
            "debt_ratio": 11.32,
            "inventory_turnover_ratio": null,
            "account_receivable_turnover_ratio": null,
            "reinvestment_rate": null,
            "research_to_sale_ratio": null,
            "price_fair": 0,
            "eps_avg_yearly": 0,
            "eps_latest_yearly": 0,
            "eps_growth_yearly": 0
        },
        "20031": {
            "year_quarter": 20031,
            "year": 2003,
            "quarter": 1,
            "eps": null,
            "eps_growth_year": null,
            "eps_4q": null,
            "eps_4q_growth_year": null,
            "roe": null,
            "gross_profit": null,
            "gross_margin": null,
            "net_income": null,
            "revenue": null,
            "common_shares": null,
            "equity": null,
            "current_ratio": null,
            "debt_ratio": null,
            "inventory_turnover_ratio": null,
            "account_receivable_turnover_ratio": null,
            "reinvestment_rate": null,
            "research_to_sale_ratio": null,
            "price_fair": 0,
            "eps_avg_yearly": 0,
            "eps_latest_yearly": 0,
            "eps_growth_yearly": 0
        },
        "20032": {
            "year_quarter": 20032,
            "year": 2003,
            "quarter": 2,
            "eps": null,
            "eps_growth_year": null,
            "eps_4q": null,
            "eps_4q_growth_year": null,
            "roe": null,
            "gross_profit": null,
            "gross_margin": null,
            "net_income": null,
            "revenue": null,
            "common_shares": null,
            "equity": null,
            "current_ratio": null,
            "debt_ratio": null,
            "inventory_turnover_ratio": null,
            "account_receivable_turnover_ratio": null,
            "reinvestment_rate": null,
            "research_to_sale_ratio": null,
            "price_fair": 0,
            "eps_avg_yearly": 0,
            "eps_latest_yearly": 0,
            "eps_growth_yearly": 0
        },
        "20033": {
            "year_quarter": 20033,
            "year": 2003,
            "quarter": 3,
            "eps": null,
            "eps_growth_year": null,
            "eps_4q": null,
            "eps_4q_growth_year": null,
            "roe": null,
            "gross_profit": null,
            "gross_margin": null,
            "net_income": null,
            "revenue": null,
            "common_shares": null,
            "equity": null,
            "current_ratio": null,
            "debt_ratio": null,
            "inventory_turnover_ratio": null,
            "account_receivable_turnover_ratio": null,
            "reinvestment_rate": null,
            "research_to_sale_ratio": null,
            "price_fair": 0,
            "eps_avg_yearly": 0,
            "eps_latest_yearly": 0,
            "eps_growth_yearly": 0
        },
        "20034": {
            "year_quarter": 20034,
            "year": 2003,
            "quarter": 4,
            "eps": null,
            "eps_growth_year": null,
            "eps_4q": null,
            "eps_4q_growth_year": null,
            "roe": null,
            "gross_profit": null,
            "gross_margin": null,
            "net_income": null,
            "revenue": null,
            "common_shares": 190000,
            "equity": 194423,
            "current_ratio": 78.79,
            "debt_ratio": 23.17,
            "inventory_turnover_ratio": null,
            "account_receivable_turnover_ratio": null,
            "reinvestment_rate": null,
            "research_to_sale_ratio": null,
            "price_fair": 0,
            "eps_avg_yearly": 0,
            "eps_latest_yearly": 0,
            "eps_growth_yearly": 0
        },
        "20041": {
            "year_quarter": 20041,
            "year": 2004,
            "quarter": 1,
            "eps": null,
            "eps_growth_year": null,
            "eps_4q": null,
            "eps_4q_growth_year": null,
            "roe": null,
            "gross_profit": null,
            "gross_margin": null,
            "net_income": null,
            "revenue": null,
            "common_shares": null,
            "equity": null,
            "current_ratio": null,
            "debt_ratio": null,
            "inventory_turnover_ratio": null,
            "account_receivable_turnover_ratio": null,
            "reinvestment_rate": null,
            "research_to_sale_ratio": null,
            "price_fair": 0,
            "eps_avg_yearly": 0,
            "eps_latest_yearly": 0,
            "eps_growth_yearly": 0
        },
        "20042": {
            "year_quarter": 20042,
            "year": 2004,
            "quarter": 2,
            "eps": null,
            "eps_growth_year": null,
            "eps_4q": null,
            "eps_4q_growth_year": null,
            "roe": null,
            "gross_profit": null,
            "gross_margin": null,
            "net_income": null,
            "revenue": null,
            "common_shares": null,
            "equity": null,
            "current_ratio": null,
            "debt_ratio": null,
            "inventory_turnover_ratio": null,
            "account_receivable_turnover_ratio": null,
            "reinvestment_rate": null,
            "research_to_sale_ratio": null,
            "price_fair": 0,
            "eps_avg_yearly": 0,
            "eps_latest_yearly": 0,
            "eps_growth_yearly": 0
        },
        "20043": {
            "year_quarter": 20043,
            "year": 2004,
            "quarter": 3,
            "eps": null,
            "eps_growth_year": null,
            "eps_4q": null,
            "eps_4q_growth_year": null,
            "roe": null,
            "gross_profit": null,
            "gross_margin": null,
            "net_income": null,
            "revenue": null,
            "common_shares": null,
            "equity": null,
            "current_ratio": null,
            "debt_ratio": null,
            "inventory_turnover_ratio": null,
            "account_receivable_turnover_ratio": null,
            "reinvestment_rate": null,
            "research_to_sale_ratio": null,
            "price_fair": 0,
            "eps_avg_yearly": 0,
            "eps_latest_yearly": 0,
            "eps_growth_yearly": 0
        },
        "20044": {
            "year_quarter": 20044,
            "year": 2004,
            "quarter": 4,
            "eps": null,
            "eps_growth_year": null,
            "eps_4q": null,
            "eps_4q_growth_year": null,
            "roe": null,
            "gross_profit": null,
            "gross_margin": null,
            "net_income": null,
            "revenue": null,
            "common_shares": 190000,
            "equity": 457845,
            "current_ratio": 150.21,
            "debt_ratio": 42.4,
            "inventory_turnover_ratio": null,
            "account_receivable_turnover_ratio": null,
            "reinvestment_rate": null,
            "research_to_sale_ratio": null,
            "price_fair": 0,
            "eps_avg_yearly": 0,
            "eps_latest_yearly": 0,
            "eps_growth_yearly": 0
        },
        "20051": {
            "year_quarter": 20051,
            "year": 2005,
            "quarter": 1,
            "eps": null,
            "eps_growth_year": null,
            "eps_4q": null,
            "eps_4q_growth_year": null,
            "roe": null,
            "gross_profit": null,
            "gross_margin": null,
            "net_income": null,
            "revenue": null,
            "common_shares": null,
            "equity": null,
            "current_ratio": null,
            "debt_ratio": null,
            "inventory_turnover_ratio": null,
            "account_receivable_turnover_ratio": null,
            "reinvestment_rate": null,
            "research_to_sale_ratio": null,
            "price_fair": 0,
            "eps_avg_yearly": 0,
            "eps_latest_yearly": 0,
            "eps_growth_yearly": 0
        },
        "20052": {
            "year_quarter": 20052,
            "year": 2005,
            "quarter": 2,
            "eps": null,
            "eps_growth_year": null,
            "eps_4q": null,
            "eps_4q_growth_year": null,
            "roe": null,
            "gross_profit": null,
            "gross_margin": null,
            "net_income": null,
            "revenue": null,
            "common_shares": null,
            "equity": null,
            "current_ratio": null,
            "debt_ratio": null,
            "inventory_turnover_ratio": null,
            "account_receivable_turnover_ratio": null,
            "reinvestment_rate": null,
            "research_to_sale_ratio": null,
            "price_fair": 0,
            "eps_avg_yearly": 0,
            "eps_latest_yearly": 0,
            "eps_growth_yearly": 0
        },
        "20053": {
            "year_quarter": 20053,
            "year": 2005,
            "quarter": 3,
            "eps": null,
            "eps_growth_year": null,
            "eps_4q": null,
            "eps_4q_growth_year": null,
            "roe": null,
            "gross_profit": null,
            "gross_margin": null,
            "net_income": null,
            "revenue": null,
            "common_shares": null,
            "equity": null,
            "current_ratio": null,
            "debt_ratio": null,
            "inventory_turnover_ratio": null,
            "account_receivable_turnover_ratio": null,
            "reinvestment_rate": null,
            "research_to_sale_ratio": null,
            "price_fair": 0,
            "eps_avg_yearly": 0,
            "eps_latest_yearly": 0,
            "eps_growth_yearly": 0
        },
        "20054": {
            "year_quarter": 20054,
            "year": 2005,
            "quarter": 4,
            "eps": null,
            "eps_growth_year": null,
            "eps_4q": null,
            "eps_4q_growth_year": null,
            "roe": null,
            "gross_profit": null,
            "gross_margin": null,
            "net_income": null,
            "revenue": null,
            "common_shares": 300000,
            "equity": 1386224,
            "current_ratio": 225.61,
            "debt_ratio": 35.9,
            "inventory_turnover_ratio": null,
            "account_receivable_turnover_ratio": null,
            "reinvestment_rate": null,
            "research_to_sale_ratio": null,
            "price_fair": 0,
            "eps_avg_yearly": 0,
            "eps_latest_yearly": 0,
            "eps_growth_yearly": 0
        },
        "20061": {
            "year_quarter": 20061,
            "year": 2006,
            "quarter": 1,
            "eps": 12.64,
            "eps_growth_year": null,
            "eps_4q": null,
            "eps_4q_growth_year": null,
            "roe": 24.06,
            "gross_profit": 416424,
            "gross_margin": 67.76,
            "net_income": 379224,
            "revenue": 614552,
            "common_shares": 300000,
            "equity": 1766205,
            "current_ratio": 305.24,
            "debt_ratio": 27.06,
            "inventory_turnover_ratio": 1.03,
            "account_receivable_turnover_ratio": null,
            "reinvestment_rate": null,
            "research_to_sale_ratio": null,
            "price_fair": 0,
            "eps_avg_yearly": 0,
            "eps_latest_yearly": 0,
            "eps_growth_yearly": 0
        },
        "20062": {
            "year_quarter": 20062,
            "year": 2006,
            "quarter": 2,
            "eps": 0.98,
            "eps_growth_year": null,
            "eps_4q": null,
            "eps_4q_growth_year": null,
            "roe": 3.66,
            "gross_profit": 292740,
            "gross_margin": 65.04,
            "net_income": 60082,
            "revenue": 450127,
            "common_shares": 610000,
            "equity": 1520669,
            "current_ratio": 167.31,
            "debt_ratio": 39.12,
            "inventory_turnover_ratio": 0.52,
            "account_receivable_turnover_ratio": null,
            "reinvestment_rate": null,
            "research_to_sale_ratio": null,
            "price_fair": 11.76,
            "eps_avg_yearly": 3.92,
            "eps_latest_yearly": 3.92,
            "eps_growth_yearly": -368.99
        },
        "20063": {
            "year_quarter": 20063,
            "year": 2006,
            "quarter": 3,
            "eps": 4.6,
            "eps_growth_year": null,
            "eps_4q": null,
            "eps_4q_growth_year": null,
            "roe": 16.86,
            "gross_profit": 373671,
            "gross_margin": 57.98,
            "net_income": 280549,
            "revenue": 644506,
            "common_shares": 610000,
            "equity": 1807149,
            "current_ratio": 173.7,
            "debt_ratio": 36.68,
            "inventory_turnover_ratio": 0.65,
            "account_receivable_turnover_ratio": null,
            "reinvestment_rate": null,
            "research_to_sale_ratio": null,
            "price_fair": 390.6,
            "eps_avg_yearly": 11.16,
            "eps_latest_yearly": 18.4,
            "eps_growth_yearly": 554.28
        },
        "20064": {
            "year_quarter": 20064,
            "year": 2006,
            "quarter": 4,
            "eps": 3.55,
            "eps_growth_year": null,
            "eps_4q": 15.34,
            "eps_4q_growth_year": null,
            "roe": 11.22,
            "gross_profit": 344852,
            "gross_margin": 49.48,
            "net_income": 216742,
            "revenue": 696943,
            "common_shares": 610000,
            "equity": 2055155,
            "current_ratio": 184.8,
            "debt_ratio": 38.11,
            "inventory_turnover_ratio": 0.73,
            "account_receivable_turnover_ratio": null,
            "reinvestment_rate": null,
            "research_to_sale_ratio": null,
            "price_fair": 426.07,
            "eps_avg_yearly": 12.17,
            "eps_latest_yearly": 14.2,
            "eps_growth_yearly": 339.09
        },
        "20071": {
            "year_quarter": 20071,
            "year": 2007,
            "quarter": 1,
            "eps": 0.52,
            "eps_growth_year": -95.89,
            "eps_4q": 9.63,
            "eps_4q_growth_year": null,
            "roe": 1.55,
            "gross_profit": 208057,
            "gross_margin": 48.5,
            "net_income": 31807,
            "revenue": 428940,
            "common_shares": 610000,
            "equity": 2059093,
            "current_ratio": 197.88,
            "debt_ratio": 33.06,
            "inventory_turnover_ratio": 0.49,
            "account_receivable_turnover_ratio": null,
            "reinvestment_rate": null,
            "research_to_sale_ratio": null,
            "price_fair": 337.75,
            "eps_avg_yearly": 9.65,
            "eps_latest_yearly": 2.08,
            "eps_growth_yearly": 168.96
        },
        "20072": {
            "year_quarter": 20072,
            "year": 2007,
            "quarter": 2,
            "eps": 2.54,
            "eps_growth_year": 159.18,
            "eps_4q": 9.12,
            "eps_4q_growth_year": null,
            "roe": 10.94,
            "gross_profit": 342653,
            "gross_margin": 39.78,
            "net_income": 204281,
            "revenue": 861364,
            "common_shares": 610000,
            "equity": 1676112,
            "current_ratio": 154.73,
            "debt_ratio": 49.92,
            "inventory_turnover_ratio": 1.45,
            "account_receivable_turnover_ratio": null,
            "reinvestment_rate": null,
            "research_to_sale_ratio": null,
            "price_fair": 341.32,
            "eps_avg_yearly": 9.75,
            "eps_latest_yearly": 10.16,
            "eps_growth_yearly": 445.94
        },
        "20073": {
            "year_quarter": 20073,
            "year": 2007,
            "quarter": 3,
            "eps": 3.67,
            "eps_growth_year": -20.22,
            "eps_4q": 9.3,
            "eps_4q_growth_year": null,
            "roe": 16.17,
            "gross_profit": 523482,
            "gross_margin": 42.9,
            "net_income": 295048,
            "revenue": 1220343,
            "common_shares": 803000,
            "equity": 1972154,
            "current_ratio": 162.06,
            "debt_ratio": 52.18,
            "inventory_turnover_ratio": 1.85,
            "account_receivable_turnover_ratio": null,
            "reinvestment_rate": null,
            "research_to_sale_ratio": null,
            "price_fair": 370.07,
            "eps_avg_yearly": 10.57,
            "eps_latest_yearly": 14.68,
            "eps_growth_yearly": 401.27
        },
        "20074": {
            "year_quarter": 20074,
            "year": 2007,
            "quarter": 4,
            "eps": 3.3,
            "eps_growth_year": -7.04,
            "eps_4q": 9.81,
            "eps_4q_growth_year": -36.04,
            "roe": 9.72,
            "gross_profit": 425825,
            "gross_margin": 47.73,
            "net_income": 269172,
            "revenue": 892080,
            "common_shares": 903380,
            "equity": 3565014,
            "current_ratio": 444.15,
            "debt_ratio": 19.79,
            "inventory_turnover_ratio": 0.96,
            "account_receivable_turnover_ratio": null,
            "reinvestment_rate": null,
            "research_to_sale_ratio": null,
            "price_fair": 383.2,
            "eps_avg_yearly": 10.95,
            "eps_latest_yearly": 13.2,
            "eps_growth_yearly": 338.19
        },
        "20081": {
            "year_quarter": 20081,
            "year": 2008,
            "quarter": 1,
            "eps": 0.54,
            "eps_growth_year": 3.85,
            "eps_4q": 9.08,
            "eps_4q_growth_year": -5.72,
            "roe": 1.36,
            "gross_profit": 240564,
            "gross_margin": 29.53,
            "net_income": 48586,
            "revenue": 814581,
            "common_shares": 903380,
            "equity": 3583123,
            "current_ratio": 315.3,
            "debt_ratio": 21.17,
            "inventory_turnover_ratio": 1.1,
            "account_receivable_turnover_ratio": null,
            "reinvestment_rate": null,
            "research_to_sale_ratio": null,
            "price_fair": 344.75,
            "eps_avg_yearly": 9.85,
            "eps_latest_yearly": 2.16,
            "eps_growth_yearly": 254.1
        },
        "20082": {
            "year_quarter": 20082,
            "year": 2008,
            "quarter": 2,
            "eps": 1.58,
            "eps_growth_year": -37.8,
            "eps_4q": 8.35,
            "eps_4q_growth_year": -8.45,
            "roe": 4.27,
            "gross_profit": 208154,
            "gross_margin": 27.28,
            "net_income": 143049,
            "revenue": 763116,
            "common_shares": 903380,
            "equity": 3115086,
            "current_ratio": 168.56,
            "debt_ratio": 33.38,
            "inventory_turnover_ratio": 0.99,
            "account_receivable_turnover_ratio": null,
            "reinvestment_rate": null,
            "research_to_sale_ratio": null,
            "price_fair": 331.02,
            "eps_avg_yearly": 9.46,
            "eps_latest_yearly": 6.32,
            "eps_growth_yearly": 311.46
        },
        "20083": {
            "year_quarter": 20083,
            "year": 2008,
            "quarter": 3,
            "eps": 0.4,
            "eps_growth_year": -89.1,
            "eps_4q": 8.95,
            "eps_4q_growth_year": -3.84,
            "roe": 0.7,
            "gross_profit": 122521,
            "gross_margin": 16.52,
            "net_income": 22209,
            "revenue": 741871,
            "common_shares": 903380,
            "equity": 3252125,
            "current_ratio": 134.78,
            "debt_ratio": 41.6,
            "inventory_turnover_ratio": 1.09,
            "account_receivable_turnover_ratio": null,
            "reinvestment_rate": null,
            "research_to_sale_ratio": null,
            "price_fair": 303.52,
            "eps_avg_yearly": 8.67,
            "eps_latest_yearly": 1.6,
            "eps_growth_yearly": 250.44
        },
        "20084": {
            "year_quarter": 20084,
            "year": 2008,
            "quarter": 4,
            "eps": -1,
            "eps_growth_year": -130.3,
            "eps_4q": 1.99,
            "eps_4q_growth_year": -79.77,
            "roe": -3.27,
            "gross_profit": 104945,
            "gross_margin": 20.43,
            "net_income": -104916,
            "revenue": 513747,
            "common_shares": 903380,
            "equity": 3164894,
            "current_ratio": 130.38,
            "debt_ratio": 53.11,
            "inventory_turnover_ratio": 0.78,
            "account_receivable_turnover_ratio": 1.35,
            "reinvestment_rate": null,
            "research_to_sale_ratio": null,
            "price_fair": 303.52,
            "eps_avg_yearly": 8.67,
            "eps_latest_yearly": 1.6,
            "eps_growth_yearly": 250.44
        },
        "20091": {
            "year_quarter": 20091,
            "year": 2009,
            "quarter": 1,
            "eps": -0.19,
            "eps_growth_year": -135.19,
            "eps_4q": 0.81,
            "eps_4q_growth_year": -91.05,
            "roe": -0.4,
            "gross_profit": 34888,
            "gross_margin": 8.53,
            "net_income": -12864,
            "revenue": 409090,
            "common_shares": 903380,
            "equity": 3294198,
            "current_ratio": 137.32,
            "debt_ratio": 50.93,
            "inventory_turnover_ratio": 0.76,
            "account_receivable_turnover_ratio": 0.62,
            "reinvestment_rate": null,
            "research_to_sale_ratio": null,
            "price_fair": 303.52,
            "eps_avg_yearly": 8.67,
            "eps_latest_yearly": 1.6,
            "eps_growth_yearly": 250.44
        },
        "20092": {
            "year_quarter": 20092,
            "year": 2009,
            "quarter": 2,
            "eps": -0.8,
            "eps_growth_year": -150.63,
            "eps_4q": -1.64,
            "eps_4q_growth_year": -119.68,
            "roe": -2.52,
            "gross_profit": 17981,
            "gross_margin": 3.59,
            "net_income": -80812,
            "revenue": 500732,
            "common_shares": 903380,
            "equity": 3131053,
            "current_ratio": 124.93,
            "debt_ratio": 54.15,
            "inventory_turnover_ratio": 1.19,
            "account_receivable_turnover_ratio": 0.81,
            "reinvestment_rate": null,
            "research_to_sale_ratio": null,
            "price_fair": 303.52,
            "eps_avg_yearly": 8.67,
            "eps_latest_yearly": 1.6,
            "eps_growth_yearly": 250.44
        },
        "20093": {
            "year_quarter": 20093,
            "year": 2009,
            "quarter": 3,
            "eps": 0.48,
            "eps_growth_year": 20,
            "eps_4q": -2.11,
            "eps_4q_growth_year": -123.57,
            "roe": 1,
            "gross_profit": 168189,
            "gross_margin": 25.18,
            "net_income": 31280,
            "revenue": 667909,
            "common_shares": 1011786,
            "equity": 3150952,
            "current_ratio": 111.16,
            "debt_ratio": 55.37,
            "inventory_turnover_ratio": 1.19,
            "account_receivable_turnover_ratio": 0.89,
            "reinvestment_rate": null,
            "research_to_sale_ratio": null,
            "price_fair": 303.52,
            "eps_avg_yearly": 8.67,
            "eps_latest_yearly": 1.6,
            "eps_growth_yearly": 250.44
        },
        "20094": {
            "year_quarter": 20094,
            "year": 2009,
            "quarter": 4,
            "eps": -0.99,
            "eps_growth_year": null,
            "eps_4q": -1.48,
            "eps_4q_growth_year": -174.58,
            "roe": -3.7,
            "gross_profit": 3406,
            "gross_margin": 0.67,
            "net_income": -114549,
            "revenue": 510878,
            "common_shares": 1011786,
            "equity": 3034453,
            "current_ratio": 106.93,
            "debt_ratio": 55.89,
            "inventory_turnover_ratio": 1.18,
            "account_receivable_turnover_ratio": 1.55,
            "reinvestment_rate": 271.53,
            "research_to_sale_ratio": null,
            "price_fair": 303.52,
            "eps_avg_yearly": 8.67,
            "eps_latest_yearly": 1.6,
            "eps_growth_yearly": 250.44
        },
        "20101": {
            "year_quarter": 20101,
            "year": 2010,
            "quarter": 1,
            "eps": 0.1,
            "eps_growth_year": null,
            "eps_4q": -1.21,
            "eps_4q_growth_year": -249.31,
            "roe": -0.11,
            "gross_profit": 103924,
            "gross_margin": 17.78,
            "net_income": -3063,
            "revenue": 584636,
            "common_shares": 1011786,
            "equity": 2768362,
            "current_ratio": 115.42,
            "debt_ratio": 46.26,
            "inventory_turnover_ratio": 1.16,
            "account_receivable_turnover_ratio": 0.58,
            "reinvestment_rate": 164.73,
            "research_to_sale_ratio": 7.47,
            "price_fair": 303.52,
            "eps_avg_yearly": 8.67,
            "eps_latest_yearly": 1.6,
            "eps_growth_yearly": 250.44
        },
        "20102": {
            "year_quarter": 20102,
            "year": 2010,
            "quarter": 2,
            "eps": -0.06,
            "eps_growth_year": null,
            "eps_4q": -0.46,
            "eps_4q_growth_year": null,
            "roe": -0.2,
            "gross_profit": 118843,
            "gross_margin": 19.29,
            "net_income": -5453,
            "revenue": 615986,
            "common_shares": 1011786,
            "equity": 2813247,
            "current_ratio": 146.09,
            "debt_ratio": 49.28,
            "inventory_turnover_ratio": 0.98,
            "account_receivable_turnover_ratio": 0.45,
            "reinvestment_rate": 165.14,
            "research_to_sale_ratio": 4.52,
            "price_fair": 322,
            "eps_avg_yearly": 9.2,
            "eps_latest_yearly": 1.6,
            "eps_growth_yearly": 319.27
        },
        "20103": {
            "year_quarter": 20103,
            "year": 2010,
            "quarter": 3,
            "eps": -0.48,
            "eps_growth_year": -200.28,
            "eps_4q": -1.42,
            "eps_4q_growth_year": null,
            "roe": -1.69,
            "gross_profit": 103876,
            "gross_margin": 16.4,
            "net_income": -47139,
            "revenue": 633238,
            "common_shares": 1011786,
            "equity": 2757051,
            "current_ratio": 123.16,
            "debt_ratio": 51.47,
            "inventory_turnover_ratio": 0.94,
            "account_receivable_turnover_ratio": 0.49,
            "reinvestment_rate": 237.02,
            "research_to_sale_ratio": 6.79,
            "price_fair": 281.75,
            "eps_avg_yearly": 8.05,
            "eps_latest_yearly": 1.6,
            "eps_growth_yearly": 174.48
        },
        "20104": {
            "year_quarter": 20104,
            "year": 2010,
            "quarter": 4,
            "eps": -1.49,
            "eps_growth_year": null,
            "eps_4q": -1.93,
            "eps_4q_growth_year": null,
            "roe": -5.45,
            "gross_profit": 10936,
            "gross_margin": 2,
            "net_income": -146283,
            "revenue": 546764,
            "common_shares": 1011786,
            "equity": 2608791,
            "current_ratio": 107.5,
            "debt_ratio": 51.31,
            "inventory_turnover_ratio": 1.11,
            "account_receivable_turnover_ratio": 0.64,
            "reinvestment_rate": 357.36,
            "research_to_sale_ratio": 0.94,
            "price_fair": 251,
            "eps_avg_yearly": 7.17,
            "eps_latest_yearly": 1.6,
            "eps_growth_yearly": 212.45
        },
        "20111": {
            "year_quarter": 20111,
            "year": 2011,
            "quarter": 1,
            "eps": -0.78,
            "eps_growth_year": -880,
            "eps_4q": -2.81,
            "eps_4q_growth_year": null,
            "roe": -2.97,
            "gross_profit": 31647,
            "gross_margin": 5.86,
            "net_income": -76497,
            "revenue": 540458,
            "common_shares": 1011786,
            "equity": 2539249,
            "current_ratio": 99.4,
            "debt_ratio": 53.89,
            "inventory_turnover_ratio": 1.06,
            "account_receivable_turnover_ratio": 0.61,
            "reinvestment_rate": 453.27,
            "research_to_sale_ratio": 3.63,
            "price_fair": 280.7,
            "eps_avg_yearly": 8.02,
            "eps_latest_yearly": 1.6,
            "eps_growth_yearly": 304.76
        },
        "20112": {
            "year_quarter": 20112,
            "year": 2011,
            "quarter": 2,
            "eps": -1.04,
            "eps_growth_year": null,
            "eps_4q": -3.79,
            "eps_4q_growth_year": null,
            "roe": -4.08,
            "gross_profit": 37627,
            "gross_margin": 7.1,
            "net_income": -101416,
            "revenue": 529755,
            "common_shares": 1011786,
            "equity": 2432970,
            "current_ratio": 92.01,
            "debt_ratio": 56.32,
            "inventory_turnover_ratio": 0.84,
            "account_receivable_turnover_ratio": 0.44,
            "reinvestment_rate": 1272.18,
            "research_to_sale_ratio": 4.39,
            "price_fair": 265.72,
            "eps_avg_yearly": 7.59,
            "eps_latest_yearly": 1.6,
            "eps_growth_yearly": 54.94
        },
        "20113": {
            "year_quarter": 20113,
            "year": 2011,
            "quarter": 3,
            "eps": -0.16,
            "eps_growth_year": null,
            "eps_4q": -3.47,
            "eps_4q_growth_year": null,
            "roe": -0.65,
            "gross_profit": 78735,
            "gross_margin": 12.46,
            "net_income": -15885,
            "revenue": 631938,
            "common_shares": 979356,
            "equity": 2453753,
            "current_ratio": 91.77,
            "debt_ratio": 56.08,
            "inventory_turnover_ratio": 0.91,
            "account_receivable_turnover_ratio": 0.55,
            "reinvestment_rate": null,
            "research_to_sale_ratio": 3.03,
            "price_fair": 198.99,
            "eps_avg_yearly": 5.82,
            "eps_latest_yearly": 1.6,
            "eps_growth_yearly": 24.19
        },
        "20114": {
            "year_quarter": 20114,
            "year": 2011,
            "quarter": 4,
            "eps": 1.29,
            "eps_growth_year": null,
            "eps_4q": -0.7,
            "eps_4q_growth_year": null,
            "roe": 5,
            "gross_profit": 124382,
            "gross_margin": 18.22,
            "net_income": 125586,
            "revenue": 682546,
            "common_shares": 979356,
            "equity": 2566870,
            "current_ratio": 151.23,
            "debt_ratio": 48.3,
            "inventory_turnover_ratio": 0.96,
            "account_receivable_turnover_ratio": 0.58,
            "reinvestment_rate": null,
            "research_to_sale_ratio": 4.03,
            "price_fair": 117.6,
            "eps_avg_yearly": 3.36,
            "eps_latest_yearly": 1.6,
            "eps_growth_yearly": 45.7
        },
        "20121": {
            "year_quarter": 20121,
            "year": 2012,
            "quarter": 1,
            "eps": -0.6,
            "eps_growth_year": null,
            "eps_4q": -0.52,
            "eps_4q_growth_year": null,
            "roe": -2.31,
            "gross_profit": 63221,
            "gross_margin": 12,
            "net_income": -58079,
            "revenue": 526678,
            "common_shares": 979356,
            "equity": 2459623,
            "current_ratio": 139.23,
            "debt_ratio": 51.08,
            "inventory_turnover_ratio": 0.76,
            "account_receivable_turnover_ratio": 0.45,
            "reinvestment_rate": null,
            "research_to_sale_ratio": 4.28,
            "price_fair": 138.6,
            "eps_avg_yearly": 3.96,
            "eps_latest_yearly": 1.6,
            "eps_growth_yearly": 235.82
        },
        "20122": {
            "year_quarter": 20122,
            "year": 2012,
            "quarter": 2,
            "eps": -0.63,
            "eps_growth_year": null,
            "eps_4q": -0.09,
            "eps_4q_growth_year": null,
            "roe": -2.49,
            "gross_profit": 75003,
            "gross_margin": 14.04,
            "net_income": -60469,
            "revenue": 534251,
            "common_shares": 979356,
            "equity": 2402590,
            "current_ratio": 109.86,
            "debt_ratio": 49.98,
            "inventory_turnover_ratio": 0.75,
            "account_receivable_turnover_ratio": 0.51,
            "reinvestment_rate": null,
            "research_to_sale_ratio": 5.36,
            "price_fair": 4.8,
            "eps_avg_yearly": 1.6,
            "eps_latest_yearly": 1.6,
            "eps_growth_yearly": -298.73
        },
        "20123": {
            "year_quarter": 20123,
            "year": 2012,
            "quarter": 3,
            "eps": -0.93,
            "eps_growth_year": null,
            "eps_4q": -0.85,
            "eps_4q_growth_year": null,
            "roe": -3.78,
            "gross_profit": 42137,
            "gross_margin": 8.17,
            "net_income": -88942,
            "revenue": 515771,
            "common_shares": 979356,
            "equity": 2303329,
            "current_ratio": 107.33,
            "debt_ratio": 49.76,
            "inventory_turnover_ratio": 0.89,
            "account_receivable_turnover_ratio": 0.55,
            "reinvestment_rate": null,
            "research_to_sale_ratio": 6.81,
            "price_fair": 0,
            "eps_avg_yearly": 0,
            "eps_latest_yearly": 0,
            "eps_growth_yearly": 0
        },
        "20124": {
            "year_quarter": 20124,
            "year": 2012,
            "quarter": 4,
            "eps": -1.79,
            "eps_growth_year": -239.05,
            "eps_4q": -3.95,
            "eps_4q_growth_year": null,
            "roe": -7.77,
            "gross_profit": 44218,
            "gross_margin": 10.14,
            "net_income": -171933,
            "revenue": 435905,
            "common_shares": 979356,
            "equity": 2122744,
            "current_ratio": 107.59,
            "debt_ratio": 52.26,
            "inventory_turnover_ratio": 0.83,
            "account_receivable_turnover_ratio": 0.48,
            "reinvestment_rate": null,
            "research_to_sale_ratio": 7.82,
            "price_fair": 0,
            "eps_avg_yearly": 0,
            "eps_latest_yearly": 0,
            "eps_growth_yearly": 0
        },
        "20131": {
            "year_quarter": 20131,
            "year": 2013,
            "quarter": 1,
            "eps": -0.81,
            "eps_growth_year": null,
            "eps_4q": -4.16,
            "eps_4q_growth_year": null,
            "roe": -3.71,
            "gross_profit": 5636,
            "gross_margin": 1.67,
            "net_income": -78171,
            "revenue": 338480,
            "common_shares": 979356,
            "equity": 2089643,
            "current_ratio": 103.18,
            "debt_ratio": 54.48,
            "inventory_turnover_ratio": 0.66,
            "account_receivable_turnover_ratio": 0.51,
            "reinvestment_rate": null,
            "research_to_sale_ratio": 7.39,
            "price_fair": 0,
            "eps_avg_yearly": 0,
            "eps_latest_yearly": 0,
            "eps_growth_yearly": 0
        },
        "20132": {
            "year_quarter": 20132,
            "year": 2013,
            "quarter": 2,
            "eps": -0.94,
            "eps_growth_year": null,
            "eps_4q": -4.47,
            "eps_4q_growth_year": null,
            "roe": -4.42,
            "gross_profit": 5821,
            "gross_margin": 1.64,
            "net_income": -90638,
            "revenue": 354132,
            "common_shares": 979356,
            "equity": 2007632,
            "current_ratio": 114.98,
            "debt_ratio": 52.29,
            "inventory_turnover_ratio": 0.64,
            "account_receivable_turnover_ratio": 0.83,
            "reinvestment_rate": null,
            "research_to_sale_ratio": 5.67,
            "price_fair": 0,
            "eps_avg_yearly": 0,
            "eps_latest_yearly": 0,
            "eps_growth_yearly": 0
        },
        "20133": {
            "year_quarter": 20133,
            "year": 2013,
            "quarter": 3,
            "eps": -1.14,
            "eps_growth_year": null,
            "eps_4q": -4.69,
            "eps_4q_growth_year": null,
            "roe": -5.61,
            "gross_profit": 788,
            "gross_margin": 0.19,
            "net_income": -109525,
            "revenue": 413844,
            "common_shares": 979356,
            "equity": 1895317,
            "current_ratio": 108.56,
            "debt_ratio": 51.76,
            "inventory_turnover_ratio": 0.81,
            "account_receivable_turnover_ratio": 0.98,
            "reinvestment_rate": null,
            "research_to_sale_ratio": 5.88,
            "price_fair": 0,
            "eps_avg_yearly": 0,
            "eps_latest_yearly": 0,
            "eps_growth_yearly": 0
        },
        "20134": {
            "year_quarter": 20134,
            "year": 2013,
            "quarter": 4,
            "eps": -0.93,
            "eps_growth_year": null,
            "eps_4q": -3.83,
            "eps_4q_growth_year": null,
            "roe": -4.82,
            "gross_profit": -6388,
            "gross_margin": -1.4,
            "net_income": -89470,
            "revenue": 455307,
            "common_shares": 979356,
            "equity": 1813611,
            "current_ratio": 104.49,
            "debt_ratio": 53.63,
            "inventory_turnover_ratio": 1,
            "account_receivable_turnover_ratio": 0.97,
            "reinvestment_rate": null,
            "research_to_sale_ratio": 4.69,
            "price_fair": 0,
            "eps_avg_yearly": 0,
            "eps_latest_yearly": 0,
            "eps_growth_yearly": 0
        },
        "20141": {
            "year_quarter": 20141,
            "year": 2014,
            "quarter": 1,
            "eps": -0.98,
            "eps_growth_year": null,
            "eps_4q": -4,
            "eps_4q_growth_year": null,
            "roe": -5.3,
            "gross_profit": -20286,
            "gross_margin": -5.85,
            "net_income": -94383,
            "revenue": 346982,
            "common_shares": 979356,
            "equity": 1750546,
            "current_ratio": 99.17,
            "debt_ratio": 54.15,
            "inventory_turnover_ratio": 0.87,
            "account_receivable_turnover_ratio": 0.69,
            "reinvestment_rate": null,
            "research_to_sale_ratio": 7.17,
            "price_fair": 0,
            "eps_avg_yearly": 0,
            "eps_latest_yearly": 0,
            "eps_growth_yearly": 0
        },
        "20142": {
            "year_quarter": 20142,
            "year": 2014,
            "quarter": 2,
            "eps": -1.63,
            "eps_growth_year": null,
            "eps_4q": -4.68,
            "eps_4q_growth_year": null,
            "roe": -9.38,
            "gross_profit": -41037,
            "gross_margin": -9.14,
            "net_income": -156552,
            "revenue": 448840,
            "common_shares": 979356,
            "equity": 1586374,
            "current_ratio": 82.22,
            "debt_ratio": 57.29,
            "inventory_turnover_ratio": 1.29,
            "account_receivable_turnover_ratio": 0.87,
            "reinvestment_rate": null,
            "research_to_sale_ratio": 3.55,
            "price_fair": 0,
            "eps_avg_yearly": 0,
            "eps_latest_yearly": 0,
            "eps_growth_yearly": 0
        },
        "20143": {
            "year_quarter": 20143,
            "year": 2014,
            "quarter": 3,
            "eps": -1.29,
            "eps_growth_year": null,
            "eps_4q": -4.83,
            "eps_4q_growth_year": null,
            "roe": -8.09,
            "gross_profit": -39016,
            "gross_margin": -10.61,
            "net_income": -123564,
            "revenue": 367885,
            "common_shares": 979356,
            "equity": 1468040,
            "current_ratio": 77.11,
            "debt_ratio": 59.83,
            "inventory_turnover_ratio": 1.17,
            "account_receivable_turnover_ratio": 0.68,
            "reinvestment_rate": null,
            "research_to_sale_ratio": 3.88,
            "price_fair": 0,
            "eps_avg_yearly": 0,
            "eps_latest_yearly": 0,
            "eps_growth_yearly": 0
        },
        "20144": {
            "year_quarter": 20144,
            "year": 2014,
            "quarter": 4,
            "eps": -2.71,
            "eps_growth_year": null,
            "eps_4q": -6.61,
            "eps_4q_growth_year": null,
            "roe": -19.73,
            "gross_profit": -28325,
            "gross_margin": -8.92,
            "net_income": -260781,
            "revenue": 317431,
            "common_shares": 979356,
            "equity": 1175891,
            "current_ratio": 113,
            "debt_ratio": 63.11,
            "inventory_turnover_ratio": 1.12,
            "account_receivable_turnover_ratio": 0.63,
            "reinvestment_rate": null,
            "research_to_sale_ratio": 3.42,
            "price_fair": 0,
            "eps_avg_yearly": 0,
            "eps_latest_yearly": 0,
            "eps_growth_yearly": 0
        },
        "20151": {
            "year_quarter": 20151,
            "year": 2015,
            "quarter": 1,
            "eps": -0.61,
            "eps_growth_year": null,
            "eps_4q": -6.24,
            "eps_4q_growth_year": null,
            "roe": -5.11,
            "gross_profit": 27151,
            "gross_margin": 9.27,
            "net_income": -58557,
            "revenue": 292780,
            "common_shares": 960996,
            "equity": 1117006,
            "current_ratio": 109.62,
            "debt_ratio": 63.8,
            "inventory_turnover_ratio": 1.04,
            "account_receivable_turnover_ratio": 0.62,
            "reinvestment_rate": null,
            "research_to_sale_ratio": 2.68,
            "price_fair": 0,
            "eps_avg_yearly": 0,
            "eps_latest_yearly": 0,
            "eps_growth_yearly": 0
        },
        "20152": {
            "year_quarter": 20152,
            "year": 2015,
            "quarter": 2,
            "eps": -0.71,
            "eps_growth_year": null,
            "eps_4q": -5.32,
            "eps_4q_growth_year": null,
            "roe": -6.27,
            "gross_profit": 2455,
            "gross_margin": 0.95,
            "net_income": -67872,
            "revenue": 258226,
            "common_shares": 960996,
            "equity": 1048327,
            "current_ratio": 147.25,
            "debt_ratio": 64.02,
            "inventory_turnover_ratio": 1.21,
            "account_receivable_turnover_ratio": 0.63,
            "reinvestment_rate": null,
            "research_to_sale_ratio": 2.79,
            "price_fair": 0,
            "eps_avg_yearly": 0,
            "eps_latest_yearly": 0,
            "eps_growth_yearly": 0
        },
        "20153": {
            "year_quarter": 20153,
            "year": 2015,
            "quarter": 3,
            "eps": -0.57,
            "eps_growth_year": null,
            "eps_4q": -4.6,
            "eps_4q_growth_year": null,
            "roe": -5.45,
            "gross_profit": -13311,
            "gross_margin": -7.69,
            "net_income": -55221,
            "revenue": 173106,
            "common_shares": 960996,
            "equity": 978067,
            "current_ratio": 168.26,
            "debt_ratio": 63.21,
            "inventory_turnover_ratio": 0.93,
            "account_receivable_turnover_ratio": 0.48,
            "reinvestment_rate": null,
            "research_to_sale_ratio": 5.8,
            "price_fair": 0,
            "eps_avg_yearly": 0,
            "eps_latest_yearly": 0,
            "eps_growth_yearly": 0
        },
        "20154": {
            "year_quarter": 20154,
            "year": 2015,
            "quarter": 4,
            "eps": -2.14,
            "eps_growth_year": null,
            "eps_4q": -4.03,
            "eps_4q_growth_year": null,
            "roe": -23.46,
            "gross_profit": -119949,
            "gross_margin": -66.78,
            "net_income": -205414,
            "revenue": 179627,
            "common_shares": 960996,
            "equity": 773494,
            "current_ratio": 78,
            "debt_ratio": 68.51,
            "inventory_turnover_ratio": 1.78,
            "account_receivable_turnover_ratio": 0.54,
            "reinvestment_rate": null,
            "research_to_sale_ratio": 8.57,
            "price_fair": 0,
            "eps_avg_yearly": 0,
            "eps_latest_yearly": 0,
            "eps_growth_yearly": 0
        },
        "20161": {
            "year_quarter": 20161,
            "year": 2016,
            "quarter": 1,
            "eps": -1.04,
            "eps_growth_year": null,
            "eps_4q": -4.45,
            "eps_4q_growth_year": null,
            "roe": -13.71,
            "gross_profit": -25517,
            "gross_margin": -17.23,
            "net_income": -99488,
            "revenue": 148101,
            "common_shares": 960996,
            "equity": 678256,
            "current_ratio": 62.16,
            "debt_ratio": 71.18,
            "inventory_turnover_ratio": 1.25,
            "account_receivable_turnover_ratio": 0.52,
            "reinvestment_rate": null,
            "research_to_sale_ratio": 6.64,
            "price_fair": 0,
            "eps_avg_yearly": 0,
            "eps_latest_yearly": 0,
            "eps_growth_yearly": 0
        },
        "20162": {
            "year_quarter": 20162,
            "year": 2016,
            "quarter": 2,
            "eps": -0.96,
            "eps_growth_year": null,
            "eps_4q": -4.7,
            "eps_4q_growth_year": null,
            "roe": -14.61,
            "gross_profit": -59726,
            "gross_margin": -49.71,
            "net_income": -91885,
            "revenue": 120148,
            "common_shares": 960996,
            "equity": 579866,
            "current_ratio": 54.06,
            "debt_ratio": 73.8,
            "inventory_turnover_ratio": 1.42,
            "account_receivable_turnover_ratio": 0.5,
            "reinvestment_rate": null,
            "research_to_sale_ratio": 6.43,
            "price_fair": 0,
            "eps_avg_yearly": 0,
            "eps_latest_yearly": 0,
            "eps_growth_yearly": 0
        },
        "20163": {
            "year_quarter": 20163,
            "year": 2016,
            "quarter": 3,
            "eps": -1.1,
            "eps_growth_year": null,
            "eps_4q": -5.23,
            "eps_4q_growth_year": null,
            "roe": -19.91,
            "gross_profit": -50075,
            "gross_margin": -44.73,
            "net_income": -105809,
            "revenue": 111955,
            "common_shares": 960996,
            "equity": 482875,
            "current_ratio": 46.16,
            "debt_ratio": 77.43,
            "inventory_turnover_ratio": 1.55,
            "account_receivable_turnover_ratio": 0.54,
            "reinvestment_rate": null,
            "research_to_sale_ratio": 5.64,
            "price_fair": 0,
            "eps_avg_yearly": 0,
            "eps_latest_yearly": 0,
            "eps_growth_yearly": 0
        },
        "20164": {
            "year_quarter": 20164,
            "year": 2016,
            "quarter": 4,
            "eps": -1.84,
            "eps_growth_year": null,
            "eps_4q": -4.93,
            "eps_4q_growth_year": null,
            "roe": -45,
            "gross_profit": -42800,
            "gross_margin": -37.28,
            "net_income": -176769,
            "revenue": 114792,
            "common_shares": 960996,
            "equity": 302819,
            "current_ratio": 65.39,
            "debt_ratio": 84.53,
            "inventory_turnover_ratio": 1.44,
            "account_receivable_turnover_ratio": 0.6,
            "reinvestment_rate": null,
            "research_to_sale_ratio": 6.3,
            "price_fair": 0,
            "eps_avg_yearly": 0,
            "eps_latest_yearly": 0,
            "eps_growth_yearly": 0
        },
        "20171": {
            "year_quarter": 20171,
            "year": 2017,
            "quarter": 1,
            "eps": -1.04,
            "eps_growth_year": null,
            "eps_4q": -4.94,
            "eps_4q_growth_year": null,
            "roe": -37.89,
            "gross_profit": -30256,
            "gross_margin": -33.36,
            "net_income": -99875,
            "revenue": 90701,
            "common_shares": 960996,
            "equity": 224350,
            "current_ratio": 60.28,
            "debt_ratio": 87.98,
            "inventory_turnover_ratio": 1.07,
            "account_receivable_turnover_ratio": 0.52,
            "reinvestment_rate": null,
            "research_to_sale_ratio": 9.92,
            "price_fair": 0,
            "eps_avg_yearly": 0,
            "eps_latest_yearly": 0,
            "eps_growth_yearly": 0
        },
        "20172": {
            "year_quarter": 20172,
            "year": 2017,
            "quarter": 2,
            "eps": -1.01,
            "eps_growth_year": null,
            "eps_4q": -4.99,
            "eps_4q_growth_year": null,
            "roe": -56.05,
            "gross_profit": -2712,
            "gross_margin": -3.64,
            "net_income": -97025,
            "revenue": 74407,
            "common_shares": 960996,
            "equity": 121879,
            "current_ratio": 54.46,
            "debt_ratio": 92.42,
            "inventory_turnover_ratio": 1.13,
            "account_receivable_turnover_ratio": 0.84,
            "reinvestment_rate": null,
            "research_to_sale_ratio": 8.94,
            "price_fair": 0,
            "eps_avg_yearly": 0,
            "eps_latest_yearly": 0,
            "eps_growth_yearly": 0
        },
        "20173": {
            "year_quarter": 20173,
            "year": 2017,
            "quarter": 3,
            "eps": 4.16,
            "eps_growth_year": null,
            "eps_4q": 0.27,
            "eps_4q_growth_year": null,
            "roe": 130.35,
            "gross_profit": -22401,
            "gross_margin": -75.07,
            "net_income": 399903,
            "revenue": 29840,
            "common_shares": 960996,
            "equity": 491718,
            "current_ratio": 63.5,
            "debt_ratio": 58.52,
            "inventory_turnover_ratio": 1.97,
            "account_receivable_turnover_ratio": 2.37,
            "reinvestment_rate": null,
            "research_to_sale_ratio": 30.24,
            "price_fair": 0,
            "eps_avg_yearly": 0,
            "eps_latest_yearly": 0,
            "eps_growth_yearly": 0
        },
        "20174": {
            "year_quarter": 20174,
            "year": 2017,
            "quarter": 4,
            "eps": -0.71,
            "eps_growth_year": null,
            "eps_4q": 1.4,
            "eps_4q_growth_year": null,
            "roe": -14.84,
            "gross_profit": -20339,
            "gross_margin": -225.31,
            "net_income": -68111,
            "revenue": 9027,
            "common_shares": 960996,
            "equity": 426151,
            "current_ratio": 55.18,
            "debt_ratio": 62.31,
            "inventory_turnover_ratio": 1.24,
            "account_receivable_turnover_ratio": 1.37,
            "reinvestment_rate": null,
            "research_to_sale_ratio": 59.34,
            "price_fair": 0,
            "eps_avg_yearly": 0,
            "eps_latest_yearly": 0,
            "eps_growth_yearly": 0
        },
        "20181": {
            "year_quarter": 20181,
            "year": 2018,
            "quarter": 1,
            "eps": -0.42,
            "eps_growth_year": null,
            "eps_4q": 2.02,
            "eps_4q_growth_year": null,
            "roe": -9.96,
            "gross_profit": -22303,
            "gross_margin": -297.06,
            "net_income": -40582,
            "revenue": 7508,
            "common_shares": 960996,
            "equity": 389109,
            "current_ratio": 45.48,
            "debt_ratio": 64.21,
            "inventory_turnover_ratio": 1.36,
            "account_receivable_turnover_ratio": 1.4,
            "reinvestment_rate": null,
            "research_to_sale_ratio": 75.37,
            "price_fair": 0,
            "eps_avg_yearly": 0,
            "eps_latest_yearly": 0,
            "eps_growth_yearly": 0
        },
        "20182": {
            "year_quarter": 20182,
            "year": 2018,
            "quarter": 2,
            "eps": -0.42,
            "eps_growth_year": null,
            "eps_4q": 2.62,
            "eps_4q_growth_year": null,
            "roe": -10.92,
            "gross_profit": -12826,
            "gross_margin": -77.55,
            "net_income": -39908,
            "revenue": 16538,
            "common_shares": 960996,
            "equity": 342091,
            "current_ratio": 41.28,
            "debt_ratio": 67.89,
            "inventory_turnover_ratio": 1.5,
            "account_receivable_turnover_ratio": 4.51,
            "reinvestment_rate": null,
            "research_to_sale_ratio": 43.5,
            "price_fair": 0,
            "eps_avg_yearly": 0,
            "eps_latest_yearly": 0,
            "eps_growth_yearly": 0
        },
        "20183": {
            "year_quarter": 20183,
            "year": 2018,
            "quarter": 3,
            "eps": -1.2,
            "eps_growth_year": -128.85,
            "eps_4q": -3.18,
            "eps_4q_growth_year": -1263.85,
            "roe": -14.53,
            "gross_profit": -17904,
            "gross_margin": -132.52,
            "net_income": -57756,
            "revenue": 13510,
            "common_shares": 480498,
            "equity": 452990,
            "current_ratio": 92.89,
            "debt_ratio": 60.52,
            "inventory_turnover_ratio": 1.85,
            "account_receivable_turnover_ratio": 3.5,
            "reinvestment_rate": null,
            "research_to_sale_ratio": 43.12,
            "price_fair": 0,
            "eps_avg_yearly": 0,
            "eps_latest_yearly": 0,
            "eps_growth_yearly": 0
        },
        "20184": {
            "year_quarter": 20184,
            "year": 2018,
            "quarter": 4,
            "eps": -0.67,
            "eps_growth_year": null,
            "eps_4q": -2.7,
            "eps_4q_growth_year": -292.67,
            "roe": -10.66,
            "gross_profit": -17785,
            "gross_margin": -203.21,
            "net_income": -45792,
            "revenue": 8752,
            "common_shares": 680498,
            "equity": 406200,
            "current_ratio": 69.8,
            "debt_ratio": 62.34,
            "inventory_turnover_ratio": 1.68,
            "account_receivable_turnover_ratio": 1.62,
            "reinvestment_rate": null,
            "research_to_sale_ratio": 85.53,
            "price_fair": 0,
            "eps_avg_yearly": 0,
            "eps_latest_yearly": 0,
            "eps_growth_yearly": 0
        },
        "20191": {
            "year_quarter": 20191,
            "year": 2019,
            "quarter": 1,
            "eps": -0.47,
            "eps_growth_year": null,
            "eps_4q": -2.57,
            "eps_4q_growth_year": -227.38,
            "roe": -8.24,
            "gross_profit": -9396,
            "gross_margin": -68.76,
            "net_income": -32197,
            "revenue": 13664,
            "common_shares": 680498,
            "equity": 375409,
            "current_ratio": 52.33,
            "debt_ratio": 64.68,
            "inventory_turnover_ratio": 1.42,
            "account_receivable_turnover_ratio": 2.41,
            "reinvestment_rate": null,
            "research_to_sale_ratio": 50.15,
            "price_fair": 0,
            "eps_avg_yearly": 0,
            "eps_latest_yearly": 0,
            "eps_growth_yearly": 0
        },
        "20192": {
            "year_quarter": 20192,
            "year": 2019,
            "quarter": 2,
            "eps": -0.45,
            "eps_growth_year": null,
            "eps_4q": -2.43,
            "eps_4q_growth_year": -193.09,
            "roe": -8.52,
            "gross_profit": -5338,
            "gross_margin": -35.36,
            "net_income": -30631,
            "revenue": 15094,
            "common_shares": 680498,
            "equity": 343540,
            "current_ratio": 39.77,
            "debt_ratio": 66.06,
            "inventory_turnover_ratio": 0.95,
            "account_receivable_turnover_ratio": 2.23,
            "reinvestment_rate": null,
            "research_to_sale_ratio": 41.27,
            "price_fair": 0,
            "eps_avg_yearly": 0,
            "eps_latest_yearly": 0,
            "eps_growth_yearly": 0
        },
        "20193": {
            "year_quarter": 20193,
            "year": 2019,
            "quarter": 3,
            "eps": -0.49,
            "eps_growth_year": null,
            "eps_4q": -1.86,
            "eps_4q_growth_year": null,
            "roe": -9.36,
            "gross_profit": -5846,
            "gross_margin": -20.13,
            "net_income": -34311,
            "revenue": 29042,
            "common_shares": 720498,
            "equity": 389461,
            "current_ratio": 45.97,
            "debt_ratio": 61.96,
            "inventory_turnover_ratio": 1.27,
            "account_receivable_turnover_ratio": 2.89,
            "reinvestment_rate": null,
            "research_to_sale_ratio": 23.26,
            "price_fair": 0,
            "eps_avg_yearly": 0,
            "eps_latest_yearly": 0,
            "eps_growth_yearly": 0
        },
        "20194": {
            "year_quarter": 20194,
            "year": 2019,
            "quarter": 4,
            "eps": -0.31,
            "eps_growth_year": null,
            "eps_4q": -1.48,
            "eps_4q_growth_year": null,
            "roe": -6.57,
            "gross_profit": 8044,
            "gross_margin": 21.02,
            "net_income": -26765,
            "revenue": 38268,
            "common_shares": 820498,
            "equity": 425791,
            "current_ratio": 44.21,
            "debt_ratio": 57.12,
            "inventory_turnover_ratio": 0.86,
            "account_receivable_turnover_ratio": 2.98,
            "reinvestment_rate": null,
            "research_to_sale_ratio": 19.39,
            "price_fair": 0,
            "eps_avg_yearly": 0,
            "eps_latest_yearly": 0,
            "eps_growth_yearly": 0
        },
        "20201": {
            "year_quarter": 20201,
            "year": 2020,
            "quarter": 1,
            "eps": -0.38,
            "eps_growth_year": null,
            "eps_4q": -1.39,
            "eps_4q_growth_year": null,
            "roe": -7.32,
            "gross_profit": -5480,
            "gross_margin": -14.16,
            "net_income": -31982,
            "revenue": 38687,
            "common_shares": 880498,
            "equity": 447777,
            "current_ratio": 32.87,
            "debt_ratio": 56.18,
            "inventory_turnover_ratio": 1.2,
            "account_receivable_turnover_ratio": 1.99,
            "reinvestment_rate": null,
            "research_to_sale_ratio": 18.33,
            "price_fair": 0,
            "eps_avg_yearly": 0,
            "eps_latest_yearly": 0,
            "eps_growth_yearly": 0
        },
        "20202": {
            "year_quarter": 20202,
            "year": 2020,
            "quarter": 2,
            "eps": -0.04,
            "eps_growth_year": null,
            "eps_4q": -1.01,
            "eps_4q_growth_year": null,
            "roe": -0.91,
            "gross_profit": 22158,
            "gross_margin": 24.54,
            "net_income": -4365,
            "revenue": 90310,
            "common_shares": 940498,
            "equity": 506529,
            "current_ratio": 147.28,
            "debt_ratio": 53.07,
            "inventory_turnover_ratio": 1.67,
            "account_receivable_turnover_ratio": 1.9,
            "reinvestment_rate": null,
            "research_to_sale_ratio": 8.23,
            "price_fair": 0,
            "eps_avg_yearly": 0,
            "eps_latest_yearly": 0,
            "eps_growth_yearly": 0
        },
        "20203": {
            "year_quarter": 20203,
            "year": 2020,
            "quarter": 3,
            "eps": -0.16,
            "eps_growth_year": null,
            "eps_4q": -0.81,
            "eps_4q_growth_year": null,
            "roe": -3.02,
            "gross_profit": 16546,
            "gross_margin": 20.39,
            "net_income": -15067,
            "revenue": 81157,
            "common_shares": 940498,
            "equity": 491633,
            "current_ratio": 97.49,
            "debt_ratio": 58.78,
            "inventory_turnover_ratio": 1.05,
            "account_receivable_turnover_ratio": 1.11,
            "reinvestment_rate": null,
            "research_to_sale_ratio": 9.69,
            "price_fair": 0,
            "eps_avg_yearly": 0,
            "eps_latest_yearly": 0,
            "eps_growth_yearly": 0
        },
        "20204": {
            "year_quarter": 20204,
            "year": 2020,
            "quarter": 4,
            "eps": -0.35,
            "eps_growth_year": null,
            "eps_4q": -0.86,
            "eps_4q_growth_year": null,
            "roe": -7.04,
            "gross_profit": -1052,
            "gross_margin": -2.3,
            "net_income": -35493,
            "revenue": 45694,
            "common_shares": 1000498,
            "equity": 516984,
            "current_ratio": 73.96,
            "debt_ratio": 60.09,
            "inventory_turnover_ratio": 0.7,
            "account_receivable_turnover_ratio": 0.7,
            "reinvestment_rate": null,
            "research_to_sale_ratio": 31.18,
            "price_fair": 0,
            "eps_avg_yearly": 0,
            "eps_latest_yearly": 0,
            "eps_growth_yearly": 0
        },
        "20211": {
            "year_quarter": 20211,
            "year": 2021,
            "quarter": 1,
            "eps": -0.29,
            "eps_growth_year": null,
            "eps_4q": -0.81,
            "eps_4q_growth_year": null,
            "roe": -5.72,
            "gross_profit": 1002,
            "gross_margin": 1.51,
            "net_income": -29564,
            "revenue": 66339,
            "common_shares": 1030498,
            "equity": 515956,
            "current_ratio": 101.72,
            "debt_ratio": 59.91,
            "inventory_turnover_ratio": 1.12,
            "account_receivable_turnover_ratio": 1.21,
            "reinvestment_rate": null,
            "research_to_sale_ratio": 26.43,
            "price_fair": 0,
            "eps_avg_yearly": 0,
            "eps_latest_yearly": 0,
            "eps_growth_yearly": 0
        },
        "20212": {
            "year_quarter": 20212,
            "year": 2021,
            "quarter": 2,
            "eps": -0.35,
            "eps_growth_year": null,
            "eps_4q": -1.12,
            "eps_4q_growth_year": null,
            "roe": -7.16,
            "gross_profit": -3187,
            "gross_margin": -4.55,
            "net_income": -35646,
            "revenue": 70008,
            "common_shares": 1030498,
            "equity": 480286,
            "current_ratio": 176.55,
            "debt_ratio": 62.84,
            "inventory_turnover_ratio": 1.29,
            "account_receivable_turnover_ratio": 1.31,
            "reinvestment_rate": null,
            "research_to_sale_ratio": 10.24,
            "price_fair": 0,
            "eps_avg_yearly": 0,
            "eps_latest_yearly": 0,
            "eps_growth_yearly": 0
        },
        "20213": {
            "year_quarter": 20213,
            "year": 2021,
            "quarter": 3,
            "eps": -0.47,
            "eps_growth_year": null,
            "eps_4q": -2.1,
            "eps_4q_growth_year": null,
            "roe": -6.23,
            "gross_profit": 1087,
            "gross_margin": 1.3,
            "net_income": -29411,
            "revenue": 83747,
            "common_shares": 618299,
            "equity": 464422,
            "current_ratio": 247.61,
            "debt_ratio": 64.21,
            "inventory_turnover_ratio": 1.6,
            "account_receivable_turnover_ratio": 1.45,
            "reinvestment_rate": null,
            "research_to_sale_ratio": 8.89,
            "price_fair": 0,
            "eps_avg_yearly": 0,
            "eps_latest_yearly": 0,
            "eps_growth_yearly": 0
        },
        "20214": {
            "year_quarter": 20214,
            "year": 2021,
            "quarter": 4,
            "eps": -0.41,
            "eps_growth_year": null,
            "eps_4q": -1.94,
            "eps_4q_growth_year": null,
            "roe": -5.72,
            "gross_profit": -5838,
            "gross_margin": -7.71,
            "net_income": -25847,
            "revenue": 75705,
            "common_shares": 618299,
            "equity": 439137,
            "current_ratio": 185.35,
            "debt_ratio": 67.36,
            "inventory_turnover_ratio": 1.71,
            "account_receivable_turnover_ratio": 1.24,
            "reinvestment_rate": null,
            "research_to_sale_ratio": 10.73,
            "price_fair": 0,
            "eps_avg_yearly": 0,
            "eps_latest_yearly": 0,
            "eps_growth_yearly": 0
        },
        "20221": {
            "year_quarter": 20221,
            "year": 2022,
            "quarter": 1,
            "eps": -0.45,
            "eps_growth_year": null,
            "eps_4q": -1.91,
            "eps_4q_growth_year": null,
            "roe": -6.7,
            "gross_profit": -2514,
            "gross_margin": -4.96,
            "net_income": -28466,
            "revenue": 50668,
            "common_shares": 618299,
            "equity": 410300,
            "current_ratio": 98.95,
            "debt_ratio": 66.83,
            "inventory_turnover_ratio": 1.26,
            "account_receivable_turnover_ratio": 1.08,
            "reinvestment_rate": null,
            "research_to_sale_ratio": 16.94,
            "price_fair": 0,
            "eps_avg_yearly": 0,
            "eps_latest_yearly": 0,
            "eps_growth_yearly": 0
        },
        "20222": {
            "year_quarter": 20222,
            "year": 2022,
            "quarter": 2,
            "eps": -0.61,
            "eps_growth_year": null,
            "eps_4q": -1.95,
            "eps_4q_growth_year": null,
            "roe": -9.79,
            "gross_profit": -7959,
            "gross_margin": -26.76,
            "net_income": -38311,
            "revenue": 29747,
            "common_shares": 618299,
            "equity": 372141,
            "current_ratio": 88.02,
            "debt_ratio": 72.17,
            "inventory_turnover_ratio": 1.12,
            "account_receivable_turnover_ratio": 0.81,
            "reinvestment_rate": null,
            "research_to_sale_ratio": 35.47,
            "price_fair": 0,
            "eps_avg_yearly": 0,
            "eps_latest_yearly": 0,
            "eps_growth_yearly": 0
        },
        "20223": {
            "year_quarter": 20223,
            "year": 2022,
            "quarter": 3,
            "eps": -0.29,
            "eps_growth_year": null,
            "eps_4q": -1.77,
            "eps_4q_growth_year": null,
            "roe": -5.27,
            "gross_profit": -2334,
            "gross_margin": -6.03,
            "net_income": -18698,
            "revenue": 38703,
            "common_shares": 618299,
            "equity": 337501,
            "current_ratio": 70.17,
            "debt_ratio": 73.46,
            "inventory_turnover_ratio": 1.04,
            "account_receivable_turnover_ratio": 1.21,
            "reinvestment_rate": null,
            "research_to_sale_ratio": 31.11,
            "price_fair": 0,
            "eps_avg_yearly": 0,
            "eps_latest_yearly": 0,
            "eps_growth_yearly": 0
        },
        "20224": {
            "year_quarter": 20224,
            "year": 2022,
            "quarter": 4,
            "eps": -0.66,
            "eps_growth_year": null,
            "eps_4q": -2.01,
            "eps_4q_growth_year": null,
            "roe": -12.6,
            "gross_profit": -9572,
            "gross_margin": -29.69,
            "net_income": -40105,
            "revenue": 32240,
            "common_shares": 618299,
            "equity": 299104,
            "current_ratio": 97.51,
            "debt_ratio": 76.81,
            "inventory_turnover_ratio": 0.79,
            "account_receivable_turnover_ratio": 1.06,
            "reinvestment_rate": null,
            "research_to_sale_ratio": 23.15,
            "price_fair": 0,
            "eps_avg_yearly": 0,
            "eps_latest_yearly": 0,
            "eps_growth_yearly": 0
        },
        "20231": {
            "year_quarter": 20231,
            "year": 2023,
            "quarter": 1,
            "eps": -0.75,
            "eps_growth_year": null,
            "eps_4q": -2.31,
            "eps_4q_growth_year": null,
            "roe": -16.73,
            "gross_profit": -14029,
            "gross_margin": -38,
            "net_income": -46158,
            "revenue": 36922,
            "common_shares": 618299,
            "equity": 252839,
            "current_ratio": 66.39,
            "debt_ratio": 80.28,
            "inventory_turnover_ratio": 1.03,
            "account_receivable_turnover_ratio": 1.24,
            "reinvestment_rate": null,
            "research_to_sale_ratio": 20.62,
            "price_fair": 0,
            "eps_avg_yearly": 0,
            "eps_latest_yearly": 0,
            "eps_growth_yearly": 0
        }
    },
    "months": {
        "2006-08": {
            "month": "2006-08",
            "price": "339.36",
            "revenue": 218244
        },
        "2006-09": {
            "month": "2006-09",
            "price": "325.38",
            "revenue": 289382
        },
        "2006-10": {
            "month": "2006-10",
            "price": "335.70",
            "revenue": 345917
        },
        "2006-11": {
            "month": "2006-11",
            "price": "339.37",
            "revenue": 246325
        },
        "2006-12": {
            "month": "2006-12",
            "price": "290.59",
            "revenue": 161751
        },
        "2007-01": {
            "month": "2007-01",
            "price": "265.73",
            "revenue": 166371
        },
        "2007-02": {
            "month": "2007-02",
            "price": "260.57",
            "revenue": 109710
        },
        "2007-03": {
            "month": "2007-03",
            "price": "234.89",
            "revenue": 152859
        },
        "2007-04": {
            "month": "2007-04",
            "price": "225.07",
            "revenue": 193092
        },
        "2007-05": {
            "month": "2007-05",
            "price": "224.43",
            "revenue": 325511
        },
        "2007-06": {
            "month": "2007-06",
            "price": "252.80",
            "revenue": 348401
        },
        "2007-07": {
            "month": "2007-07",
            "price": "271.61",
            "revenue": 418527
        },
        "2007-08": {
            "month": "2007-08",
            "price": "250.01",
            "revenue": 409265
        },
        "2007-09": {
            "month": "2007-09",
            "price": "203.59",
            "revenue": 386909
        },
        "2007-10": {
            "month": "2007-10",
            "price": "184.77",
            "revenue": 354223
        },
        "2007-11": {
            "month": "2007-11",
            "price": "138.32",
            "revenue": 315482
        },
        "2007-12": {
            "month": "2007-12",
            "price": "117.81",
            "revenue": 265487
        },
        "2008-01": {
            "month": "2008-01",
            "price": "105.10",
            "revenue": 303902
        },
        "2008-02": {
            "month": "2008-02",
            "price": "104.61",
            "revenue": 208597
        },
        "2008-03": {
            "month": "2008-03",
            "price": "118.45",
            "revenue": 302203
        },
        "2008-04": {
            "month": "2008-04",
            "price": "119.48",
            "revenue": 301412
        },
        "2008-05": {
            "month": "2008-05",
            "price": "110.95",
            "revenue": 234000
        },
        "2008-06": {
            "month": "2008-06",
            "price": "78.65",
            "revenue": 228888
        },
        "2008-07": {
            "month": "2008-07",
            "price": "63.35",
            "revenue": 209514
        },
        "2008-08": {
            "month": "2008-08",
            "price": "45.65",
            "revenue": 233149
        },
        "2008-09": {
            "month": "2008-09",
            "price": "36.17",
            "revenue": 309219
        },
        "2008-10": {
            "month": "2008-10",
            "price": "29.89",
            "revenue": 249290
        },
        "2008-11": {
            "month": "2008-11",
            "price": "20.34",
            "revenue": 178157
        },
        "2008-12": {
            "month": "2008-12",
            "price": "20.88",
            "revenue": 84712
        },
        "2009-01": {
            "month": "2009-01",
            "price": "24.59",
            "revenue": 103524
        },
        "2009-02": {
            "month": "2009-02",
            "price": "25.78",
            "revenue": 150799
        },
        "2009-03": {
            "month": "2009-03",
            "price": "38.52",
            "revenue": 157285
        },
        "2009-04": {
            "month": "2009-04",
            "price": "45.32",
            "revenue": 170971
        },
        "2009-05": {
            "month": "2009-05",
            "price": "50.05",
            "revenue": 148315
        },
        "2009-06": {
            "month": "2009-06",
            "price": "39.47",
            "revenue": 177043
        },
        "2009-07": {
            "month": "2009-07",
            "price": "41.61",
            "revenue": 211305
        },
        "2009-08": {
            "month": "2009-08",
            "price": "38.99",
            "revenue": 216335
        },
        "2009-09": {
            "month": "2009-09",
            "price": "42.00",
            "revenue": 236902
        },
        "2009-10": {
            "month": "2009-10",
            "price": "46.02",
            "revenue": 182885
        },
        "2009-11": {
            "month": "2009-11",
            "price": "49.38",
            "revenue": 169236
        },
        "2009-12": {
            "month": "2009-12",
            "price": "77.17",
            "revenue": 159013
        },
        "2010-01": {
            "month": "2010-01",
            "price": "75.22",
            "revenue": 191942
        },
        "2010-02": {
            "month": "2010-02",
            "price": "65.65",
            "revenue": 157476
        },
        "2010-03": {
            "month": "2010-03",
            "price": "71.11",
            "revenue": 235288
        },
        "2010-04": {
            "month": "2010-04",
            "price": "61.70",
            "revenue": 221186
        },
        "2010-05": {
            "month": "2010-05",
            "price": "53.10",
            "revenue": 185618
        },
        "2010-06": {
            "month": "2010-06",
            "price": "49.41",
            "revenue": 210594
        },
        "2010-07": {
            "month": "2010-07",
            "price": "53.49",
            "revenue": 225333
        },
        "2010-08": {
            "month": "2010-08",
            "price": "54.91",
            "revenue": 205327
        },
        "2010-09": {
            "month": "2010-09",
            "price": "50.90",
            "revenue": 199487
        },
        "2010-10": {
            "month": "2010-10",
            "price": "51.24",
            "revenue": 153581
        },
        "2010-11": {
            "month": "2010-11",
            "price": "45.44",
            "revenue": 193572
        },
        "2010-12": {
            "month": "2010-12",
            "price": "45.07",
            "revenue": 197829
        },
        "2011-01": {
            "month": "2011-01",
            "price": "43.10",
            "revenue": 202083
        },
        "2011-02": {
            "month": "2011-02",
            "price": "43.21",
            "revenue": 118176
        },
        "2011-03": {
            "month": "2011-03",
            "price": "46.45",
            "revenue": 221326
        },
        "2011-04": {
            "month": "2011-04",
            "price": "43.85",
            "revenue": 169622
        },
        "2011-05": {
            "month": "2011-05",
            "price": "40.12",
            "revenue": 191801
        },
        "2011-06": {
            "month": "2011-06",
            "price": "37.04",
            "revenue": 167816
        },
        "2011-07": {
            "month": "2011-07",
            "price": "26.04",
            "revenue": 181646
        },
        "2011-08": {
            "month": "2011-08",
            "price": "22.49",
            "revenue": 217804
        },
        "2011-09": {
            "month": "2011-09",
            "price": "22.48",
            "revenue": 240437
        },
        "2011-10": {
            "month": "2011-10",
            "price": "21.71",
            "revenue": 221186
        },
        "2011-11": {
            "month": "2011-11",
            "price": "20.26",
            "revenue": 278592
        },
        "2011-12": {
            "month": "2011-12",
            "price": "21.50",
            "revenue": 188862
        },
        "2012-01": {
            "month": "2012-01",
            "price": "24.12",
            "revenue": 174885
        },
        "2012-02": {
            "month": "2012-02",
            "price": "30.34",
            "revenue": 165416
        },
        "2012-03": {
            "month": "2012-03",
            "price": "32.21",
            "revenue": 184351
        },
        "2012-04": {
            "month": "2012-04",
            "price": "26.32",
            "revenue": 187328
        },
        "2012-05": {
            "month": "2012-05",
            "price": "23.76",
            "revenue": 183100
        },
        "2012-06": {
            "month": "2012-06",
            "price": "23.98",
            "revenue": 163199
        },
        "2012-07": {
            "month": "2012-07",
            "price": "25.52",
            "revenue": 180793
        },
        "2012-08": {
            "month": "2012-08",
            "price": "29.87",
            "revenue": 174601
        },
        "2012-09": {
            "month": "2012-09",
            "price": "29.50",
            "revenue": 160154
        },
        "2012-10": {
            "month": "2012-10",
            "price": "27.62",
            "revenue": 156543
        },
        "2012-11": {
            "month": "2012-11",
            "price": "25.18",
            "revenue": 150644
        },
        "2012-12": {
            "month": "2012-12",
            "price": "23.65",
            "revenue": 130218
        },
        "2013-01": {
            "month": "2013-01",
            "price": "22.82",
            "revenue": 129089
        },
        "2013-02": {
            "month": "2013-02",
            "price": "21.97",
            "revenue": 95465
        },
        "2013-03": {
            "month": "2013-03",
            "price": "20.96",
            "revenue": 115414
        },
        "2013-04": {
            "month": "2013-04",
            "price": "18.94",
            "revenue": 121529
        },
        "2013-05": {
            "month": "2013-05",
            "price": "20.03",
            "revenue": 129837
        },
        "2013-06": {
            "month": "2013-06",
            "price": "20.18",
            "revenue": 102581
        },
        "2013-07": {
            "month": "2013-07",
            "price": "19.34",
            "revenue": 126843
        },
        "2013-08": {
            "month": "2013-08",
            "price": "19.10",
            "revenue": 147478
        },
        "2013-09": {
            "month": "2013-09",
            "price": "20.87",
            "revenue": 138184
        },
        "2013-10": {
            "month": "2013-10",
            "price": "22.95",
            "revenue": 122695
        },
        "2013-11": {
            "month": "2013-11",
            "price": "23.22",
            "revenue": 167429
        },
        "2013-12": {
            "month": "2013-12",
            "price": "23.65",
            "revenue": 166447
        },
        "2014-01": {
            "month": "2014-01",
            "price": "24.83",
            "revenue": 117524
        },
        "2014-02": {
            "month": "2014-02",
            "price": "27.78",
            "revenue": 101528
        },
        "2014-03": {
            "month": "2014-03",
            "price": "28.68",
            "revenue": 127935
        },
        "2014-04": {
            "month": "2014-04",
            "price": "29.13",
            "revenue": 154531
        },
        "2014-05": {
            "month": "2014-05",
            "price": "28.31",
            "revenue": 155451
        },
        "2014-06": {
            "month": "2014-06",
            "price": "30.74",
            "revenue": 148944
        },
        "2014-07": {
            "month": "2014-07",
            "price": "27.12",
            "revenue": 137730
        },
        "2014-08": {
            "month": "2014-08",
            "price": "25.11",
            "revenue": 93433
        },
        "2014-09": {
            "month": "2014-09",
            "price": "24.34",
            "revenue": 125888
        },
        "2014-10": {
            "month": "2014-10",
            "price": "23.56",
            "revenue": 111468
        },
        "2014-11": {
            "month": "2014-11",
            "price": "21.91",
            "revenue": 103571
        },
        "2014-12": {
            "month": "2014-12",
            "price": "21.86",
            "revenue": 101014
        },
        "2015-01": {
            "month": "2015-01",
            "price": "20.09",
            "revenue": 93298
        },
        "2015-02": {
            "month": "2015-02",
            "price": "18.76",
            "revenue": 92376
        },
        "2015-03": {
            "month": "2015-03",
            "price": "18.45",
            "revenue": 107646
        },
        "2015-04": {
            "month": "2015-04",
            "price": "18.24",
            "revenue": 96378
        },
        "2015-05": {
            "month": "2015-05",
            "price": "20.06",
            "revenue": 81169
        },
        "2015-06": {
            "month": "2015-06",
            "price": "20.70",
            "revenue": 76614
        },
        "2015-07": {
            "month": "2015-07",
            "price": "23.81",
            "revenue": 58889
        },
        "2015-08": {
            "month": "2015-08",
            "price": "21.87",
            "revenue": 62510
        },
        "2015-09": {
            "month": "2015-09",
            "price": "28.20",
            "revenue": 56472
        },
        "2015-10": {
            "month": "2015-10",
            "price": "23.91",
            "revenue": 73191
        },
        "2015-11": {
            "month": "2015-11",
            "price": "22.92",
            "revenue": 56834
        },
        "2015-12": {
            "month": "2015-12",
            "price": "24.61",
            "revenue": 49949
        },
        "2016-01": {
            "month": "2016-01",
            "price": "26.33",
            "revenue": 55157
        },
        "2016-02": {
            "month": "2016-02",
            "price": "27.50",
            "revenue": 36694
        },
        "2016-03": {
            "month": "2016-03",
            "price": "27.11",
            "revenue": 56239
        },
        "2016-04": {
            "month": "2016-04",
            "price": "26.85",
            "revenue": 44738
        },
        "2016-05": {
            "month": "2016-05",
            "price": "23.25",
            "revenue": 35948
        },
        "2016-06": {
            "month": "2016-06",
            "price": "21.02",
            "revenue": 39514
        },
        "2016-07": {
            "month": "2016-07",
            "price": "19.73",
            "revenue": 38077
        },
        "2016-08": {
            "month": "2016-08",
            "price": "19.78",
            "revenue": 34570
        },
        "2016-09": {
            "month": "2016-09",
            "price": "16.56",
            "revenue": 39433
        },
        "2016-10": {
            "month": "2016-10",
            "price": "16.77",
            "revenue": 36891
        },
        "2016-11": {
            "month": "2016-11",
            "price": "15.78",
            "revenue": 37536
        },
        "2016-12": {
            "month": "2016-12",
            "price": "13.68",
            "revenue": 39809
        },
        "2017-01": {
            "month": "2017-01",
            "price": "13.65",
            "revenue": 21367
        },
        "2017-02": {
            "month": "2017-02",
            "price": "13.94",
            "revenue": 33519
        },
        "2017-03": {
            "month": "2017-03",
            "price": "12.87",
            "revenue": 35461
        },
        "2017-04": {
            "month": "2017-04",
            "price": "9.74",
            "revenue": 25939
        },
        "2017-05": {
            "month": "2017-05",
            "price": "9.86",
            "revenue": 19969
        },
        "2017-06": {
            "month": "2017-06",
            "price": "11.95",
            "revenue": 28285
        },
        "2017-07": {
            "month": "2017-07",
            "price": "11.08",
            "revenue": 13868
        },
        "2017-08": {
            "month": "2017-08",
            "price": "9.79",
            "revenue": 8152
        },
        "2017-09": {
            "month": "2017-09",
            "price": "9.56",
            "revenue": 5083
        },
        "2017-10": {
            "month": "2017-10",
            "price": "9.74",
            "revenue": 3432
        },
        "2017-11": {
            "month": "2017-11",
            "price": "10.45",
            "revenue": 2267
        },
        "2017-12": {
            "month": "2017-12",
            "price": "10.87",
            "revenue": 5690
        },
        "2018-01": {
            "month": "2018-01",
            "price": "9.48",
            "revenue": 1670
        },
        "2018-02": {
            "month": "2018-02",
            "price": "9.60",
            "revenue": 1530
        },
        "2018-03": {
            "month": "2018-03",
            "price": "8.56",
            "revenue": 4307
        },
        "2018-04": {
            "month": "2018-04",
            "price": "8.02",
            "revenue": 5721
        },
        "2018-05": {
            "month": "2018-05",
            "price": "6.89",
            "revenue": 5428
        },
        "2018-06": {
            "month": "2018-06",
            "price": "6.42",
            "revenue": 5345
        },
        "2018-07": {
            "month": "2018-07",
            "price": "5.09",
            "revenue": 5492
        },
        "2018-08": {
            "month": "2018-08",
            "price": "5.21",
            "revenue": 4268
        },
        "2018-09": {
            "month": "2018-09",
            "price": "12.41",
            "revenue": 3125
        },
        "2018-10": {
            "month": "2018-10",
            "price": "14.96",
            "revenue": 3839
        },
        "2018-11": {
            "month": "2018-11",
            "price": "13.65",
            "revenue": 3026
        },
        "2018-12": {
            "month": "2018-12",
            "price": "14.85",
            "revenue": 2383
        },
        "2019-01": {
            "month": "2019-01",
            "price": "14.54",
            "revenue": 4215
        },
        "2019-02": {
            "month": "2019-02",
            "price": "14.42",
            "revenue": 2916
        },
        "2019-03": {
            "month": "2019-03",
            "price": "13.80",
            "revenue": 6508
        },
        "2019-04": {
            "month": "2019-04",
            "price": "13.01",
            "revenue": 4403
        },
        "2019-05": {
            "month": "2019-05",
            "price": "12.92",
            "revenue": 4401
        },
        "2019-06": {
            "month": "2019-06",
            "price": "12.57",
            "revenue": 6296
        },
        "2019-07": {
            "month": "2019-07",
            "price": "10.22",
            "revenue": 7553
        },
        "2019-08": {
            "month": "2019-08",
            "price": "11.40",
            "revenue": 10085
        },
        "2019-09": {
            "month": "2019-09",
            "price": "11.96",
            "revenue": 11725
        },
        "2019-10": {
            "month": "2019-10",
            "price": "11.88",
            "revenue": 10640
        },
        "2019-11": {
            "month": "2019-11",
            "price": "11.54",
            "revenue": 10434
        },
        "2019-12": {
            "month": "2019-12",
            "price": "11.05",
            "revenue": 17011
        },
        "2020-01": {
            "month": "2020-01",
            "price": "10.97",
            "revenue": 15187
        },
        "2020-02": {
            "month": "2020-02",
            "price": "11.38",
            "revenue": 10403
        },
        "2020-03": {
            "month": "2020-03",
            "price": "10.76",
            "revenue": 12915
        },
        "2020-04": {
            "month": "2020-04",
            "price": "9.96",
            "revenue": 15969
        },
        "2020-05": {
            "month": "2020-05",
            "price": "10.13",
            "revenue": 30365
        },
        "2020-06": {
            "month": "2020-06",
            "price": "12.56",
            "revenue": 44501
        },
        "2020-07": {
            "month": "2020-07",
            "price": "14.87",
            "revenue": 40016
        },
        "2020-08": {
            "month": "2020-08",
            "price": "16.86",
            "revenue": 20739
        },
        "2020-09": {
            "month": "2020-09",
            "price": "15.58",
            "revenue": 20014
        },
        "2020-10": {
            "month": "2020-10",
            "price": "13.66",
            "revenue": 15086
        },
        "2020-11": {
            "month": "2020-11",
            "price": "13.08",
            "revenue": 15073
        },
        "2020-12": {
            "month": "2020-12",
            "price": "12.27",
            "revenue": 15444
        },
        "2021-01": {
            "month": "2021-01",
            "price": "11.73",
            "revenue": 24025
        },
        "2021-02": {
            "month": "2021-02",
            "price": "11.60",
            "revenue": 21064
        },
        "2021-03": {
            "month": "2021-03",
            "price": "11.71",
            "revenue": 21582
        },
        "2021-04": {
            "month": "2021-04",
            "price": "11.84",
            "revenue": 19305
        },
        "2021-05": {
            "month": "2021-05",
            "price": "10.07",
            "revenue": 24450
        },
        "2021-06": {
            "month": "2021-06",
            "price": "9.21",
            "revenue": 26290
        },
        "2021-07": {
            "month": "2021-07",
            "price": "9.14",
            "revenue": 27107
        },
        "2021-08": {
            "month": "2021-08",
            "price": "8.21",
            "revenue": 27359
        },
        "2021-09": {
            "month": "2021-09",
            "price": "7.70",
            "revenue": 29294
        },
        "2021-10": {
            "month": "2021-10",
            "price": "6.96",
            "revenue": 23152
        },
        "2021-11": {
            "month": "2021-11",
            "price": "7.78",
            "revenue": 24452
        },
        "2021-12": {
            "month": "2021-12",
            "price": "11.95",
            "revenue": 28148
        },
        "2022-01": {
            "month": "2022-01",
            "price": "11.04",
            "revenue": 21742
        },
        "2022-02": {
            "month": "2022-02",
            "price": "11.95",
            "revenue": 15311
        },
        "2022-03": {
            "month": "2022-03",
            "price": "10.64",
            "revenue": 13581
        },
        "2022-04": {
            "month": "2022-04",
            "price": "10.47",
            "revenue": 6827
        },
        "2022-05": {
            "month": "2022-05",
            "price": "10.53",
            "revenue": 11814
        },
        "2022-06": {
            "month": "2022-06",
            "price": "10.31",
            "revenue": 10785
        },
        "2022-07": {
            "month": "2022-07",
            "price": "10.88",
            "revenue": 14622
        },
        "2022-08": {
            "month": "2022-08",
            "price": "11.67",
            "revenue": 13051
        },
        "2022-09": {
            "month": "2022-09",
            "price": "17.50",
            "revenue": 11022
        },
        "2022-10": {
            "month": "2022-10",
            "price": "19.84",
            "revenue": 10056
        },
        "2022-11": {
            "month": "2022-11",
            "price": "18.94",
            "revenue": 11435
        },
        "2022-12": {
            "month": "2022-12",
            "price": "18.97",
            "revenue": 10498
        },
        "2023-01": {
            "month": "2023-01",
            "price": "18.60",
            "revenue": 14731
        },
        "2023-02": {
            "month": "2023-02",
            "price": "18.89",
            "revenue": 9655
        },
        "2023-03": {
            "month": "2023-03",
            "price": "20.41",
            "revenue": 12537
        },
        "2023-04": {
            "month": "2023-04",
            "price": "18.62",
            "revenue": 18118
        }
    }
}
