{
    "summary": {
        "stock_name": "凡甲",
        "stock_id": "3526",
        "category": "電子零組件",
        "main_business": "電子連接器、連接線及其零組件之研發、生產、銷售及前述有關產品<br>之進出口貿易業務，若按終端應用主要可區分為伺服器、汽車、筆記<br>型電腦、工業電腦、網通設備、醫療設備等連接器及高速連接線。",
        "website_url": "http://www.otop.com.tw/",
        "ceo": "張一偉",
        "pe_ratio": 19,
        "report_year_from": 2006,
        "report_year_to": 2023,
        "age": 18,
        "eps_negative_percentage": 0,
        "eps_growth_avg": {
            "last_all": 13.62,
            "last_2y": 21.2,
            "last_4y": 19.6,
            "last_8y": 25.92,
            "last_12y": 12.37,
            "last_16y": 13.62,
            "last_20y": null,
            "at_2006_last_3y": null,
            "at_2007_last_3y": null,
            "at_2008_last_3y": null,
            "at_2009_last_3y": null,
            "at_2010_last_3y": 17.7,
            "at_2011_last_3y": -12.43,
            "at_2012_last_3y": -9.57,
            "at_2013_last_3y": -51.13,
            "at_2014_last_3y": -18.12,
            "at_2015_last_3y": -0.68,
            "at_2016_last_3y": 28.95,
            "at_2017_last_3y": 41.07,
            "at_2018_last_3y": 33.82,
            "at_2019_last_3y": 34.74,
            "at_2020_last_3y": 14.29,
            "at_2021_last_3y": 40.25,
            "at_2022_last_3y": 18.47,
            "at_2023_last_3y": 20.45,
            "at_2024_last_3y": 20.45,
            "at_2006_last_all": null,
            "at_2007_last_all": null,
            "at_2008_last_all": 16.65,
            "at_2009_last_all": 34.29,
            "at_2010_last_all": 17.7,
            "at_2011_last_all": 2.71,
            "at_2012_last_all": -0.83,
            "at_2013_last_all": -14.52,
            "at_2014_last_all": -0.21,
            "at_2015_last_all": 1.2,
            "at_2016_last_all": 11.08,
            "at_2017_last_all": 5.69,
            "at_2018_last_all": 11.14,
            "at_2019_last_all": 11.52,
            "at_2020_last_all": 12,
            "at_2021_last_all": 14.91,
            "at_2022_last_all": 12.97,
            "at_2023_last_all": 13.62,
            "at_2024_last_all": 13.62
        },
        "latest_eps": 11.66,
        "latest_price": 216.5,
        "latest_roe": 26.91,
        "latest_gross_margin": 52.63,
        "latest_equity": 2609853,
        "latest_revenue": 686616,
        "latest_gross_profit": 361390,
        "latest_net_income": 199920,
        "latest_debt_ratio": 40.56,
        "latest_current_ratio": 326.51,
        "latest_account_receivable_turnover_ratio": 0.69,
        "latest_inventory_turnover_ratio": 2.09,
        "latest_reinvestment_rate": 6.73,
        "latest_research_to_sale_ratio": 2.37
    },
    "eps_dividends": {
        "2001": {
            "cash": 0,
            "stock": 0,
            "eps": 0
        },
        "2002": {
            "cash": 0,
            "stock": 0,
            "eps": 0
        },
        "2003": {
            "cash": 0,
            "stock": 0,
            "eps": 0
        },
        "2004": {
            "cash": 0,
            "stock": 0,
            "eps": 0
        },
        "2005": {
            "cash": 0,
            "stock": 0,
            "eps": 0
        },
        "2006": {
            "cash": 0,
            "stock": 0,
            "eps": 4.6
        },
        "2007": {
            "cash": 2.2,
            "stock": 1.8,
            "eps": 7.51
        },
        "2008": {
            "cash": 3.3,
            "stock": 2.3,
            "eps": 5.26
        },
        "2009": {
            "cash": 2.8,
            "stock": 1.3,
            "eps": 8.92
        },
        "2010": {
            "cash": 6.8,
            "stock": 1,
            "eps": 6.06
        },
        "2011": {
            "cash": 4.75,
            "stock": 1,
            "eps": 2.59
        },
        "2012": {
            "cash": 2.2,
            "stock": 0,
            "eps": 2.11
        },
        "2013": {
            "cash": 1.68,
            "stock": 0,
            "eps": 0.07
        },
        "2014": {
            "cash": 0.5,
            "stock": 0,
            "eps": 1.28
        },
        "2015": {
            "cash": 1.2,
            "stock": 0,
            "eps": 1.44
        },
        "2016": {
            "cash": 1.8,
            "stock": 0,
            "eps": 5.93
        },
        "2017": {
            "cash": 4.8,
            "stock": 0,
            "eps": 3.07
        },
        "2018": {
            "cash": 2.5,
            "stock": 0,
            "eps": 5.25
        },
        "2019": {
            "cash": 5.2,
            "stock": 0,
            "eps": 6.1
        },
        "2020": {
            "cash": 5.36,
            "stock": 0,
            "eps": 7.21
        },
        "2021": {
            "cash": 9.58,
            "stock": 0,
            "eps": 11.22
        },
        "2022": {
            "cash": 11.16,
            "stock": 0,
            "eps": 9.41
        },
        "2023": {
            "cash": 9.4,
            "stock": 0,
            "eps": 11.68
        },
        "2024": {
            "cash": 11.6,
            "stock": 0,
            "eps": 0
        }
    },
    "dividends": {
        "2007-04-02": {
            "cash": 2.2,
            "stock": 1.8
        },
        "2008-03-24": {
            "cash": 3.3,
            "stock": 2.3
        },
        "2009-03-31": {
            "cash": 2.8,
            "stock": 1.3
        },
        "2010-03-08": {
            "cash": 6.8,
            "stock": 1
        },
        "2011-04-28": {
            "cash": 4.75,
            "stock": 1
        },
        "2012-06-27": {
            "cash": 2.2,
            "stock": 0
        },
        "2013-06-17": {
            "cash": 1.68,
            "stock": 0
        },
        "2014-09-30": {
            "cash": 0.5,
            "stock": 0
        },
        "2015-08-13": {
            "cash": 1.2,
            "stock": 0
        },
        "2016-08-15": {
            "cash": 1.8,
            "stock": 0
        },
        "2017-07-28": {
            "cash": 4.8,
            "stock": 0
        },
        "2018-08-16": {
            "cash": 2.5,
            "stock": 0
        },
        "2019-08-09": {
            "cash": 5.2,
            "stock": 0
        },
        "2020-08-11": {
            "cash": 5.36,
            "stock": 0
        },
        "2021-08-31": {
            "cash": 9.58,
            "stock": 0
        },
        "2022-08-18": {
            "cash": 11.16,
            "stock": 0
        },
        "2023-08-17": {
            "cash": 9.4,
            "stock": 0
        },
        "2024-03-05": {
            "cash": 11.6,
            "stock": 0
        }
    },
    "prices": {
        "200101": "無",
        "200102": "無",
        "200103": "無",
        "200104": "無",
        "200105": "無",
        "200106": "無",
        "200107": "無",
        "200108": "無",
        "200109": "無",
        "200110": "無",
        "200111": "無",
        "200112": "無",
        "200201": "無",
        "200202": "無",
        "200203": "無",
        "200204": "無",
        "200205": "無",
        "200206": "無",
        "200207": "無",
        "200208": "無",
        "200209": "無",
        "200210": "無",
        "200211": "無",
        "200212": "無",
        "200301": "無",
        "200302": "無",
        "200303": "無",
        "200304": "無",
        "200305": "無",
        "200306": "無",
        "200307": "無",
        "200308": "無",
        "200309": "無",
        "200310": "無",
        "200311": "無",
        "200312": "無",
        "200401": "無",
        "200402": "無",
        "200403": "無",
        "200404": "無",
        "200405": "無",
        "200406": "無",
        "200407": "無",
        "200408": "無",
        "200409": "無",
        "200410": "無",
        "200411": "無",
        "200412": "無",
        "200501": "無",
        "200502": "無",
        "200503": "無",
        "200504": "無",
        "200505": "無",
        "200506": "無",
        "200507": "無",
        "200508": "無",
        "200509": "無",
        "200510": "無",
        "200511": "無",
        "200512": "無",
        "200601": "無",
        "200602": "無",
        "200603": "無",
        "200604": "無",
        "200605": "無",
        "200606": "無",
        "200607": "無",
        "200608": "無",
        "200609": "無",
        "200610": "無",
        "200611": "57.87",
        "200612": "55.12",
        "200701": "54.85",
        "200702": "56.50",
        "200703": "68.13",
        "200704": "68.13",
        "200705": "75.46",
        "200706": "96.20",
        "200707": "114.54",
        "200708": "122.22",
        "200709": "101.11",
        "200710": "97.61",
        "200711": "85.60",
        "200712": "76.67",
        "200801": "55.73",
        "200802": "54.92",
        "200803": "66.20",
        "200804": "71.22",
        "200805": "59.08",
        "200806": "49.81",
        "200807": "43.93",
        "200808": "40.03",
        "200809": "32.56",
        "200810": "26.46",
        "200811": "26.58",
        "200812": "23.08",
        "200901": "24.31",
        "200902": "25.65",
        "200903": "34.15",
        "200904": "53.26",
        "200905": "64.63",
        "200906": "60.07",
        "200907": "67.32",
        "200908": "84.02",
        "200909": "95.36",
        "200910": "90.98",
        "200911": "85.47",
        "200912": "89.93",
        "201001": "88.02",
        "201002": "82.49",
        "201003": "94.10",
        "201004": "110.40",
        "201005": "109.45",
        "201006": "103.18",
        "201007": "93.89",
        "201008": "83.66",
        "201009": "74.55",
        "201010": "75.52",
        "201011": "71.67",
        "201012": "73.63",
        "201101": "71.88",
        "201102": "69.21",
        "201103": "67.53",
        "201104": "66.35",
        "201105": "66.62",
        "201106": "62.75",
        "201107": "60.41",
        "201108": "41.78",
        "201109": "39.55",
        "201110": "39.26",
        "201111": "35.20",
        "201112": "29.06",
        "201201": "33.74",
        "201202": "41.87",
        "201203": "44.02",
        "201204": "36.72",
        "201205": "33.84",
        "201206": "34.20",
        "201207": "34.68",
        "201208": "36.73",
        "201209": "38.66",
        "201210": "35.00",
        "201211": "30.61",
        "201212": "30.58",
        "201301": "32.58",
        "201302": "32.10",
        "201303": "32.02",
        "201304": "29.86",
        "201305": "29.79",
        "201306": "29.75",
        "201307": "29.11",
        "201308": "27.36",
        "201309": "23.85",
        "201310": "24.35",
        "201311": "23.98",
        "201312": "25.44",
        "201401": "28.02",
        "201402": "27.41",
        "201403": "26.90",
        "201404": "26.10",
        "201405": "26.04",
        "201406": "25.61",
        "201407": "25.04",
        "201408": "25.04",
        "201409": "26.82",
        "201410": "28.45",
        "201411": "29.08",
        "201412": "31.55",
        "201501": "33.28",
        "201502": "32.92",
        "201503": "37.54",
        "201504": "33.90",
        "201505": "27.22",
        "201506": "24.17",
        "201507": "21.67",
        "201508": "19.21",
        "201509": "19.54",
        "201510": "22.28",
        "201511": "22.22",
        "201512": "21.37",
        "201601": "23.49",
        "201602": "29.58",
        "201603": "34.14",
        "201604": "39.61",
        "201605": "36.24",
        "201606": "40.35",
        "201607": "50.43",
        "201608": "66.95",
        "201609": "84.17",
        "201610": "73.74",
        "201611": "71.85",
        "201612": "76.67",
        "201701": "69.04",
        "201702": "70.91",
        "201703": "70.46",
        "201704": "69.42",
        "201705": "70.04",
        "201706": "78.66",
        "201707": "76.30",
        "201708": "69.70",
        "201709": "68.61",
        "201710": "80.22",
        "201711": "76.95",
        "201712": "75.36",
        "201801": "78.30",
        "201802": "76.54",
        "201803": "71.40",
        "201804": "67.68",
        "201805": "63.08",
        "201806": "64.26",
        "201807": "61.96",
        "201808": "57.73",
        "201809": "56.28",
        "201810": "48.68",
        "201811": "50.74",
        "201812": "51.95",
        "201901": "53.31",
        "201902": "60.55",
        "201903": "66.18",
        "201904": "65.88",
        "201905": "59.58",
        "201906": "59.45",
        "201907": "61.49",
        "201908": "59.34",
        "201909": "64.60",
        "201910": "73.83",
        "201911": "74.57",
        "201912": "76.65",
        "202001": "78.85",
        "202002": "70.25",
        "202003": "73.76",
        "202004": "84.99",
        "202005": "95.34",
        "202006": "94.26",
        "202007": "91.91",
        "202008": "89.00",
        "202009": "85.37",
        "202010": "79.82",
        "202011": "80.55",
        "202012": "82.45",
        "202101": "92.27",
        "202102": "101.22",
        "202103": "129.63",
        "202104": "163.39",
        "202105": "136.38",
        "202106": "143.69",
        "202107": "174.93",
        "202108": "183.98",
        "202109": "167.18",
        "202110": "150.28",
        "202111": "167.14",
        "202112": "176.48",
        "202201": "181.42",
        "202202": "195.13",
        "202203": "191.98",
        "202204": "175.50",
        "202205": "167.52",
        "202206": "159.83",
        "202207": "141.57",
        "202208": "148.22",
        "202209": "146.64",
        "202210": "120.32",
        "202211": "121.18",
        "202212": "120.91",
        "202301": "119.65",
        "202302": "131.69",
        "202303": "140.67",
        "202304": "138.62",
        "202305": "138.16",
        "202306": "156.72",
        "202307": "164.43",
        "202308": "169.05",
        "202309": "173.58",
        "202310": "187.42",
        "202311": "185.11",
        "202312": "191.33",
        "202401": "189.50",
        "202402": "203.50",
        "202403": "214.52",
        "202404": "無"
    },
    "quarters": {
        "20011": {
            "year_quarter": 20011,
            "year": 2001,
            "quarter": 1,
            "eps": null,
            "eps_growth_year": null,
            "eps_4q": null,
            "eps_4q_growth_year": null,
            "roe": null,
            "roe_4q": 0,
            "gross_profit": null,
            "gross_margin": null,
            "gross_margin_4q_avg": 0,
            "net_income": null,
            "net_income_4q": null,
            "revenue": null,
            "revenue_4q": null,
            "common_shares": null,
            "book_valuer_per_share": null,
            "book_valuer_per_share_4q_avg": 0,
            "equity": null,
            "current_ratio": null,
            "debt_ratio": null,
            "inventory_turnover_ratio": null,
            "account_receivable_turnover_ratio": null,
            "reinvestment_rate": null,
            "research_to_sale_ratio": null,
            "price_fair": 0,
            "eps_avg_yearly": 0,
            "eps_latest_yearly": 0,
            "eps_growth_yearly": 0
        },
        "20012": {
            "year_quarter": 20012,
            "year": 2001,
            "quarter": 2,
            "eps": null,
            "eps_growth_year": null,
            "eps_4q": null,
            "eps_4q_growth_year": null,
            "roe": null,
            "roe_4q": 0,
            "gross_profit": null,
            "gross_margin": null,
            "gross_margin_4q_avg": 0,
            "net_income": null,
            "net_income_4q": null,
            "revenue": null,
            "revenue_4q": null,
            "common_shares": null,
            "book_valuer_per_share": null,
            "book_valuer_per_share_4q_avg": 0,
            "equity": null,
            "current_ratio": null,
            "debt_ratio": null,
            "inventory_turnover_ratio": null,
            "account_receivable_turnover_ratio": null,
            "reinvestment_rate": null,
            "research_to_sale_ratio": null,
            "price_fair": 0,
            "eps_avg_yearly": 0,
            "eps_latest_yearly": 0,
            "eps_growth_yearly": 0
        },
        "20013": {
            "year_quarter": 20013,
            "year": 2001,
            "quarter": 3,
            "eps": null,
            "eps_growth_year": null,
            "eps_4q": null,
            "eps_4q_growth_year": null,
            "roe": null,
            "roe_4q": 0,
            "gross_profit": null,
            "gross_margin": null,
            "gross_margin_4q_avg": 0,
            "net_income": null,
            "net_income_4q": null,
            "revenue": null,
            "revenue_4q": null,
            "common_shares": null,
            "book_valuer_per_share": null,
            "book_valuer_per_share_4q_avg": 0,
            "equity": null,
            "current_ratio": null,
            "debt_ratio": null,
            "inventory_turnover_ratio": null,
            "account_receivable_turnover_ratio": null,
            "reinvestment_rate": null,
            "research_to_sale_ratio": null,
            "price_fair": 0,
            "eps_avg_yearly": 0,
            "eps_latest_yearly": 0,
            "eps_growth_yearly": 0
        },
        "20014": {
            "year_quarter": 20014,
            "year": 2001,
            "quarter": 4,
            "eps": null,
            "eps_growth_year": null,
            "eps_4q": null,
            "eps_4q_growth_year": null,
            "roe": null,
            "roe_4q": 0,
            "gross_profit": null,
            "gross_margin": null,
            "gross_margin_4q_avg": 0,
            "net_income": null,
            "net_income_4q": null,
            "revenue": null,
            "revenue_4q": null,
            "common_shares": 25000,
            "book_valuer_per_share": 8.5,
            "book_valuer_per_share_4q_avg": 2.13,
            "equity": 21254,
            "current_ratio": 109.94,
            "debt_ratio": 74.04,
            "inventory_turnover_ratio": null,
            "account_receivable_turnover_ratio": null,
            "reinvestment_rate": null,
            "research_to_sale_ratio": null,
            "price_fair": 0,
            "eps_avg_yearly": 0,
            "eps_latest_yearly": 0,
            "eps_growth_yearly": 0
        },
        "20021": {
            "year_quarter": 20021,
            "year": 2002,
            "quarter": 1,
            "eps": null,
            "eps_growth_year": null,
            "eps_4q": null,
            "eps_4q_growth_year": null,
            "roe": null,
            "roe_4q": 0,
            "gross_profit": null,
            "gross_margin": null,
            "gross_margin_4q_avg": 0,
            "net_income": null,
            "net_income_4q": null,
            "revenue": null,
            "revenue_4q": null,
            "common_shares": null,
            "book_valuer_per_share": null,
            "book_valuer_per_share_4q_avg": 2.13,
            "equity": null,
            "current_ratio": null,
            "debt_ratio": null,
            "inventory_turnover_ratio": null,
            "account_receivable_turnover_ratio": null,
            "reinvestment_rate": null,
            "research_to_sale_ratio": null,
            "price_fair": 0,
            "eps_avg_yearly": 0,
            "eps_latest_yearly": 0,
            "eps_growth_yearly": 0
        },
        "20022": {
            "year_quarter": 20022,
            "year": 2002,
            "quarter": 2,
            "eps": null,
            "eps_growth_year": null,
            "eps_4q": null,
            "eps_4q_growth_year": null,
            "roe": null,
            "roe_4q": 0,
            "gross_profit": null,
            "gross_margin": null,
            "gross_margin_4q_avg": 0,
            "net_income": null,
            "net_income_4q": null,
            "revenue": null,
            "revenue_4q": null,
            "common_shares": null,
            "book_valuer_per_share": null,
            "book_valuer_per_share_4q_avg": 2.13,
            "equity": null,
            "current_ratio": null,
            "debt_ratio": null,
            "inventory_turnover_ratio": null,
            "account_receivable_turnover_ratio": null,
            "reinvestment_rate": null,
            "research_to_sale_ratio": null,
            "price_fair": 0,
            "eps_avg_yearly": 0,
            "eps_latest_yearly": 0,
            "eps_growth_yearly": 0
        },
        "20023": {
            "year_quarter": 20023,
            "year": 2002,
            "quarter": 3,
            "eps": null,
            "eps_growth_year": null,
            "eps_4q": null,
            "eps_4q_growth_year": null,
            "roe": null,
            "roe_4q": 0,
            "gross_profit": null,
            "gross_margin": null,
            "gross_margin_4q_avg": 0,
            "net_income": null,
            "net_income_4q": null,
            "revenue": null,
            "revenue_4q": null,
            "common_shares": null,
            "book_valuer_per_share": null,
            "book_valuer_per_share_4q_avg": 2.13,
            "equity": null,
            "current_ratio": null,
            "debt_ratio": null,
            "inventory_turnover_ratio": null,
            "account_receivable_turnover_ratio": null,
            "reinvestment_rate": null,
            "research_to_sale_ratio": null,
            "price_fair": 0,
            "eps_avg_yearly": 0,
            "eps_latest_yearly": 0,
            "eps_growth_yearly": 0
        },
        "20024": {
            "year_quarter": 20024,
            "year": 2002,
            "quarter": 4,
            "eps": null,
            "eps_growth_year": null,
            "eps_4q": null,
            "eps_4q_growth_year": null,
            "roe": null,
            "roe_4q": 0,
            "gross_profit": null,
            "gross_margin": null,
            "gross_margin_4q_avg": 0,
            "net_income": null,
            "net_income_4q": null,
            "revenue": null,
            "revenue_4q": null,
            "common_shares": 48000,
            "book_valuer_per_share": 9.75,
            "book_valuer_per_share_4q_avg": 2.44,
            "equity": 46785,
            "current_ratio": 144.57,
            "debt_ratio": 55.9,
            "inventory_turnover_ratio": null,
            "account_receivable_turnover_ratio": null,
            "reinvestment_rate": null,
            "research_to_sale_ratio": null,
            "price_fair": 0,
            "eps_avg_yearly": 0,
            "eps_latest_yearly": 0,
            "eps_growth_yearly": 0
        },
        "20031": {
            "year_quarter": 20031,
            "year": 2003,
            "quarter": 1,
            "eps": null,
            "eps_growth_year": null,
            "eps_4q": null,
            "eps_4q_growth_year": null,
            "roe": null,
            "roe_4q": 0,
            "gross_profit": null,
            "gross_margin": null,
            "gross_margin_4q_avg": 0,
            "net_income": null,
            "net_income_4q": null,
            "revenue": null,
            "revenue_4q": null,
            "common_shares": null,
            "book_valuer_per_share": null,
            "book_valuer_per_share_4q_avg": 2.44,
            "equity": null,
            "current_ratio": null,
            "debt_ratio": null,
            "inventory_turnover_ratio": null,
            "account_receivable_turnover_ratio": null,
            "reinvestment_rate": null,
            "research_to_sale_ratio": null,
            "price_fair": 0,
            "eps_avg_yearly": 0,
            "eps_latest_yearly": 0,
            "eps_growth_yearly": 0
        },
        "20032": {
            "year_quarter": 20032,
            "year": 2003,
            "quarter": 2,
            "eps": null,
            "eps_growth_year": null,
            "eps_4q": null,
            "eps_4q_growth_year": null,
            "roe": null,
            "roe_4q": 0,
            "gross_profit": null,
            "gross_margin": null,
            "gross_margin_4q_avg": 0,
            "net_income": null,
            "net_income_4q": null,
            "revenue": null,
            "revenue_4q": null,
            "common_shares": null,
            "book_valuer_per_share": null,
            "book_valuer_per_share_4q_avg": 2.44,
            "equity": null,
            "current_ratio": null,
            "debt_ratio": null,
            "inventory_turnover_ratio": null,
            "account_receivable_turnover_ratio": null,
            "reinvestment_rate": null,
            "research_to_sale_ratio": null,
            "price_fair": 0,
            "eps_avg_yearly": 0,
            "eps_latest_yearly": 0,
            "eps_growth_yearly": 0
        },
        "20033": {
            "year_quarter": 20033,
            "year": 2003,
            "quarter": 3,
            "eps": null,
            "eps_growth_year": null,
            "eps_4q": null,
            "eps_4q_growth_year": null,
            "roe": null,
            "roe_4q": 0,
            "gross_profit": null,
            "gross_margin": null,
            "gross_margin_4q_avg": 0,
            "net_income": null,
            "net_income_4q": null,
            "revenue": null,
            "revenue_4q": null,
            "common_shares": null,
            "book_valuer_per_share": null,
            "book_valuer_per_share_4q_avg": 2.44,
            "equity": null,
            "current_ratio": null,
            "debt_ratio": null,
            "inventory_turnover_ratio": null,
            "account_receivable_turnover_ratio": null,
            "reinvestment_rate": null,
            "research_to_sale_ratio": null,
            "price_fair": 0,
            "eps_avg_yearly": 0,
            "eps_latest_yearly": 0,
            "eps_growth_yearly": 0
        },
        "20034": {
            "year_quarter": 20034,
            "year": 2003,
            "quarter": 4,
            "eps": null,
            "eps_growth_year": null,
            "eps_4q": null,
            "eps_4q_growth_year": null,
            "roe": null,
            "roe_4q": 0,
            "gross_profit": null,
            "gross_margin": null,
            "gross_margin_4q_avg": 0,
            "net_income": null,
            "net_income_4q": null,
            "revenue": null,
            "revenue_4q": null,
            "common_shares": 65000,
            "book_valuer_per_share": 10.82,
            "book_valuer_per_share_4q_avg": 2.71,
            "equity": 70345,
            "current_ratio": 135.32,
            "debt_ratio": 65.57,
            "inventory_turnover_ratio": null,
            "account_receivable_turnover_ratio": null,
            "reinvestment_rate": null,
            "research_to_sale_ratio": null,
            "price_fair": 0,
            "eps_avg_yearly": 0,
            "eps_latest_yearly": 0,
            "eps_growth_yearly": 0
        },
        "20041": {
            "year_quarter": 20041,
            "year": 2004,
            "quarter": 1,
            "eps": null,
            "eps_growth_year": null,
            "eps_4q": null,
            "eps_4q_growth_year": null,
            "roe": null,
            "roe_4q": 0,
            "gross_profit": null,
            "gross_margin": null,
            "gross_margin_4q_avg": 0,
            "net_income": null,
            "net_income_4q": null,
            "revenue": null,
            "revenue_4q": null,
            "common_shares": null,
            "book_valuer_per_share": null,
            "book_valuer_per_share_4q_avg": 2.71,
            "equity": null,
            "current_ratio": null,
            "debt_ratio": null,
            "inventory_turnover_ratio": null,
            "account_receivable_turnover_ratio": null,
            "reinvestment_rate": null,
            "research_to_sale_ratio": null,
            "price_fair": 0,
            "eps_avg_yearly": 0,
            "eps_latest_yearly": 0,
            "eps_growth_yearly": 0
        },
        "20042": {
            "year_quarter": 20042,
            "year": 2004,
            "quarter": 2,
            "eps": null,
            "eps_growth_year": null,
            "eps_4q": null,
            "eps_4q_growth_year": null,
            "roe": null,
            "roe_4q": 0,
            "gross_profit": null,
            "gross_margin": null,
            "gross_margin_4q_avg": 0,
            "net_income": null,
            "net_income_4q": null,
            "revenue": null,
            "revenue_4q": null,
            "common_shares": null,
            "book_valuer_per_share": null,
            "book_valuer_per_share_4q_avg": 2.71,
            "equity": null,
            "current_ratio": null,
            "debt_ratio": null,
            "inventory_turnover_ratio": null,
            "account_receivable_turnover_ratio": null,
            "reinvestment_rate": null,
            "research_to_sale_ratio": null,
            "price_fair": 0,
            "eps_avg_yearly": 0,
            "eps_latest_yearly": 0,
            "eps_growth_yearly": 0
        },
        "20043": {
            "year_quarter": 20043,
            "year": 2004,
            "quarter": 3,
            "eps": null,
            "eps_growth_year": null,
            "eps_4q": null,
            "eps_4q_growth_year": null,
            "roe": null,
            "roe_4q": 0,
            "gross_profit": null,
            "gross_margin": null,
            "gross_margin_4q_avg": 0,
            "net_income": null,
            "net_income_4q": null,
            "revenue": null,
            "revenue_4q": null,
            "common_shares": null,
            "book_valuer_per_share": null,
            "book_valuer_per_share_4q_avg": 2.71,
            "equity": null,
            "current_ratio": null,
            "debt_ratio": null,
            "inventory_turnover_ratio": null,
            "account_receivable_turnover_ratio": null,
            "reinvestment_rate": null,
            "research_to_sale_ratio": null,
            "price_fair": 0,
            "eps_avg_yearly": 0,
            "eps_latest_yearly": 0,
            "eps_growth_yearly": 0
        },
        "20044": {
            "year_quarter": 20044,
            "year": 2004,
            "quarter": 4,
            "eps": null,
            "eps_growth_year": null,
            "eps_4q": null,
            "eps_4q_growth_year": null,
            "roe": null,
            "roe_4q": 0,
            "gross_profit": null,
            "gross_margin": null,
            "gross_margin_4q_avg": 0,
            "net_income": null,
            "net_income_4q": null,
            "revenue": null,
            "revenue_4q": null,
            "common_shares": 165000,
            "book_valuer_per_share": 13.36,
            "book_valuer_per_share_4q_avg": 3.34,
            "equity": 220518,
            "current_ratio": 162.9,
            "debt_ratio": 53.83,
            "inventory_turnover_ratio": null,
            "account_receivable_turnover_ratio": null,
            "reinvestment_rate": null,
            "research_to_sale_ratio": null,
            "price_fair": 0,
            "eps_avg_yearly": 0,
            "eps_latest_yearly": 0,
            "eps_growth_yearly": 0
        },
        "20051": {
            "year_quarter": 20051,
            "year": 2005,
            "quarter": 1,
            "eps": null,
            "eps_growth_year": null,
            "eps_4q": null,
            "eps_4q_growth_year": null,
            "roe": null,
            "roe_4q": 0,
            "gross_profit": null,
            "gross_margin": null,
            "gross_margin_4q_avg": 0,
            "net_income": null,
            "net_income_4q": null,
            "revenue": null,
            "revenue_4q": null,
            "common_shares": null,
            "book_valuer_per_share": null,
            "book_valuer_per_share_4q_avg": 3.34,
            "equity": null,
            "current_ratio": null,
            "debt_ratio": null,
            "inventory_turnover_ratio": null,
            "account_receivable_turnover_ratio": null,
            "reinvestment_rate": null,
            "research_to_sale_ratio": null,
            "price_fair": 0,
            "eps_avg_yearly": 0,
            "eps_latest_yearly": 0,
            "eps_growth_yearly": 0
        },
        "20052": {
            "year_quarter": 20052,
            "year": 2005,
            "quarter": 2,
            "eps": null,
            "eps_growth_year": null,
            "eps_4q": null,
            "eps_4q_growth_year": null,
            "roe": null,
            "roe_4q": 0,
            "gross_profit": null,
            "gross_margin": null,
            "gross_margin_4q_avg": 0,
            "net_income": null,
            "net_income_4q": null,
            "revenue": null,
            "revenue_4q": null,
            "common_shares": null,
            "book_valuer_per_share": null,
            "book_valuer_per_share_4q_avg": 3.34,
            "equity": null,
            "current_ratio": null,
            "debt_ratio": null,
            "inventory_turnover_ratio": null,
            "account_receivable_turnover_ratio": null,
            "reinvestment_rate": null,
            "research_to_sale_ratio": null,
            "price_fair": 0,
            "eps_avg_yearly": 0,
            "eps_latest_yearly": 0,
            "eps_growth_yearly": 0
        },
        "20053": {
            "year_quarter": 20053,
            "year": 2005,
            "quarter": 3,
            "eps": null,
            "eps_growth_year": null,
            "eps_4q": null,
            "eps_4q_growth_year": null,
            "roe": null,
            "roe_4q": 0,
            "gross_profit": null,
            "gross_margin": null,
            "gross_margin_4q_avg": 0,
            "net_income": null,
            "net_income_4q": null,
            "revenue": null,
            "revenue_4q": null,
            "common_shares": null,
            "book_valuer_per_share": null,
            "book_valuer_per_share_4q_avg": 3.34,
            "equity": null,
            "current_ratio": null,
            "debt_ratio": null,
            "inventory_turnover_ratio": null,
            "account_receivable_turnover_ratio": null,
            "reinvestment_rate": null,
            "research_to_sale_ratio": null,
            "price_fair": 0,
            "eps_avg_yearly": 0,
            "eps_latest_yearly": 0,
            "eps_growth_yearly": 0
        },
        "20054": {
            "year_quarter": 20054,
            "year": 2005,
            "quarter": 4,
            "eps": null,
            "eps_growth_year": null,
            "eps_4q": null,
            "eps_4q_growth_year": null,
            "roe": null,
            "roe_4q": 0,
            "gross_profit": null,
            "gross_margin": null,
            "gross_margin_4q_avg": 0,
            "net_income": null,
            "net_income_4q": null,
            "revenue": null,
            "revenue_4q": null,
            "common_shares": 233000,
            "book_valuer_per_share": 18.79,
            "book_valuer_per_share_4q_avg": 4.7,
            "equity": 437833,
            "current_ratio": 173.92,
            "debt_ratio": 48.13,
            "inventory_turnover_ratio": null,
            "account_receivable_turnover_ratio": null,
            "reinvestment_rate": null,
            "research_to_sale_ratio": null,
            "price_fair": 0,
            "eps_avg_yearly": 0,
            "eps_latest_yearly": 0,
            "eps_growth_yearly": 0
        },
        "20061": {
            "year_quarter": 20061,
            "year": 2006,
            "quarter": 1,
            "eps": 1.1,
            "eps_growth_year": null,
            "eps_4q": null,
            "eps_4q_growth_year": null,
            "roe": 5.67,
            "roe_4q": 5.67,
            "gross_profit": 54948,
            "gross_margin": 29.53,
            "gross_margin_4q_avg": 7.38,
            "net_income": 25566,
            "net_income_4q": null,
            "revenue": 186082,
            "revenue_4q": null,
            "common_shares": 233000,
            "book_valuer_per_share": 19.9,
            "book_valuer_per_share_4q_avg": 9.67,
            "equity": 463716,
            "current_ratio": 186.78,
            "debt_ratio": 38.38,
            "inventory_turnover_ratio": 1.26,
            "account_receivable_turnover_ratio": null,
            "reinvestment_rate": null,
            "research_to_sale_ratio": null,
            "price_fair": 0,
            "eps_avg_yearly": 0,
            "eps_latest_yearly": 0,
            "eps_growth_yearly": 0
        },
        "20062": {
            "year_quarter": 20062,
            "year": 2006,
            "quarter": 2,
            "eps": 1.5,
            "eps_growth_year": null,
            "eps_4q": null,
            "eps_4q_growth_year": null,
            "roe": 7.5,
            "roe_4q": 13.17,
            "gross_profit": 56864,
            "gross_margin": 28.33,
            "gross_margin_4q_avg": 14.47,
            "net_income": 35030,
            "net_income_4q": null,
            "revenue": 200717,
            "revenue_4q": null,
            "common_shares": 233000,
            "book_valuer_per_share": 20.18,
            "book_valuer_per_share_4q_avg": 14.72,
            "equity": 470230,
            "current_ratio": 182.9,
            "debt_ratio": 38.48,
            "inventory_turnover_ratio": 1.76,
            "account_receivable_turnover_ratio": null,
            "reinvestment_rate": null,
            "research_to_sale_ratio": null,
            "price_fair": 210,
            "eps_avg_yearly": 6,
            "eps_latest_yearly": 6,
            "eps_growth_yearly": 145.45
        },
        "20063": {
            "year_quarter": 20063,
            "year": 2006,
            "quarter": 3,
            "eps": 2.02,
            "eps_growth_year": null,
            "eps_4q": null,
            "eps_4q_growth_year": null,
            "roe": 11.31,
            "roe_4q": 24.480000000000004,
            "gross_profit": 67406,
            "gross_margin": 20.69,
            "gross_margin_4q_avg": 19.64,
            "net_income": 56648,
            "net_income_4q": null,
            "revenue": 325795,
            "revenue_4q": null,
            "common_shares": 280000,
            "book_valuer_per_share": 18.99,
            "book_valuer_per_share_4q_avg": 19.47,
            "equity": 531792,
            "current_ratio": 145.25,
            "debt_ratio": 45.04,
            "inventory_turnover_ratio": 2.28,
            "account_receivable_turnover_ratio": null,
            "reinvestment_rate": null,
            "research_to_sale_ratio": null,
            "price_fair": 246.4,
            "eps_avg_yearly": 7.04,
            "eps_latest_yearly": 8.08,
            "eps_growth_yearly": 142.06
        },
        "20064": {
            "year_quarter": 20064,
            "year": 2006,
            "quarter": 4,
            "eps": -0.02,
            "eps_growth_year": null,
            "eps_4q": 4.16,
            "eps_4q_growth_year": null,
            "roe": -0.12,
            "roe_4q": 24.36,
            "gross_profit": 72147,
            "gross_margin": 25.54,
            "gross_margin_4q_avg": 26.02,
            "net_income": -647,
            "net_income_4q": null,
            "revenue": 282514,
            "revenue_4q": null,
            "common_shares": 280000,
            "book_valuer_per_share": 18.93,
            "book_valuer_per_share_4q_avg": 19.5,
            "equity": 530119,
            "current_ratio": 138.06,
            "debt_ratio": 58.06,
            "inventory_turnover_ratio": 1.25,
            "account_receivable_turnover_ratio": null,
            "reinvestment_rate": null,
            "research_to_sale_ratio": null,
            "price_fair": 246.4,
            "eps_avg_yearly": 7.04,
            "eps_latest_yearly": 8.08,
            "eps_growth_yearly": 142.06
        },
        "20071": {
            "year_quarter": 20071,
            "year": 2007,
            "quarter": 1,
            "eps": 1.49,
            "eps_growth_year": 35.45,
            "eps_4q": 4.75,
            "eps_4q_growth_year": null,
            "roe": 7.53,
            "roe_4q": 26.22,
            "gross_profit": 66994,
            "gross_margin": 22.56,
            "gross_margin_4q_avg": 24.28,
            "net_income": 41640,
            "net_income_4q": null,
            "revenue": 296893,
            "revenue_4q": null,
            "common_shares": 280000,
            "book_valuer_per_share": 20.56,
            "book_valuer_per_share_4q_avg": 19.67,
            "equity": 575712,
            "current_ratio": 154.99,
            "debt_ratio": 45.9,
            "inventory_turnover_ratio": 1.42,
            "account_receivable_turnover_ratio": null,
            "reinvestment_rate": null,
            "research_to_sale_ratio": null,
            "price_fair": 246.4,
            "eps_avg_yearly": 7.04,
            "eps_latest_yearly": 8.08,
            "eps_growth_yearly": 142.06
        },
        "20072": {
            "year_quarter": 20072,
            "year": 2007,
            "quarter": 2,
            "eps": 2,
            "eps_growth_year": 33.33,
            "eps_4q": 5.48,
            "eps_4q_growth_year": null,
            "roe": 9.79,
            "roe_4q": 28.509999999999998,
            "gross_profit": 101457,
            "gross_margin": 32.4,
            "gross_margin_4q_avg": 25.3,
            "net_income": 56132,
            "net_income_4q": null,
            "revenue": 313125,
            "revenue_4q": null,
            "common_shares": 280000,
            "book_valuer_per_share": 20.38,
            "book_valuer_per_share_4q_avg": 19.72,
            "equity": 570553,
            "current_ratio": 137.33,
            "debt_ratio": 45.68,
            "inventory_turnover_ratio": 1.94,
            "account_receivable_turnover_ratio": null,
            "reinvestment_rate": null,
            "research_to_sale_ratio": null,
            "price_fair": 257.6,
            "eps_avg_yearly": 7.36,
            "eps_latest_yearly": 8,
            "eps_growth_yearly": 140.34
        },
        "20073": {
            "year_quarter": 20073,
            "year": 2007,
            "quarter": 3,
            "eps": 2.22,
            "eps_growth_year": 9.9,
            "eps_4q": 5.12,
            "eps_4q_growth_year": null,
            "roe": 12.24,
            "roe_4q": 29.44,
            "gross_profit": 163545,
            "gross_margin": 32.44,
            "gross_margin_4q_avg": 28.24,
            "net_income": 74457,
            "net_income_4q": null,
            "revenue": 504184,
            "revenue_4q": null,
            "common_shares": 335700,
            "book_valuer_per_share": 19.25,
            "book_valuer_per_share_4q_avg": 19.78,
            "equity": 646216,
            "current_ratio": 138.09,
            "debt_ratio": 49.71,
            "inventory_turnover_ratio": 2.83,
            "account_receivable_turnover_ratio": null,
            "reinvestment_rate": null,
            "research_to_sale_ratio": null,
            "price_fair": 270.9,
            "eps_avg_yearly": 7.74,
            "eps_latest_yearly": 8.88,
            "eps_growth_yearly": 116.26
        },
        "20074": {
            "year_quarter": 20074,
            "year": 2007,
            "quarter": 4,
            "eps": 1.8,
            "eps_growth_year": null,
            "eps_4q": 6.84,
            "eps_4q_growth_year": 64.49,
            "roe": 7.61,
            "roe_4q": 37.17,
            "gross_profit": 113517,
            "gross_margin": 26.93,
            "gross_margin_4q_avg": 28.58,
            "net_income": 61475,
            "net_income_4q": null,
            "revenue": 421570,
            "revenue_4q": null,
            "common_shares": 375000,
            "book_valuer_per_share": 25.85,
            "book_valuer_per_share_4q_avg": 21.51,
            "equity": 969258,
            "current_ratio": 193.14,
            "debt_ratio": 42.94,
            "inventory_turnover_ratio": 1.97,
            "account_receivable_turnover_ratio": null,
            "reinvestment_rate": null,
            "research_to_sale_ratio": null,
            "price_fair": 267.12,
            "eps_avg_yearly": 7.63,
            "eps_latest_yearly": 7.2,
            "eps_growth_yearly": 77.87
        },
        "20081": {
            "year_quarter": 20081,
            "year": 2008,
            "quarter": 1,
            "eps": -0.1,
            "eps_growth_year": -106.71,
            "eps_4q": 4.96,
            "eps_4q_growth_year": 4.5,
            "roe": -0.39,
            "roe_4q": 29.25,
            "gross_profit": 119479,
            "gross_margin": 23.99,
            "gross_margin_4q_avg": 28.94,
            "net_income": -3795,
            "net_income_4q": null,
            "revenue": 498120,
            "revenue_4q": null,
            "common_shares": 375000,
            "book_valuer_per_share": 25.58,
            "book_valuer_per_share_4q_avg": 22.77,
            "equity": 959114,
            "current_ratio": 208.64,
            "debt_ratio": 39.35,
            "inventory_turnover_ratio": 2.08,
            "account_receivable_turnover_ratio": null,
            "reinvestment_rate": null,
            "research_to_sale_ratio": null,
            "price_fair": 267.12,
            "eps_avg_yearly": 7.63,
            "eps_latest_yearly": 7.2,
            "eps_growth_yearly": 77.87
        },
        "20082": {
            "year_quarter": 20082,
            "year": 2008,
            "quarter": 2,
            "eps": 0.75,
            "eps_growth_year": -62.5,
            "eps_4q": 4.25,
            "eps_4q_growth_year": -22.41,
            "roe": 3.11,
            "roe_4q": 22.57,
            "gross_profit": 120002,
            "gross_margin": 23.28,
            "gross_margin_4q_avg": 26.66,
            "net_income": 28304,
            "net_income_4q": null,
            "revenue": 515415,
            "revenue_4q": null,
            "common_shares": 375000,
            "book_valuer_per_share": 22.94,
            "book_valuer_per_share_4q_avg": 23.41,
            "equity": 860103,
            "current_ratio": 163.69,
            "debt_ratio": 50.01,
            "inventory_turnover_ratio": 2.01,
            "account_receivable_turnover_ratio": null,
            "reinvestment_rate": null,
            "research_to_sale_ratio": null,
            "price_fair": 267.12,
            "eps_avg_yearly": 7.63,
            "eps_latest_yearly": 7.2,
            "eps_growth_yearly": 77.87
        },
        "20083": {
            "year_quarter": 20083,
            "year": 2008,
            "quarter": 3,
            "eps": 2.83,
            "eps_growth_year": 27.48,
            "eps_4q": 4.68,
            "eps_4q_growth_year": -8.46,
            "roe": 14.32,
            "roe_4q": 24.65,
            "gross_profit": 277839,
            "gross_margin": 33.02,
            "gross_margin_4q_avg": 26.81,
            "net_income": 131331,
            "net_income_4q": null,
            "revenue": 841550,
            "revenue_4q": null,
            "common_shares": 465000,
            "book_valuer_per_share": 20.94,
            "book_valuer_per_share_4q_avg": 23.83,
            "equity": 973901,
            "current_ratio": 170.24,
            "debt_ratio": 49.32,
            "inventory_turnover_ratio": 2.45,
            "account_receivable_turnover_ratio": null,
            "reinvestment_rate": null,
            "research_to_sale_ratio": null,
            "price_fair": 288.63,
            "eps_avg_yearly": 8.25,
            "eps_latest_yearly": 11.32,
            "eps_growth_yearly": 249.78
        },
        "20084": {
            "year_quarter": 20084,
            "year": 2008,
            "quarter": 4,
            "eps": 1.78,
            "eps_growth_year": -1.11,
            "eps_4q": 5.17,
            "eps_4q_growth_year": -24.41,
            "roe": 8.13,
            "roe_4q": 25.17,
            "gross_profit": 192821,
            "gross_margin": 32.64,
            "gross_margin_4q_avg": 28.23,
            "net_income": 81767,
            "net_income_4q": null,
            "revenue": 590698,
            "revenue_4q": null,
            "common_shares": 465000,
            "book_valuer_per_share": 22.31,
            "book_valuer_per_share_4q_avg": 22.94,
            "equity": 1037633,
            "current_ratio": 188.05,
            "debt_ratio": 46.56,
            "inventory_turnover_ratio": 1.78,
            "account_receivable_turnover_ratio": 1.35,
            "reinvestment_rate": null,
            "research_to_sale_ratio": null,
            "price_fair": 283,
            "eps_avg_yearly": 8.09,
            "eps_latest_yearly": 7.12,
            "eps_growth_yearly": 192.9
        },
        "20091": {
            "year_quarter": 20091,
            "year": 2009,
            "quarter": 1,
            "eps": 1.65,
            "eps_growth_year": null,
            "eps_4q": 7.06,
            "eps_4q_growth_year": 42.22,
            "roe": 6.83,
            "roe_4q": 32.39,
            "gross_profit": 175863,
            "gross_margin": 35.68,
            "gross_margin_4q_avg": 31.16,
            "net_income": 73689,
            "net_income_4q": null,
            "revenue": 492935,
            "revenue_4q": null,
            "common_shares": 465000,
            "book_valuer_per_share": 24.09,
            "book_valuer_per_share_4q_avg": 22.57,
            "equity": 1119974,
            "current_ratio": 260.24,
            "debt_ratio": 34.72,
            "inventory_turnover_ratio": 2,
            "account_receivable_turnover_ratio": 0.65,
            "reinvestment_rate": null,
            "research_to_sale_ratio": null,
            "price_fair": 276.5,
            "eps_avg_yearly": 7.9,
            "eps_latest_yearly": 6.6,
            "eps_growth_yearly": 165.13
        },
        "20092": {
            "year_quarter": 20092,
            "year": 2009,
            "quarter": 2,
            "eps": 2.49,
            "eps_growth_year": 232,
            "eps_4q": 8.18,
            "eps_4q_growth_year": 92.38,
            "roe": 11.28,
            "roe_4q": 40.56,
            "gross_profit": 273637,
            "gross_margin": 43.89,
            "gross_margin_4q_avg": 36.31,
            "net_income": 125532,
            "net_income_4q": null,
            "revenue": 623401,
            "revenue_4q": null,
            "common_shares": 522980,
            "book_valuer_per_share": 21.16,
            "book_valuer_per_share_4q_avg": 22.13,
            "equity": 1106676,
            "current_ratio": 203.56,
            "debt_ratio": 42.22,
            "inventory_turnover_ratio": 2.78,
            "account_receivable_turnover_ratio": 0.86,
            "reinvestment_rate": null,
            "research_to_sale_ratio": null,
            "price_fair": 284.51,
            "eps_avg_yearly": 8.13,
            "eps_latest_yearly": 9.96,
            "eps_growth_yearly": 169.41
        },
        "20093": {
            "year_quarter": 20093,
            "year": 2009,
            "quarter": 3,
            "eps": 2.86,
            "eps_growth_year": 1.06,
            "eps_4q": 8.44,
            "eps_4q_growth_year": 80.31,
            "roe": 12.26,
            "roe_4q": 38.5,
            "gross_profit": 291160,
            "gross_margin": 42.79,
            "gross_margin_4q_avg": 38.75,
            "net_income": 143929,
            "net_income_4q": null,
            "revenue": 680515,
            "revenue_4q": null,
            "common_shares": 522980,
            "book_valuer_per_share": 23.75,
            "book_valuer_per_share_4q_avg": 22.83,
            "equity": 1241923,
            "current_ratio": 254.58,
            "debt_ratio": 35.52,
            "inventory_turnover_ratio": 3.33,
            "account_receivable_turnover_ratio": 0.86,
            "reinvestment_rate": null,
            "research_to_sale_ratio": null,
            "price_fair": 296.1,
            "eps_avg_yearly": 8.46,
            "eps_latest_yearly": 11.44,
            "eps_growth_yearly": 158.41
        },
        "20094": {
            "year_quarter": 20094,
            "year": 2009,
            "quarter": 4,
            "eps": 1.92,
            "eps_growth_year": 7.87,
            "eps_4q": 8.73,
            "eps_4q_growth_year": 68.83,
            "roe": 7.52,
            "roe_4q": 37.89,
            "gross_profit": 175689,
            "gross_margin": 38.81,
            "gross_margin_4q_avg": 40.29,
            "net_income": 96961,
            "net_income_4q": null,
            "revenue": 452640,
            "revenue_4q": null,
            "common_shares": 522980,
            "book_valuer_per_share": 26.52,
            "book_valuer_per_share_4q_avg": 23.88,
            "equity": 1336396,
            "current_ratio": 288.85,
            "debt_ratio": 28.79,
            "inventory_turnover_ratio": 2.62,
            "account_receivable_turnover_ratio": 1.33,
            "reinvestment_rate": 109.73,
            "research_to_sale_ratio": null,
            "price_fair": 293.62,
            "eps_avg_yearly": 8.39,
            "eps_latest_yearly": 7.68,
            "eps_growth_yearly": 132.06
        },
        "20101": {
            "year_quarter": 20101,
            "year": 2010,
            "quarter": 1,
            "eps": 2.8,
            "eps_growth_year": 69.7,
            "eps_4q": 10.07,
            "eps_4q_growth_year": 42.74,
            "roe": 9.89,
            "roe_4q": 40.95,
            "gross_profit": 266695,
            "gross_margin": 44.08,
            "gross_margin_4q_avg": 42.39,
            "net_income": 140850,
            "net_income_4q": null,
            "revenue": 605028,
            "revenue_4q": null,
            "common_shares": 522980,
            "book_valuer_per_share": 29.69,
            "book_valuer_per_share_4q_avg": 25.28,
            "equity": 1512546,
            "current_ratio": 301.73,
            "debt_ratio": 36.62,
            "inventory_turnover_ratio": 2.83,
            "account_receivable_turnover_ratio": 0.86,
            "reinvestment_rate": 116.6,
            "research_to_sale_ratio": 2.37,
            "price_fair": 301.82,
            "eps_avg_yearly": 8.62,
            "eps_latest_yearly": 11.2,
            "eps_growth_yearly": 136.33
        },
        "20102": {
            "year_quarter": 20102,
            "year": 2010,
            "quarter": 2,
            "eps": 1.63,
            "eps_growth_year": -34.73,
            "eps_4q": 8.51,
            "eps_4q_growth_year": 4.07,
            "roe": 6.3,
            "roe_4q": 35.97,
            "gross_profit": 202440,
            "gross_margin": 34.19,
            "gross_margin_4q_avg": 39.97,
            "net_income": 88725,
            "net_income_4q": null,
            "revenue": 592174,
            "revenue_4q": null,
            "common_shares": 523391,
            "book_valuer_per_share": 25.02,
            "book_valuer_per_share_4q_avg": 26.25,
            "equity": 1302529,
            "current_ratio": 199.89,
            "debt_ratio": 49.6,
            "inventory_turnover_ratio": 2.59,
            "account_receivable_turnover_ratio": 0.77,
            "reinvestment_rate": 116.69,
            "research_to_sale_ratio": 2.7,
            "price_fair": 303.33,
            "eps_avg_yearly": 8.67,
            "eps_latest_yearly": 6.52,
            "eps_growth_yearly": 110.28
        },
        "20103": {
            "year_quarter": 20103,
            "year": 2010,
            "quarter": 3,
            "eps": 0.96,
            "eps_growth_year": -66.5,
            "eps_4q": 6.87,
            "eps_4q_growth_year": -18.58,
            "roe": 3.98,
            "roe_4q": 27.69,
            "gross_profit": 187542,
            "gross_margin": 32.92,
            "gross_margin_4q_avg": 37.5,
            "net_income": 52588,
            "net_income_4q": null,
            "revenue": 569683,
            "revenue_4q": null,
            "common_shares": 573831,
            "book_valuer_per_share": 23.45,
            "book_valuer_per_share_4q_avg": 26.17,
            "equity": 1339970,
            "current_ratio": 288.96,
            "debt_ratio": 37.18,
            "inventory_turnover_ratio": 2.59,
            "account_receivable_turnover_ratio": 0.73,
            "reinvestment_rate": 107.55,
            "research_to_sale_ratio": 4.05,
            "price_fair": 290.97,
            "eps_avg_yearly": 8.31,
            "eps_latest_yearly": 3.84,
            "eps_growth_yearly": 85.03
        },
        "20104": {
            "year_quarter": 20104,
            "year": 2010,
            "quarter": 4,
            "eps": 0.67,
            "eps_growth_year": -65.31,
            "eps_4q": 5.79,
            "eps_4q_growth_year": -33.66,
            "roe": 2.74,
            "roe_4q": 22.91,
            "gross_profit": 161449,
            "gross_margin": 31.6,
            "gross_margin_4q_avg": 35.7,
            "net_income": 36822,
            "net_income_4q": null,
            "revenue": 510916,
            "revenue_4q": null,
            "common_shares": 573831,
            "book_valuer_per_share": 23.54,
            "book_valuer_per_share_4q_avg": 25.43,
            "equity": 1342847,
            "current_ratio": 320,
            "debt_ratio": 43.74,
            "inventory_turnover_ratio": 2.73,
            "account_receivable_turnover_ratio": 0.75,
            "reinvestment_rate": 83.99,
            "research_to_sale_ratio": 3.94,
            "price_fair": 275.8,
            "eps_avg_yearly": 7.88,
            "eps_latest_yearly": 2.68,
            "eps_growth_yearly": 69.19
        },
        "20111": {
            "year_quarter": 20111,
            "year": 2011,
            "quarter": 1,
            "eps": 0.65,
            "eps_growth_year": -76.79,
            "eps_4q": 3.95,
            "eps_4q_growth_year": -60.83,
            "roe": 2.57,
            "roe_4q": 15.59,
            "gross_profit": 137517,
            "gross_margin": 28.7,
            "gross_margin_4q_avg": 31.85,
            "net_income": 34510,
            "net_income_4q": null,
            "revenue": 479095,
            "revenue_4q": null,
            "common_shares": 573831,
            "book_valuer_per_share": 23.9,
            "book_valuer_per_share_4q_avg": 23.98,
            "equity": 1347216,
            "current_ratio": 316.34,
            "debt_ratio": 44.06,
            "inventory_turnover_ratio": 2.45,
            "account_receivable_turnover_ratio": 0.76,
            "reinvestment_rate": 99.28,
            "research_to_sale_ratio": 3.06,
            "price_fair": 262.6,
            "eps_avg_yearly": 7.5,
            "eps_latest_yearly": 2.6,
            "eps_growth_yearly": 63.4
        },
        "20112": {
            "year_quarter": 20112,
            "year": 2011,
            "quarter": 2,
            "eps": 1.04,
            "eps_growth_year": -36.26,
            "eps_4q": 3.13,
            "eps_4q_growth_year": -63.24,
            "roe": 5.11,
            "roe_4q": 14.4,
            "gross_profit": 174280,
            "gross_margin": 32.49,
            "gross_margin_4q_avg": 31.43,
            "net_income": 63517,
            "net_income_4q": null,
            "revenue": 536410,
            "revenue_4q": null,
            "common_shares": 573831,
            "book_valuer_per_share": 20.1,
            "book_valuer_per_share_4q_avg": 22.75,
            "equity": 1139178,
            "current_ratio": 223.13,
            "debt_ratio": 54.13,
            "inventory_turnover_ratio": 2.16,
            "account_receivable_turnover_ratio": 0.84,
            "reinvestment_rate": 98.94,
            "research_to_sale_ratio": 2.14,
            "price_fair": 253,
            "eps_avg_yearly": 7.23,
            "eps_latest_yearly": 4.16,
            "eps_growth_yearly": 70.76
        },
        "20113": {
            "year_quarter": 20113,
            "year": 2011,
            "quarter": 3,
            "eps": 0.61,
            "eps_growth_year": -36.2,
            "eps_4q": 2.86,
            "eps_4q_growth_year": -58.4,
            "roe": 2.95,
            "roe_4q": 13.370000000000001,
            "gross_profit": 165100,
            "gross_margin": 29.79,
            "gross_margin_4q_avg": 30.65,
            "net_income": 35048,
            "net_income_4q": null,
            "revenue": 554248,
            "revenue_4q": null,
            "common_shares": 618716,
            "book_valuer_per_share": 19.86,
            "book_valuer_per_share_4q_avg": 21.85,
            "equity": 1235742,
            "current_ratio": 301.41,
            "debt_ratio": 45.86,
            "inventory_turnover_ratio": 2.34,
            "account_receivable_turnover_ratio": 0.82,
            "reinvestment_rate": 113.22,
            "research_to_sale_ratio": 4.09,
            "price_fair": 236.9,
            "eps_avg_yearly": 6.77,
            "eps_latest_yearly": 2.44,
            "eps_growth_yearly": 55.8
        },
        "20114": {
            "year_quarter": 20114,
            "year": 2011,
            "quarter": 4,
            "eps": 0.29,
            "eps_growth_year": -56.65,
            "eps_4q": 2.54,
            "eps_4q_growth_year": -56.21,
            "roe": 1.44,
            "roe_4q": 12.07,
            "gross_profit": 125135,
            "gross_margin": 27.13,
            "gross_margin_4q_avg": 29.53,
            "net_income": 17926,
            "net_income_4q": null,
            "revenue": 461273,
            "revenue_4q": null,
            "common_shares": 609716,
            "book_valuer_per_share": 20.15,
            "book_valuer_per_share_4q_avg": 21,
            "equity": 1254047,
            "current_ratio": 241.17,
            "debt_ratio": 44.17,
            "inventory_turnover_ratio": 2.31,
            "account_receivable_turnover_ratio": 0.72,
            "reinvestment_rate": 102.19,
            "research_to_sale_ratio": 4.17,
            "price_fair": 221.8,
            "eps_avg_yearly": 6.34,
            "eps_latest_yearly": 1.16,
            "eps_growth_yearly": 46.22
        },
        "20121": {
            "year_quarter": 20121,
            "year": 2012,
            "quarter": 1,
            "eps": 0.48,
            "eps_growth_year": -26.15,
            "eps_4q": 2.42,
            "eps_4q_growth_year": -38.65,
            "roe": 2.39,
            "roe_4q": 11.89,
            "gross_profit": 126206,
            "gross_margin": 28.74,
            "gross_margin_4q_avg": 29.54,
            "net_income": 30006,
            "net_income_4q": null,
            "revenue": 439122,
            "revenue_4q": null,
            "common_shares": 609716,
            "book_valuer_per_share": 20.25,
            "book_valuer_per_share_4q_avg": 20.09,
            "equity": 1259783,
            "current_ratio": 297.59,
            "debt_ratio": 38.76,
            "inventory_turnover_ratio": 2.35,
            "account_receivable_turnover_ratio": 0.8,
            "reinvestment_rate": 96.43,
            "research_to_sale_ratio": 3.07,
            "price_fair": 211.49,
            "eps_avg_yearly": 6.04,
            "eps_latest_yearly": 1.92,
            "eps_growth_yearly": 60.61
        },
        "20122": {
            "year_quarter": 20122,
            "year": 2012,
            "quarter": 2,
            "eps": 0.99,
            "eps_growth_year": -4.91,
            "eps_4q": 2.37,
            "eps_4q_growth_year": -24.28,
            "roe": 4.84,
            "roe_4q": 11.620000000000001,
            "gross_profit": 157038,
            "gross_margin": 32.26,
            "gross_margin_4q_avg": 29.48,
            "net_income": 59306,
            "net_income_4q": null,
            "revenue": 486796,
            "revenue_4q": null,
            "common_shares": 609716,
            "book_valuer_per_share": 19.13,
            "book_valuer_per_share_4q_avg": 19.85,
            "equity": 1192511,
            "current_ratio": 234.62,
            "debt_ratio": 45.73,
            "inventory_turnover_ratio": 2.42,
            "account_receivable_turnover_ratio": 0.87,
            "reinvestment_rate": 94.52,
            "research_to_sale_ratio": 2.86,
            "price_fair": 206.94,
            "eps_avg_yearly": 5.91,
            "eps_latest_yearly": 3.96,
            "eps_growth_yearly": 83.39
        },
        "20123": {
            "year_quarter": 20123,
            "year": 2012,
            "quarter": 3,
            "eps": 0.81,
            "eps_growth_year": 32.06,
            "eps_4q": 2.57,
            "eps_4q_growth_year": -10.3,
            "roe": 4.05,
            "roe_4q": 12.72,
            "gross_profit": 164764,
            "gross_margin": 31.78,
            "gross_margin_4q_avg": 29.98,
            "net_income": 48969,
            "net_income_4q": null,
            "revenue": 518530,
            "revenue_4q": null,
            "common_shares": 609716,
            "book_valuer_per_share": 19.64,
            "book_valuer_per_share_4q_avg": 19.79,
            "equity": 1222878,
            "current_ratio": 275.41,
            "debt_ratio": 41.12,
            "inventory_turnover_ratio": 2.28,
            "account_receivable_turnover_ratio": 0.89,
            "reinvestment_rate": 98.37,
            "research_to_sale_ratio": 3.6,
            "price_fair": 105.48,
            "eps_avg_yearly": 5.41,
            "eps_latest_yearly": 3.24,
            "eps_growth_yearly": 9.51
        },
        "20124": {
            "year_quarter": 20124,
            "year": 2012,
            "quarter": 4,
            "eps": -0.17,
            "eps_growth_year": -157.28,
            "eps_4q": 2.11,
            "eps_4q_growth_year": -16.77,
            "roe": -0.83,
            "roe_4q": 10.45,
            "gross_profit": 84124,
            "gross_margin": 23.28,
            "gross_margin_4q_avg": 29.02,
            "net_income": -9970,
            "net_income_4q": null,
            "revenue": 361402,
            "revenue_4q": null,
            "common_shares": 609716,
            "book_valuer_per_share": 19.46,
            "book_valuer_per_share_4q_avg": 19.62,
            "equity": 1174804,
            "current_ratio": 192.05,
            "debt_ratio": 40.81,
            "inventory_turnover_ratio": 1.59,
            "account_receivable_turnover_ratio": 0.68,
            "reinvestment_rate": 7.54,
            "research_to_sale_ratio": 1.27,
            "price_fair": 158.98,
            "eps_avg_yearly": 5.29,
            "eps_latest_yearly": 3.24,
            "eps_growth_yearly": 20.03
        },
        "20131": {
            "year_quarter": 20131,
            "year": 2013,
            "quarter": 1,
            "eps": 0.44,
            "eps_growth_year": -8.33,
            "eps_4q": 2.07,
            "eps_4q_growth_year": -14.45,
            "roe": 2.23,
            "roe_4q": 10.29,
            "gross_profit": 131401,
            "gross_margin": 34,
            "gross_margin_4q_avg": 30.33,
            "net_income": 26780,
            "net_income_4q": null,
            "revenue": 386442,
            "revenue_4q": null,
            "common_shares": 609716,
            "book_valuer_per_share": 20.28,
            "book_valuer_per_share_4q_avg": 19.63,
            "equity": 1224537,
            "current_ratio": 216.11,
            "debt_ratio": 36.23,
            "inventory_turnover_ratio": 1.44,
            "account_receivable_turnover_ratio": 0.8,
            "reinvestment_rate": 6.59,
            "research_to_sale_ratio": 3.24,
            "price_fair": 174.47,
            "eps_avg_yearly": 5.2,
            "eps_latest_yearly": 3.24,
            "eps_growth_yearly": 23.55
        },
        "20132": {
            "year_quarter": 20132,
            "year": 2013,
            "quarter": 2,
            "eps": 0.02,
            "eps_growth_year": -97.97,
            "eps_4q": 1.1,
            "eps_4q_growth_year": -53.45,
            "roe": 0.09,
            "roe_4q": 5.539999999999999,
            "gross_profit": 94696,
            "gross_margin": 25.14,
            "gross_margin_4q_avg": 28.55,
            "net_income": 1055,
            "net_income_4q": null,
            "revenue": 376651,
            "revenue_4q": null,
            "common_shares": 609716,
            "book_valuer_per_share": 18.87,
            "book_valuer_per_share_4q_avg": 19.56,
            "equity": 1139276,
            "current_ratio": 182.61,
            "debt_ratio": 43.02,
            "inventory_turnover_ratio": 1.5,
            "account_receivable_turnover_ratio": 0.8,
            "reinvestment_rate": 8.47,
            "research_to_sale_ratio": 3.61,
            "price_fair": 13.48,
            "eps_avg_yearly": 4.49,
            "eps_latest_yearly": 0.08,
            "eps_growth_yearly": -18.27
        },
        "20133": {
            "year_quarter": 20133,
            "year": 2013,
            "quarter": 3,
            "eps": -0.13,
            "eps_growth_year": -116.1,
            "eps_4q": 0.17,
            "eps_4q_growth_year": -93.38,
            "roe": -0.67,
            "roe_4q": 0.82,
            "gross_profit": 93919,
            "gross_margin": 21.77,
            "gross_margin_4q_avg": 26.05,
            "net_income": -7596,
            "net_income_4q": null,
            "revenue": 431371,
            "revenue_4q": null,
            "common_shares": 609716,
            "book_valuer_per_share": 18.6,
            "book_valuer_per_share_4q_avg": 19.3,
            "equity": 1122688,
            "current_ratio": 190.47,
            "debt_ratio": 40.12,
            "inventory_turnover_ratio": 1.78,
            "account_receivable_turnover_ratio": 0.89,
            "reinvestment_rate": 12.1,
            "research_to_sale_ratio": 3.56,
            "price_fair": 11.88,
            "eps_avg_yearly": 3.96,
            "eps_latest_yearly": 0.08,
            "eps_growth_yearly": -24.24
        },
        "20134": {
            "year_quarter": 20134,
            "year": 2013,
            "quarter": 4,
            "eps": -0.26,
            "eps_growth_year": null,
            "eps_4q": 0.07,
            "eps_4q_growth_year": -96.61,
            "roe": -1.42,
            "roe_4q": 0.2300000000000002,
            "gross_profit": 105945,
            "gross_margin": 25.49,
            "gross_margin_4q_avg": 26.6,
            "net_income": -15917,
            "net_income_4q": null,
            "revenue": 415571,
            "revenue_4q": null,
            "common_shares": 609716,
            "book_valuer_per_share": 18.63,
            "book_valuer_per_share_4q_avg": 19.1,
            "equity": 1124851,
            "current_ratio": 253.69,
            "debt_ratio": 40.05,
            "inventory_turnover_ratio": 1.83,
            "account_receivable_turnover_ratio": 0.8,
            "reinvestment_rate": -129.52,
            "research_to_sale_ratio": 3.49,
            "price_fair": 10.95,
            "eps_avg_yearly": 3.65,
            "eps_latest_yearly": 0.08,
            "eps_growth_yearly": -15.31
        },
        "20141": {
            "year_quarter": 20141,
            "year": 2014,
            "quarter": 1,
            "eps": -0.36,
            "eps_growth_year": -181.82,
            "eps_4q": -0.73,
            "eps_4q_growth_year": -135.21,
            "roe": -1.94,
            "roe_4q": -3.9400000000000004,
            "gross_profit": 74519,
            "gross_margin": 20.99,
            "gross_margin_4q_avg": 23.35,
            "net_income": -21744,
            "net_income_4q": null,
            "revenue": 355065,
            "revenue_4q": null,
            "common_shares": 606357,
            "book_valuer_per_share": 18.46,
            "book_valuer_per_share_4q_avg": 18.64,
            "equity": 1119582,
            "current_ratio": 255.35,
            "debt_ratio": 39.73,
            "inventory_turnover_ratio": 1.56,
            "account_receivable_turnover_ratio": 0.69,
            "reinvestment_rate": -206.71,
            "research_to_sale_ratio": 3.67,
            "price_fair": 8.89,
            "eps_avg_yearly": 2.96,
            "eps_latest_yearly": 0.08,
            "eps_growth_yearly": -33.37
        },
        "20142": {
            "year_quarter": 20142,
            "year": 2014,
            "quarter": 2,
            "eps": 0.21,
            "eps_growth_year": 950,
            "eps_4q": -0.55,
            "eps_4q_growth_year": -149.47,
            "roe": 1.17,
            "roe_4q": -2.86,
            "gross_profit": 126315,
            "gross_margin": 29.23,
            "gross_margin_4q_avg": 24.37,
            "net_income": 12738,
            "net_income_4q": null,
            "revenue": 432119,
            "revenue_4q": null,
            "common_shares": 606357,
            "book_valuer_per_share": 17.79,
            "book_valuer_per_share_4q_avg": 18.37,
            "equity": 1059892,
            "current_ratio": 233.84,
            "debt_ratio": 41.41,
            "inventory_turnover_ratio": 1.5,
            "account_receivable_turnover_ratio": 0.83,
            "reinvestment_rate": -266.34,
            "research_to_sale_ratio": 4.04,
            "price_fair": 7.82,
            "eps_avg_yearly": 2.61,
            "eps_latest_yearly": 0.08,
            "eps_growth_yearly": -19.99
        },
        "20143": {
            "year_quarter": 20143,
            "year": 2014,
            "quarter": 3,
            "eps": 0.92,
            "eps_growth_year": null,
            "eps_4q": 0.5,
            "eps_4q_growth_year": 193.12,
            "roe": 4.99,
            "roe_4q": 2.8000000000000007,
            "gross_profit": 150822,
            "gross_margin": 31.92,
            "gross_margin_4q_avg": 26.91,
            "net_income": 54652,
            "net_income_4q": null,
            "revenue": 472437,
            "revenue_4q": null,
            "common_shares": 597224,
            "book_valuer_per_share": 18.94,
            "book_valuer_per_share_4q_avg": 18.46,
            "equity": 1131268,
            "current_ratio": 243.69,
            "debt_ratio": 39.89,
            "inventory_turnover_ratio": 1.56,
            "account_receivable_turnover_ratio": 0.83,
            "reinvestment_rate": -256.12,
            "research_to_sale_ratio": 3.39,
            "price_fair": 90.72,
            "eps_avg_yearly": 2.59,
            "eps_latest_yearly": 3.68,
            "eps_growth_yearly": 131.69
        },
        "20144": {
            "year_quarter": 20144,
            "year": 2014,
            "quarter": 4,
            "eps": 0.51,
            "eps_growth_year": null,
            "eps_4q": 1.22,
            "eps_4q_growth_year": 1609.36,
            "roe": 2.69,
            "roe_4q": 6.91,
            "gross_profit": 132476,
            "gross_margin": 29.85,
            "gross_margin_4q_avg": 28,
            "net_income": 32744,
            "net_income_4q": null,
            "revenue": 443786,
            "revenue_4q": null,
            "common_shares": 640598,
            "book_valuer_per_share": 20.29,
            "book_valuer_per_share_4q_avg": 18.87,
            "equity": 1299524,
            "current_ratio": 226.57,
            "debt_ratio": 33.18,
            "inventory_turnover_ratio": 1.52,
            "account_receivable_turnover_ratio": 0.72,
            "reinvestment_rate": -228.42,
            "research_to_sale_ratio": 3.78,
            "price_fair": 88.48,
            "eps_avg_yearly": 2.53,
            "eps_latest_yearly": 2.04,
            "eps_growth_yearly": 125.95
        },
        "20151": {
            "year_quarter": 20151,
            "year": 2015,
            "quarter": 1,
            "eps": 0.2,
            "eps_growth_year": null,
            "eps_4q": 1.71,
            "eps_4q_growth_year": null,
            "roe": 1,
            "roe_4q": 9.85,
            "gross_profit": 104955,
            "gross_margin": 25.59,
            "gross_margin_4q_avg": 29.15,
            "net_income": 13257,
            "net_income_4q": null,
            "revenue": 410183,
            "revenue_4q": null,
            "common_shares": 662244,
            "book_valuer_per_share": 20.41,
            "book_valuer_per_share_4q_avg": 19.36,
            "equity": 1351400,
            "current_ratio": 278.48,
            "debt_ratio": 26.99,
            "inventory_turnover_ratio": 1.56,
            "account_receivable_turnover_ratio": 0.69,
            "reinvestment_rate": -254.03,
            "research_to_sale_ratio": 3.16,
            "price_fair": 82.18,
            "eps_avg_yearly": 2.35,
            "eps_latest_yearly": 0.8,
            "eps_growth_yearly": 102.83
        },
        "20152": {
            "year_quarter": 20152,
            "year": 2015,
            "quarter": 2,
            "eps": -0.36,
            "eps_growth_year": -271.43,
            "eps_4q": 1.16,
            "eps_4q_growth_year": null,
            "roe": -1.84,
            "roe_4q": 6.84,
            "gross_profit": 66253,
            "gross_margin": 17.56,
            "gross_margin_4q_avg": 26.23,
            "net_income": -23842,
            "net_income_4q": null,
            "revenue": 377282,
            "revenue_4q": null,
            "common_shares": 662244,
            "book_valuer_per_share": 18.76,
            "book_valuer_per_share_4q_avg": 19.6,
            "equity": 1241492,
            "current_ratio": 232.29,
            "debt_ratio": 31.68,
            "inventory_turnover_ratio": 1.76,
            "account_receivable_turnover_ratio": 0.7,
            "reinvestment_rate": -336.96,
            "research_to_sale_ratio": 3.55,
            "price_fair": 75.13,
            "eps_avg_yearly": 2.15,
            "eps_latest_yearly": 0.8,
            "eps_growth_yearly": 87.59
        },
        "20153": {
            "year_quarter": 20153,
            "year": 2015,
            "quarter": 3,
            "eps": 0.64,
            "eps_growth_year": -30.43,
            "eps_4q": 0.99,
            "eps_4q_growth_year": 98.77,
            "roe": 3.32,
            "roe_4q": 5.17,
            "gross_profit": 124861,
            "gross_margin": 27.92,
            "gross_margin_4q_avg": 25.23,
            "net_income": 41586,
            "net_income_4q": null,
            "revenue": 447144,
            "revenue_4q": null,
            "common_shares": 662244,
            "book_valuer_per_share": 19.67,
            "book_valuer_per_share_4q_avg": 19.78,
            "equity": 1267352,
            "current_ratio": 228.75,
            "debt_ratio": 32.22,
            "inventory_turnover_ratio": 1.85,
            "account_receivable_turnover_ratio": 0.81,
            "reinvestment_rate": -376.72,
            "research_to_sale_ratio": 3.67,
            "price_fair": 73.85,
            "eps_avg_yearly": 2.11,
            "eps_latest_yearly": 0.8,
            "eps_growth_yearly": 119.21
        },
        "20154": {
            "year_quarter": 20154,
            "year": 2015,
            "quarter": 4,
            "eps": 0.96,
            "eps_growth_year": 87.32,
            "eps_4q": 1.44,
            "eps_4q_growth_year": 17.57,
            "roe": 4.78,
            "roe_4q": 7.26,
            "gross_profit": 155763,
            "gross_margin": 31.94,
            "gross_margin_4q_avg": 25.75,
            "net_income": 61686,
            "net_income_4q": null,
            "revenue": 487734,
            "revenue_4q": null,
            "common_shares": 644244,
            "book_valuer_per_share": 20.36,
            "book_valuer_per_share_4q_avg": 19.8,
            "equity": 1311628,
            "current_ratio": 235.8,
            "debt_ratio": 31.67,
            "inventory_turnover_ratio": 1.85,
            "account_receivable_turnover_ratio": 0.78,
            "reinvestment_rate": -322.07,
            "research_to_sale_ratio": 2.98,
            "price_fair": 85.58,
            "eps_avg_yearly": 2.45,
            "eps_latest_yearly": 3.84,
            "eps_growth_yearly": 170.44
        },
        "20161": {
            "year_quarter": 20161,
            "year": 2016,
            "quarter": 1,
            "eps": 0.98,
            "eps_growth_year": 390,
            "eps_4q": 2.2,
            "eps_4q_growth_year": 28.25,
            "roe": 4.7,
            "roe_4q": 10.96,
            "gross_profit": 167654,
            "gross_margin": 35.69,
            "gross_margin_4q_avg": 28.28,
            "net_income": 63032,
            "net_income_4q": null,
            "revenue": 469710,
            "revenue_4q": null,
            "common_shares": 648742,
            "book_valuer_per_share": 21.15,
            "book_valuer_per_share_4q_avg": 19.99,
            "equity": 1372115,
            "current_ratio": 266.26,
            "debt_ratio": 28.22,
            "inventory_turnover_ratio": 1.73,
            "account_receivable_turnover_ratio": 0.72,
            "reinvestment_rate": -276.86,
            "research_to_sale_ratio": 2.75,
            "price_fair": 94.33,
            "eps_avg_yearly": 2.7,
            "eps_latest_yearly": 3.92,
            "eps_growth_yearly": 138.72
        },
        "20162": {
            "year_quarter": 20162,
            "year": 2016,
            "quarter": 2,
            "eps": 0.93,
            "eps_growth_year": null,
            "eps_4q": 3.49,
            "eps_4q_growth_year": 200.36,
            "roe": 4.5,
            "roe_4q": 17.3,
            "gross_profit": 142386,
            "gross_margin": 31.57,
            "gross_margin_4q_avg": 31.78,
            "net_income": 60081,
            "net_income_4q": null,
            "revenue": 451011,
            "revenue_4q": null,
            "common_shares": 648742,
            "book_valuer_per_share": 20,
            "book_valuer_per_share_4q_avg": 20.3,
            "equity": 1298645,
            "current_ratio": 238,
            "debt_ratio": 31.39,
            "inventory_turnover_ratio": 2.03,
            "account_receivable_turnover_ratio": 0.7,
            "reinvestment_rate": -283.6,
            "research_to_sale_ratio": 3.45,
            "price_fair": 93.28,
            "eps_avg_yearly": 2.67,
            "eps_latest_yearly": 3.72,
            "eps_growth_yearly": 83.05
        },
        "20163": {
            "year_quarter": 20163,
            "year": 2016,
            "quarter": 3,
            "eps": 1.96,
            "eps_growth_year": 206.25,
            "eps_4q": 4.75,
            "eps_4q_growth_year": 380.53,
            "roe": 9.45,
            "roe_4q": 23.43,
            "gross_profit": 236853,
            "gross_margin": 43.18,
            "gross_margin_4q_avg": 35.6,
            "net_income": 128232,
            "net_income_4q": null,
            "revenue": 548475,
            "revenue_4q": null,
            "common_shares": 654495,
            "book_valuer_per_share": 21.49,
            "book_valuer_per_share_4q_avg": 20.75,
            "equity": 1414932,
            "current_ratio": 205.45,
            "debt_ratio": 38.31,
            "inventory_turnover_ratio": 2.22,
            "account_receivable_turnover_ratio": 0.8,
            "reinvestment_rate": -231.96,
            "research_to_sale_ratio": 2.88,
            "price_fair": 113.4,
            "eps_avg_yearly": 3.24,
            "eps_latest_yearly": 7.84,
            "eps_growth_yearly": 147.51
        },
        "20164": {
            "year_quarter": 20164,
            "year": 2016,
            "quarter": 4,
            "eps": 2.06,
            "eps_growth_year": 115.48,
            "eps_4q": 5.88,
            "eps_4q_growth_year": 308.77,
            "roe": 9.19,
            "roe_4q": 27.84,
            "gross_profit": 212465,
            "gross_margin": 46,
            "gross_margin_4q_avg": 39.11,
            "net_income": 135836,
            "net_income_4q": null,
            "revenue": 461923,
            "revenue_4q": null,
            "common_shares": 658372,
            "book_valuer_per_share": 23.4,
            "book_valuer_per_share_4q_avg": 21.51,
            "equity": 1540401,
            "current_ratio": 221.06,
            "debt_ratio": 36.18,
            "inventory_turnover_ratio": 1.66,
            "account_receivable_turnover_ratio": 0.64,
            "reinvestment_rate": 12.48,
            "research_to_sale_ratio": 2.76,
            "price_fair": 132.84,
            "eps_avg_yearly": 3.8,
            "eps_latest_yearly": 8.24,
            "eps_growth_yearly": 133.39
        },
        "20171": {
            "year_quarter": 20171,
            "year": 2017,
            "quarter": 1,
            "eps": 0.43,
            "eps_growth_year": -56.12,
            "eps_4q": 5.35,
            "eps_4q_growth_year": 143.75,
            "roe": 1.84,
            "roe_4q": 24.979999999999997,
            "gross_profit": 136950,
            "gross_margin": 35.58,
            "gross_margin_4q_avg": 39.08,
            "net_income": 28258,
            "net_income_4q": null,
            "revenue": 384954,
            "revenue_4q": null,
            "common_shares": 658372,
            "book_valuer_per_share": 23.35,
            "book_valuer_per_share_4q_avg": 22.06,
            "equity": 1537312,
            "current_ratio": 418.08,
            "debt_ratio": 38.89,
            "inventory_turnover_ratio": 1.68,
            "account_receivable_turnover_ratio": 0.59,
            "reinvestment_rate": 9.92,
            "research_to_sale_ratio": 3.31,
            "price_fair": 125.58,
            "eps_avg_yearly": 3.59,
            "eps_latest_yearly": 1.72,
            "eps_growth_yearly": 88.4
        },
        "20172": {
            "year_quarter": 20172,
            "year": 2017,
            "quarter": 2,
            "eps": 0.93,
            "eps_growth_year": 0,
            "eps_4q": 5.37,
            "eps_4q_growth_year": 53.91,
            "roe": 4.29,
            "roe_4q": 24.77,
            "gross_profit": 179943,
            "gross_margin": 40.2,
            "gross_margin_4q_avg": 41.24,
            "net_income": 60938,
            "net_income_4q": null,
            "revenue": 447611,
            "revenue_4q": null,
            "common_shares": 658372,
            "book_valuer_per_share": 19.77,
            "book_valuer_per_share_4q_avg": 22,
            "equity": 1301700,
            "current_ratio": 260.96,
            "debt_ratio": 49.59,
            "inventory_turnover_ratio": 1.91,
            "account_receivable_turnover_ratio": 0.75,
            "reinvestment_rate": 9.3,
            "research_to_sale_ratio": 2.93,
            "price_fair": 138.32,
            "eps_avg_yearly": 3.95,
            "eps_latest_yearly": 3.72,
            "eps_growth_yearly": 173.09
        },
        "20173": {
            "year_quarter": 20173,
            "year": 2017,
            "quarter": 3,
            "eps": 0.75,
            "eps_growth_year": -61.73,
            "eps_4q": 4.17,
            "eps_4q_growth_year": -12.36,
            "roe": 3.7,
            "roe_4q": 19.02,
            "gross_profit": 236664,
            "gross_margin": 44.18,
            "gross_margin_4q_avg": 41.49,
            "net_income": 49320,
            "net_income_4q": null,
            "revenue": 535669,
            "revenue_4q": null,
            "common_shares": 658372,
            "book_valuer_per_share": 20.75,
            "book_valuer_per_share_4q_avg": 21.82,
            "equity": 1365805,
            "current_ratio": 370.31,
            "debt_ratio": 42.22,
            "inventory_turnover_ratio": 2.04,
            "account_receivable_turnover_ratio": 0.78,
            "reinvestment_rate": 4.6,
            "research_to_sale_ratio": 3.24,
            "price_fair": 135.29,
            "eps_avg_yearly": 3.87,
            "eps_latest_yearly": 3,
            "eps_growth_yearly": 150.32
        },
        "20174": {
            "year_quarter": 20174,
            "year": 2017,
            "quarter": 4,
            "eps": 0.96,
            "eps_growth_year": -53.6,
            "eps_4q": 3.06,
            "eps_4q_growth_year": -47.95,
            "roe": 4.51,
            "roe_4q": 14.34,
            "gross_profit": 226554,
            "gross_margin": 43.45,
            "gross_margin_4q_avg": 40.85,
            "net_income": 63028,
            "net_income_4q": null,
            "revenue": 521470,
            "revenue_4q": null,
            "common_shares": 658372,
            "book_valuer_per_share": 21.68,
            "book_valuer_per_share_4q_avg": 21.39,
            "equity": 1427647,
            "current_ratio": 350.91,
            "debt_ratio": 42.8,
            "inventory_turnover_ratio": 1.92,
            "account_receivable_turnover_ratio": 0.65,
            "reinvestment_rate": -2.71,
            "research_to_sale_ratio": 2.81,
            "price_fair": 135.22,
            "eps_avg_yearly": 3.86,
            "eps_latest_yearly": 3.84,
            "eps_growth_yearly": 147.13
        },
        "20181": {
            "year_quarter": 20181,
            "year": 2018,
            "quarter": 1,
            "eps": 0.36,
            "eps_growth_year": -16.28,
            "eps_4q": 3,
            "eps_4q_growth_year": -44.04,
            "roe": 1.65,
            "roe_4q": 14.149999999999999,
            "gross_profit": 159810,
            "gross_margin": 37.08,
            "gross_margin_4q_avg": 41.23,
            "net_income": 23918,
            "net_income_4q": null,
            "revenue": 430936,
            "revenue_4q": null,
            "common_shares": 658372,
            "book_valuer_per_share": 22.33,
            "book_valuer_per_share_4q_avg": 21.13,
            "equity": 1470347,
            "current_ratio": 191.06,
            "debt_ratio": 41.48,
            "inventory_turnover_ratio": 1.67,
            "account_receivable_turnover_ratio": 0.54,
            "reinvestment_rate": 3.93,
            "research_to_sale_ratio": 3.29,
            "price_fair": 128.69,
            "eps_avg_yearly": 3.68,
            "eps_latest_yearly": 1.44,
            "eps_growth_yearly": 116.58
        },
        "20182": {
            "year_quarter": 20182,
            "year": 2018,
            "quarter": 2,
            "eps": 1.27,
            "eps_growth_year": 36.56,
            "eps_4q": 3.38,
            "eps_4q_growth_year": -37.08,
            "roe": 5.96,
            "roe_4q": 15.82,
            "gross_profit": 180498,
            "gross_margin": 37.2,
            "gross_margin_4q_avg": 40.48,
            "net_income": 83754,
            "net_income_4q": null,
            "revenue": 485212,
            "revenue_4q": null,
            "common_shares": 658372,
            "book_valuer_per_share": 20.56,
            "book_valuer_per_share_4q_avg": 21.33,
            "equity": 1339634,
            "current_ratio": 164.44,
            "debt_ratio": 47.89,
            "inventory_turnover_ratio": 1.77,
            "account_receivable_turnover_ratio": 0.63,
            "reinvestment_rate": 3.64,
            "research_to_sale_ratio": 3.25,
            "price_fair": 132.2,
            "eps_avg_yearly": 3.78,
            "eps_latest_yearly": 5.08,
            "eps_growth_yearly": 180.47
        },
        "20183": {
            "year_quarter": 20183,
            "year": 2018,
            "quarter": 3,
            "eps": 1.89,
            "eps_growth_year": 152,
            "eps_4q": 4.51,
            "eps_4q_growth_year": 8.3,
            "roe": 8.93,
            "roe_4q": 21.049999999999997,
            "gross_profit": 228146,
            "gross_margin": 42.7,
            "gross_margin_4q_avg": 40.11,
            "net_income": 122773,
            "net_income_4q": null,
            "revenue": 534262,
            "revenue_4q": null,
            "common_shares": 650262,
            "book_valuer_per_share": 21.69,
            "book_valuer_per_share_4q_avg": 21.57,
            "equity": 1410522,
            "current_ratio": 177.62,
            "debt_ratio": 42.55,
            "inventory_turnover_ratio": 1.9,
            "account_receivable_turnover_ratio": 0.68,
            "reinvestment_rate": 7.28,
            "research_to_sale_ratio": 3.13,
            "price_fair": 141.9,
            "eps_avg_yearly": 4.05,
            "eps_latest_yearly": 7.56,
            "eps_growth_yearly": 97.82
        },
        "20184": {
            "year_quarter": 20184,
            "year": 2018,
            "quarter": 4,
            "eps": 1.73,
            "eps_growth_year": 80.28,
            "eps_4q": 5.31,
            "eps_4q_growth_year": 73.45,
            "roe": 7.64,
            "roe_4q": 24.18,
            "gross_profit": 217411,
            "gross_margin": 43.12,
            "gross_margin_4q_avg": 40.03,
            "net_income": 110977,
            "net_income_4q": null,
            "revenue": 504154,
            "revenue_4q": null,
            "common_shares": 650262,
            "book_valuer_per_share": 23.26,
            "book_valuer_per_share_4q_avg": 21.96,
            "equity": 1495882,
            "current_ratio": 184.31,
            "debt_ratio": 41.4,
            "inventory_turnover_ratio": 1.94,
            "account_receivable_turnover_ratio": 0.63,
            "reinvestment_rate": 3.02,
            "research_to_sale_ratio": 3.37,
            "price_fair": 154.1,
            "eps_avg_yearly": 4.4,
            "eps_latest_yearly": 6.92,
            "eps_growth_yearly": 108.14
        },
        "20191": {
            "year_quarter": 20191,
            "year": 2019,
            "quarter": 1,
            "eps": 0.73,
            "eps_growth_year": 102.78,
            "eps_4q": 5.67,
            "eps_4q_growth_year": 89.38,
            "roe": 3.08,
            "roe_4q": 25.61,
            "gross_profit": 162036,
            "gross_margin": 40.91,
            "gross_margin_4q_avg": 40.98,
            "net_income": 47234,
            "net_income_4q": null,
            "revenue": 396109,
            "revenue_4q": null,
            "common_shares": 643002,
            "book_valuer_per_share": 24.44,
            "book_valuer_per_share_4q_avg": 22.49,
            "equity": 1571235,
            "current_ratio": 189.53,
            "debt_ratio": 39.32,
            "inventory_turnover_ratio": 1.55,
            "account_receivable_turnover_ratio": 0.53,
            "reinvestment_rate": 9.37,
            "research_to_sale_ratio": 4.13,
            "price_fair": 159.4,
            "eps_avg_yearly": 4.55,
            "eps_latest_yearly": 2.92,
            "eps_growth_yearly": 108.99
        },
        "20192": {
            "year_quarter": 20192,
            "year": 2019,
            "quarter": 2,
            "eps": 1.18,
            "eps_growth_year": -7.09,
            "eps_4q": 5.55,
            "eps_4q_growth_year": 64.34,
            "roe": 5.29,
            "roe_4q": 24.94,
            "gross_profit": 184125,
            "gross_margin": 41.76,
            "gross_margin_4q_avg": 42.12,
            "net_income": 75795,
            "net_income_4q": null,
            "revenue": 440924,
            "revenue_4q": null,
            "common_shares": 643002,
            "book_valuer_per_share": 20.13,
            "book_valuer_per_share_4q_avg": 22.38,
            "equity": 1294666,
            "current_ratio": 137.06,
            "debt_ratio": 50.43,
            "inventory_turnover_ratio": 1.73,
            "account_receivable_turnover_ratio": 0.63,
            "reinvestment_rate": 7.2,
            "research_to_sale_ratio": 3.59,
            "price_fair": 159.79,
            "eps_avg_yearly": 4.57,
            "eps_latest_yearly": 4.72,
            "eps_growth_yearly": 118.16
        },
        "20193": {
            "year_quarter": 20193,
            "year": 2019,
            "quarter": 3,
            "eps": 2.23,
            "eps_growth_year": 17.99,
            "eps_4q": 5.87,
            "eps_4q_growth_year": 29.98,
            "roe": 10.46,
            "roe_4q": 26.47,
            "gross_profit": 269433,
            "gross_margin": 46.85,
            "gross_margin_4q_avg": 43.16,
            "net_income": 143190,
            "net_income_4q": null,
            "revenue": 575053,
            "revenue_4q": null,
            "common_shares": 643002,
            "book_valuer_per_share": 22.43,
            "book_valuer_per_share_4q_avg": 22.57,
            "equity": 1442340,
            "current_ratio": 193.62,
            "debt_ratio": 55.49,
            "inventory_turnover_ratio": 2.33,
            "account_receivable_turnover_ratio": 0.77,
            "reinvestment_rate": 9.71,
            "research_to_sale_ratio": 3.88,
            "price_fair": 169.31,
            "eps_avg_yearly": 4.84,
            "eps_latest_yearly": 8.92,
            "eps_growth_yearly": 133.02
        },
        "20194": {
            "year_quarter": 20194,
            "year": 2019,
            "quarter": 4,
            "eps": 1.96,
            "eps_growth_year": 13.74,
            "eps_4q": 6.04,
            "eps_4q_growth_year": 13.75,
            "roe": 8.41,
            "roe_4q": 27.240000000000002,
            "gross_profit": 273679,
            "gross_margin": 48.21,
            "gross_margin_4q_avg": 44.43,
            "net_income": 128181,
            "net_income_4q": null,
            "revenue": 567675,
            "revenue_4q": null,
            "common_shares": 643002,
            "book_valuer_per_share": 24.58,
            "book_valuer_per_share_4q_avg": 22.9,
            "equity": 1604814,
            "current_ratio": 228.17,
            "debt_ratio": 50.06,
            "inventory_turnover_ratio": 2.32,
            "account_receivable_turnover_ratio": 0.68,
            "reinvestment_rate": 8.62,
            "research_to_sale_ratio": 2.73,
            "price_fair": 178.06,
            "eps_avg_yearly": 5.09,
            "eps_latest_yearly": 7.84,
            "eps_growth_yearly": 117.5
        },
        "20201": {
            "year_quarter": 20201,
            "year": 2020,
            "quarter": 1,
            "eps": 0.73,
            "eps_growth_year": 0,
            "eps_4q": 5.52,
            "eps_4q_growth_year": -2.7,
            "roe": 2.74,
            "roe_4q": 26.9,
            "gross_profit": 134023,
            "gross_margin": 41.52,
            "gross_margin_4q_avg": 44.59,
            "net_income": 50462,
            "net_income_4q": null,
            "revenue": 322821,
            "revenue_4q": null,
            "common_shares": 652971,
            "book_valuer_per_share": 28.87,
            "book_valuer_per_share_4q_avg": 24,
            "equity": 2079852,
            "current_ratio": 519.3,
            "debt_ratio": 33.06,
            "inventory_turnover_ratio": 1.47,
            "account_receivable_turnover_ratio": 0.41,
            "reinvestment_rate": 7.69,
            "research_to_sale_ratio": 3.68,
            "price_fair": 175.88,
            "eps_avg_yearly": 5.03,
            "eps_latest_yearly": 2.92,
            "eps_growth_yearly": 101.29
        },
        "20202": {
            "year_quarter": 20202,
            "year": 2020,
            "quarter": 2,
            "eps": 2.88,
            "eps_growth_year": 144.07,
            "eps_4q": 7.33,
            "eps_4q_growth_year": 32.13,
            "roe": 10.47,
            "roe_4q": 32.08,
            "gross_profit": 366089,
            "gross_margin": 53,
            "gross_margin_4q_avg": 47.4,
            "net_income": 207196,
            "net_income_4q": null,
            "revenue": 690697,
            "revenue_4q": null,
            "common_shares": 720473,
            "book_valuer_per_share": 26.04,
            "book_valuer_per_share_4q_avg": 25.48,
            "equity": 1879201,
            "current_ratio": 266.75,
            "debt_ratio": 45.31,
            "inventory_turnover_ratio": 2.48,
            "account_receivable_turnover_ratio": 0.86,
            "reinvestment_rate": 5.86,
            "research_to_sale_ratio": 2.43,
            "price_fair": 192.94,
            "eps_avg_yearly": 5.51,
            "eps_latest_yearly": 11.52,
            "eps_growth_yearly": 176.19
        },
        "20203": {
            "year_quarter": 20203,
            "year": 2020,
            "quarter": 3,
            "eps": 1.99,
            "eps_growth_year": -10.76,
            "eps_4q": 7.27,
            "eps_4q_growth_year": 23.96,
            "roe": 7.25,
            "roe_4q": 28.87,
            "gross_profit": 292997,
            "gross_margin": 49.64,
            "gross_margin_4q_avg": 48.09,
            "net_income": 144395,
            "net_income_4q": null,
            "revenue": 590208,
            "revenue_4q": null,
            "common_shares": 721596,
            "book_valuer_per_share": 28.87,
            "book_valuer_per_share_4q_avg": 27.09,
            "equity": 2104717,
            "current_ratio": 382.47,
            "debt_ratio": 35.12,
            "inventory_turnover_ratio": 2.17,
            "account_receivable_turnover_ratio": 0.67,
            "reinvestment_rate": 19.79,
            "research_to_sale_ratio": 3.35,
            "price_fair": 193.2,
            "eps_avg_yearly": 5.52,
            "eps_latest_yearly": 7.96,
            "eps_growth_yearly": 140.78
        },
        "20204": {
            "year_quarter": 20204,
            "year": 2020,
            "quarter": 4,
            "eps": 1.61,
            "eps_growth_year": -18.01,
            "eps_4q": 7.12,
            "eps_4q_growth_year": 17.94,
            "roe": 5.38,
            "roe_4q": 25.840000000000003,
            "gross_profit": 252366,
            "gross_margin": 46.88,
            "gross_margin_4q_avg": 47.76,
            "net_income": 117363,
            "net_income_4q": null,
            "revenue": 538282,
            "revenue_4q": null,
            "common_shares": 729158,
            "book_valuer_per_share": 30.97,
            "book_valuer_per_share_4q_avg": 28.69,
            "equity": 2258516,
            "current_ratio": 357.27,
            "debt_ratio": 35.73,
            "inventory_turnover_ratio": 1.91,
            "account_receivable_turnover_ratio": 0.64,
            "reinvestment_rate": 26.03,
            "research_to_sale_ratio": 3.04,
            "price_fair": 189.26,
            "eps_avg_yearly": 5.41,
            "eps_latest_yearly": 6.44,
            "eps_growth_yearly": 134.73
        },
        "20211": {
            "year_quarter": 20211,
            "year": 2021,
            "quarter": 1,
            "eps": 2.15,
            "eps_growth_year": 194.52,
            "eps_4q": 10.84,
            "eps_4q_growth_year": 96.42,
            "roe": 5.61,
            "roe_4q": 28.71,
            "gross_profit": 245970,
            "gross_margin": 46.2,
            "gross_margin_4q_avg": 48.93,
            "net_income": 124890,
            "net_income_4q": null,
            "revenue": 532459,
            "revenue_4q": null,
            "common_shares": 547797,
            "book_valuer_per_share": 40.11,
            "book_valuer_per_share_4q_avg": 31.5,
            "equity": 2197033,
            "current_ratio": 365.47,
            "debt_ratio": 35.24,
            "inventory_turnover_ratio": 1.6,
            "account_receivable_turnover_ratio": 0.64,
            "reinvestment_rate": 28.01,
            "research_to_sale_ratio": 3.4,
            "price_fair": 204.31,
            "eps_avg_yearly": 5.84,
            "eps_latest_yearly": 8.6,
            "eps_growth_yearly": 162.89
        },
        "20212": {
            "year_quarter": 20212,
            "year": 2021,
            "quarter": 2,
            "eps": 3.48,
            "eps_growth_year": 20.83,
            "eps_4q": 10.31,
            "eps_4q_growth_year": 40.57,
            "roe": 8.25,
            "roe_4q": 26.49,
            "gross_profit": 340165,
            "gross_margin": 47.05,
            "gross_margin_4q_avg": 47.44,
            "net_income": 194040,
            "net_income_4q": null,
            "revenue": 723036,
            "revenue_4q": null,
            "common_shares": 547797,
            "book_valuer_per_share": 44.54,
            "book_valuer_per_share_4q_avg": 36.12,
            "equity": 2509376,
            "current_ratio": 326.7,
            "debt_ratio": 31.62,
            "inventory_turnover_ratio": 1.85,
            "account_receivable_turnover_ratio": 0.78,
            "reinvestment_rate": 25.11,
            "research_to_sale_ratio": 2.5,
            "price_fair": 226.63,
            "eps_avg_yearly": 6.48,
            "eps_latest_yearly": 13.92,
            "eps_growth_yearly": 149.29
        },
        "20213": {
            "year_quarter": 20213,
            "year": 2021,
            "quarter": 3,
            "eps": 2.71,
            "eps_growth_year": 36.18,
            "eps_4q": 10.17,
            "eps_4q_growth_year": 39.88,
            "roe": 6.5,
            "roe_4q": 25.74,
            "gross_profit": 313635,
            "gross_margin": 46.15,
            "gross_margin_4q_avg": 46.57,
            "net_income": 155949,
            "net_income_4q": null,
            "revenue": 679559,
            "revenue_4q": null,
            "common_shares": 563458,
            "book_valuer_per_share": 39.26,
            "book_valuer_per_share_4q_avg": 38.72,
            "equity": 2285706,
            "current_ratio": 159.89,
            "debt_ratio": 40.36,
            "inventory_turnover_ratio": 1.72,
            "account_receivable_turnover_ratio": 0.65,
            "reinvestment_rate": 24.5,
            "research_to_sale_ratio": 3.41,
            "price_fair": 243.78,
            "eps_avg_yearly": 6.97,
            "eps_latest_yearly": 10.84,
            "eps_growth_yearly": 148.6
        },
        "20214": {
            "year_quarter": 20214,
            "year": 2021,
            "quarter": 4,
            "eps": 2.88,
            "eps_growth_year": 78.71,
            "eps_4q": 10.99,
            "eps_4q_growth_year": 54.32,
            "roe": 7.04,
            "roe_4q": 27.4,
            "gross_profit": 324176,
            "gross_margin": 47.34,
            "gross_margin_4q_avg": 46.69,
            "net_income": 168293,
            "net_income_4q": null,
            "revenue": 684768,
            "revenue_4q": null,
            "common_shares": 582224,
            "book_valuer_per_share": 42.69,
            "book_valuer_per_share_4q_avg": 41.65,
            "equity": 2497534,
            "current_ratio": 148.79,
            "debt_ratio": 38.8,
            "inventory_turnover_ratio": 1.68,
            "account_receivable_turnover_ratio": 0.64,
            "reinvestment_rate": 24.53,
            "research_to_sale_ratio": 2.77,
            "price_fair": 260.58,
            "eps_avg_yearly": 7.45,
            "eps_latest_yearly": 11.52,
            "eps_growth_yearly": 143.17
        },
        "20221": {
            "year_quarter": 20221,
            "year": 2022,
            "quarter": 1,
            "eps": 2.64,
            "eps_growth_year": 22.79,
            "eps_4q": 11.49,
            "eps_4q_growth_year": 6,
            "roe": 5.86,
            "roe_4q": 27.65,
            "gross_profit": 288119,
            "gross_margin": 46.59,
            "gross_margin_4q_avg": 46.78,
            "net_income": 154659,
            "net_income_4q": null,
            "revenue": 618361,
            "revenue_4q": null,
            "common_shares": 585077,
            "book_valuer_per_share": 47.54,
            "book_valuer_per_share_4q_avg": 43.51,
            "equity": 2784085,
            "current_ratio": 260.07,
            "debt_ratio": 38.71,
            "inventory_turnover_ratio": 1.41,
            "account_receivable_turnover_ratio": 0.59,
            "reinvestment_rate": 21.33,
            "research_to_sale_ratio": 2.69,
            "price_fair": 280.53,
            "eps_avg_yearly": 8.02,
            "eps_latest_yearly": 10.56,
            "eps_growth_yearly": 156.71
        },
        "20222": {
            "year_quarter": 20222,
            "year": 2022,
            "quarter": 2,
            "eps": 2.03,
            "eps_growth_year": -41.67,
            "eps_4q": 10.15,
            "eps_4q_growth_year": -1.49,
            "roe": 4.76,
            "roe_4q": 24.16,
            "gross_profit": 233198,
            "gross_margin": 44.44,
            "gross_margin_4q_avg": 46.13,
            "net_income": 119602,
            "net_income_4q": null,
            "revenue": 524739,
            "revenue_4q": null,
            "common_shares": 585077,
            "book_valuer_per_share": 38.06,
            "book_valuer_per_share_4q_avg": 41.89,
            "equity": 2243607,
            "current_ratio": 170.82,
            "debt_ratio": 50.54,
            "inventory_turnover_ratio": 1.19,
            "account_receivable_turnover_ratio": 0.54,
            "reinvestment_rate": 18.38,
            "research_to_sale_ratio": 3.11,
            "price_fair": 287.18,
            "eps_avg_yearly": 8.21,
            "eps_latest_yearly": 8.12,
            "eps_growth_yearly": 87.74
        },
        "20223": {
            "year_quarter": 20223,
            "year": 2022,
            "quarter": 3,
            "eps": 3.06,
            "eps_growth_year": 12.92,
            "eps_4q": 10.56,
            "eps_4q_growth_year": 3.83,
            "roe": 7.69,
            "roe_4q": 25.349999999999998,
            "gross_profit": 306126,
            "gross_margin": 47.64,
            "gross_margin_4q_avg": 46.5,
            "net_income": 180545,
            "net_income_4q": null,
            "revenue": 642546,
            "revenue_4q": null,
            "common_shares": 589441,
            "book_valuer_per_share": 41.52,
            "book_valuer_per_share_4q_avg": 42.45,
            "equity": 2449763,
            "current_ratio": 255.69,
            "debt_ratio": 39.05,
            "inventory_turnover_ratio": 1.62,
            "account_receivable_turnover_ratio": 0.67,
            "reinvestment_rate": 15.52,
            "research_to_sale_ratio": 3.59,
            "price_fair": 297.41,
            "eps_avg_yearly": 8.5,
            "eps_latest_yearly": 12.24,
            "eps_growth_yearly": 88.22
        },
        "20224": {
            "year_quarter": 20224,
            "year": 2022,
            "quarter": 4,
            "eps": 1.68,
            "eps_growth_year": -41.5,
            "eps_4q": 9.39,
            "eps_4q_growth_year": -14.57,
            "roe": 4,
            "roe_4q": 22.310000000000002,
            "gross_profit": 244183,
            "gross_margin": 46.58,
            "gross_margin_4q_avg": 46.31,
            "net_income": 99280,
            "net_income_4q": null,
            "revenue": 524232,
            "revenue_4q": null,
            "common_shares": 589978,
            "book_valuer_per_share": 42.65,
            "book_valuer_per_share_4q_avg": 42.44,
            "equity": 2516354,
            "current_ratio": 264.21,
            "debt_ratio": 38.57,
            "inventory_turnover_ratio": 1.69,
            "account_receivable_turnover_ratio": 0.57,
            "reinvestment_rate": 14.51,
            "research_to_sale_ratio": 3.18,
            "price_fair": 296.98,
            "eps_avg_yearly": 8.49,
            "eps_latest_yearly": 6.72,
            "eps_growth_yearly": 79.06
        },
        "20231": {
            "year_quarter": 20231,
            "year": 2023,
            "quarter": 1,
            "eps": 1.35,
            "eps_growth_year": -48.86,
            "eps_4q": 8.12,
            "eps_4q_growth_year": -29.33,
            "roe": 3.11,
            "roe_4q": 19.560000000000002,
            "gross_profit": 201534,
            "gross_margin": 46.87,
            "gross_margin_4q_avg": 46.38,
            "net_income": 79649,
            "net_income_4q": null,
            "revenue": 429961,
            "revenue_4q": null,
            "common_shares": 589978,
            "book_valuer_per_share": 44.2,
            "book_valuer_per_share_4q_avg": 41.61,
            "equity": 2607442,
            "current_ratio": 288.87,
            "debt_ratio": 37.05,
            "inventory_turnover_ratio": 1.38,
            "account_receivable_turnover_ratio": 0.55,
            "reinvestment_rate": 11.06,
            "research_to_sale_ratio": 3.29,
            "price_fair": 302.4,
            "eps_avg_yearly": 8.64,
            "eps_latest_yearly": 5.4,
            "eps_growth_yearly": 88.6
        },
        "20232": {
            "year_quarter": 20232,
            "year": 2023,
            "quarter": 2,
            "eps": 3.4,
            "eps_growth_year": 67.49,
            "eps_4q": 9.49,
            "eps_4q_growth_year": -6.49,
            "roe": 8.38,
            "roe_4q": 23.18,
            "gross_profit": 303274,
            "gross_margin": 50.88,
            "gross_margin_4q_avg": 47.99,
            "net_income": 200640,
            "net_income_4q": null,
            "revenue": 596017,
            "revenue_4q": null,
            "common_shares": 589978,
            "book_valuer_per_share": 37.01,
            "book_valuer_per_share_4q_avg": 41.35,
            "equity": 2183423,
            "current_ratio": 176.5,
            "debt_ratio": 49.34,
            "inventory_turnover_ratio": 1.84,
            "account_receivable_turnover_ratio": 0.77,
            "reinvestment_rate": 8.66,
            "research_to_sale_ratio": 2.35,
            "price_fair": 321.83,
            "eps_avg_yearly": 9.2,
            "eps_latest_yearly": 13.6,
            "eps_growth_yearly": 111.15
        },
        "20233": {
            "year_quarter": 20233,
            "year": 2023,
            "quarter": 3,
            "eps": 3.55,
            "eps_growth_year": 16.01,
            "eps_4q": 9.97,
            "eps_4q_growth_year": -5.61,
            "roe": 8.92,
            "roe_4q": 24.41,
            "gross_profit": 362693,
            "gross_margin": 53.15,
            "gross_margin_4q_avg": 49.37,
            "net_income": 209488,
            "net_income_4q": null,
            "revenue": 682380,
            "revenue_4q": null,
            "common_shares": 589978,
            "book_valuer_per_share": 42.52,
            "book_valuer_per_share_4q_avg": 41.6,
            "equity": 2512345,
            "current_ratio": 236.53,
            "debt_ratio": 41.17,
            "inventory_turnover_ratio": 2.17,
            "account_receivable_turnover_ratio": 0.75,
            "reinvestment_rate": 6.96,
            "research_to_sale_ratio": 2.81,
            "price_fair": 333.38,
            "eps_avg_yearly": 9.53,
            "eps_latest_yearly": 14.2,
            "eps_growth_yearly": 90.01
        },
        "20234": {
            "year_quarter": 20234,
            "year": 2023,
            "quarter": 4,
            "eps": 3.38,
            "eps_growth_year": 100.89,
            "eps_4q": 11.66,
            "eps_4q_growth_year": 24.18,
            "roe": 7.81,
            "roe_4q": 28.22,
            "gross_profit": 361390,
            "gross_margin": 52.63,
            "gross_margin_4q_avg": 50.88,
            "net_income": 199920,
            "net_income_4q": null,
            "revenue": 686616,
            "revenue_4q": null,
            "common_shares": 590909,
            "book_valuer_per_share": 44.13,
            "book_valuer_per_share_4q_avg": 41.97,
            "equity": 2609853,
            "current_ratio": 326.51,
            "debt_ratio": 40.56,
            "inventory_turnover_ratio": 2.09,
            "account_receivable_turnover_ratio": 0.69,
            "reinvestment_rate": 6.73,
            "research_to_sale_ratio": 2.37,
            "price_fair": 345.8,
            "eps_avg_yearly": 9.88,
            "eps_latest_yearly": 13.52,
            "eps_growth_yearly": 91.84
        }
    },
    "months": {
        "2006-11": {
            "month": "2006-11",
            "price": "57.87",
            "revenue": 120960
        },
        "2006-12": {
            "month": "2006-12",
            "price": "55.12",
            "revenue": 89381
        },
        "2007-01": {
            "month": "2007-01",
            "price": "54.85",
            "revenue": 112990
        },
        "2007-02": {
            "month": "2007-02",
            "price": "56.50",
            "revenue": 77660
        },
        "2007-03": {
            "month": "2007-03",
            "price": "68.13",
            "revenue": 106242
        },
        "2007-04": {
            "month": "2007-04",
            "price": "68.13",
            "revenue": 99910
        },
        "2007-05": {
            "month": "2007-05",
            "price": "75.46",
            "revenue": 103018
        },
        "2007-06": {
            "month": "2007-06",
            "price": "96.20",
            "revenue": 110197
        },
        "2007-07": {
            "month": "2007-07",
            "price": "114.54",
            "revenue": 133779
        },
        "2007-08": {
            "month": "2007-08",
            "price": "122.22",
            "revenue": 187241
        },
        "2007-09": {
            "month": "2007-09",
            "price": "101.11",
            "revenue": 183164
        },
        "2007-10": {
            "month": "2007-10",
            "price": "97.61",
            "revenue": 179766
        },
        "2007-11": {
            "month": "2007-11",
            "price": "85.60",
            "revenue": 131594
        },
        "2007-12": {
            "month": "2007-12",
            "price": "76.67",
            "revenue": 143594
        },
        "2008-01": {
            "month": "2008-01",
            "price": "55.73",
            "revenue": 177377
        },
        "2008-02": {
            "month": "2008-02",
            "price": "54.92",
            "revenue": 114943
        },
        "2008-03": {
            "month": "2008-03",
            "price": "66.20",
            "revenue": 198407
        },
        "2008-04": {
            "month": "2008-04",
            "price": "71.22",
            "revenue": 183646
        },
        "2008-05": {
            "month": "2008-05",
            "price": "59.08",
            "revenue": 170053
        },
        "2008-06": {
            "month": "2008-06",
            "price": "49.81",
            "revenue": 167718
        },
        "2008-07": {
            "month": "2008-07",
            "price": "43.93",
            "revenue": 253915
        },
        "2008-08": {
            "month": "2008-08",
            "price": "40.03",
            "revenue": 257059
        },
        "2008-09": {
            "month": "2008-09",
            "price": "32.56",
            "revenue": 334293
        },
        "2008-10": {
            "month": "2008-10",
            "price": "26.46",
            "revenue": 273066
        },
        "2008-11": {
            "month": "2008-11",
            "price": "26.58",
            "revenue": 171306
        },
        "2008-12": {
            "month": "2008-12",
            "price": "23.08",
            "revenue": 112150
        },
        "2009-01": {
            "month": "2009-01",
            "price": "24.31",
            "revenue": 113118
        },
        "2009-02": {
            "month": "2009-02",
            "price": "25.65",
            "revenue": 143785
        },
        "2009-03": {
            "month": "2009-03",
            "price": "34.15",
            "revenue": 236986
        },
        "2009-04": {
            "month": "2009-04",
            "price": "53.26",
            "revenue": 234141
        },
        "2009-05": {
            "month": "2009-05",
            "price": "64.63",
            "revenue": 193043
        },
        "2009-06": {
            "month": "2009-06",
            "price": "60.07",
            "revenue": 195911
        },
        "2009-07": {
            "month": "2009-07",
            "price": "67.32",
            "revenue": 214140
        },
        "2009-08": {
            "month": "2009-08",
            "price": "84.02",
            "revenue": 207056
        },
        "2009-09": {
            "month": "2009-09",
            "price": "95.36",
            "revenue": 258360
        },
        "2009-10": {
            "month": "2009-10",
            "price": "90.98",
            "revenue": 170700
        },
        "2009-11": {
            "month": "2009-11",
            "price": "85.47",
            "revenue": 153343
        },
        "2009-12": {
            "month": "2009-12",
            "price": "89.93",
            "revenue": 130111
        },
        "2010-01": {
            "month": "2010-01",
            "price": "88.02",
            "revenue": 193064
        },
        "2010-02": {
            "month": "2010-02",
            "price": "82.49",
            "revenue": 146597
        },
        "2010-03": {
            "month": "2010-03",
            "price": "94.10",
            "revenue": 265332
        },
        "2010-04": {
            "month": "2010-04",
            "price": "110.40",
            "revenue": 241248
        },
        "2010-05": {
            "month": "2010-05",
            "price": "109.45",
            "revenue": 180550
        },
        "2010-06": {
            "month": "2010-06",
            "price": "103.18",
            "revenue": 168621
        },
        "2010-07": {
            "month": "2010-07",
            "price": "93.89",
            "revenue": 193924
        },
        "2010-08": {
            "month": "2010-08",
            "price": "83.66",
            "revenue": 159020
        },
        "2010-09": {
            "month": "2010-09",
            "price": "74.55",
            "revenue": 207614
        },
        "2010-10": {
            "month": "2010-10",
            "price": "75.52",
            "revenue": 164523
        },
        "2010-11": {
            "month": "2010-11",
            "price": "71.67",
            "revenue": 164788
        },
        "2010-12": {
            "month": "2010-12",
            "price": "73.63",
            "revenue": 184120
        },
        "2011-01": {
            "month": "2011-01",
            "price": "71.88",
            "revenue": 174305
        },
        "2011-02": {
            "month": "2011-02",
            "price": "69.21",
            "revenue": 111938
        },
        "2011-03": {
            "month": "2011-03",
            "price": "67.53",
            "revenue": 193994
        },
        "2011-04": {
            "month": "2011-04",
            "price": "66.35",
            "revenue": 186360
        },
        "2011-05": {
            "month": "2011-05",
            "price": "66.62",
            "revenue": 182585
        },
        "2011-06": {
            "month": "2011-06",
            "price": "62.75",
            "revenue": 158326
        },
        "2011-07": {
            "month": "2011-07",
            "price": "60.41",
            "revenue": 175696
        },
        "2011-08": {
            "month": "2011-08",
            "price": "41.78",
            "revenue": 164501
        },
        "2011-09": {
            "month": "2011-09",
            "price": "39.55",
            "revenue": 208309
        },
        "2011-10": {
            "month": "2011-10",
            "price": "39.26",
            "revenue": 145681
        },
        "2011-11": {
            "month": "2011-11",
            "price": "35.20",
            "revenue": 151577
        },
        "2011-12": {
            "month": "2011-12",
            "price": "29.06",
            "revenue": 160145
        },
        "2012-01": {
            "month": "2012-01",
            "price": "33.74",
            "revenue": 151412
        },
        "2012-02": {
            "month": "2012-02",
            "price": "41.87",
            "revenue": 130946
        },
        "2012-03": {
            "month": "2012-03",
            "price": "44.02",
            "revenue": 157575
        },
        "2012-04": {
            "month": "2012-04",
            "price": "36.72",
            "revenue": 165360
        },
        "2012-05": {
            "month": "2012-05",
            "price": "33.84",
            "revenue": 163734
        },
        "2012-06": {
            "month": "2012-06",
            "price": "34.20",
            "revenue": 149366
        },
        "2012-07": {
            "month": "2012-07",
            "price": "34.68",
            "revenue": 170953
        },
        "2012-08": {
            "month": "2012-08",
            "price": "36.73",
            "revenue": 157079
        },
        "2012-09": {
            "month": "2012-09",
            "price": "38.66",
            "revenue": 182151
        },
        "2012-10": {
            "month": "2012-10",
            "price": "35.00",
            "revenue": 122006
        },
        "2012-11": {
            "month": "2012-11",
            "price": "30.61",
            "revenue": 121210
        },
        "2012-12": {
            "month": "2012-12",
            "price": "30.58",
            "revenue": 136425
        },
        "2013-01": {
            "month": "2013-01",
            "price": "32.58",
            "revenue": 169563
        },
        "2013-02": {
            "month": "2013-02",
            "price": "32.10",
            "revenue": 86339
        },
        "2013-03": {
            "month": "2013-03",
            "price": "32.02",
            "revenue": 131806
        },
        "2013-04": {
            "month": "2013-04",
            "price": "29.86",
            "revenue": 128626
        },
        "2013-05": {
            "month": "2013-05",
            "price": "29.79",
            "revenue": 140308
        },
        "2013-06": {
            "month": "2013-06",
            "price": "29.75",
            "revenue": 112083
        },
        "2013-07": {
            "month": "2013-07",
            "price": "29.11",
            "revenue": 146138
        },
        "2013-08": {
            "month": "2013-08",
            "price": "27.36",
            "revenue": 140126
        },
        "2013-09": {
            "month": "2013-09",
            "price": "23.85",
            "revenue": 140765
        },
        "2013-10": {
            "month": "2013-10",
            "price": "24.35",
            "revenue": 128936
        },
        "2013-11": {
            "month": "2013-11",
            "price": "23.98",
            "revenue": 144679
        },
        "2013-12": {
            "month": "2013-12",
            "price": "25.44",
            "revenue": 141813
        },
        "2014-01": {
            "month": "2014-01",
            "price": "28.02",
            "revenue": 142493
        },
        "2014-02": {
            "month": "2014-02",
            "price": "27.41",
            "revenue": 87143
        },
        "2014-03": {
            "month": "2014-03",
            "price": "26.90",
            "revenue": 124839
        },
        "2014-04": {
            "month": "2014-04",
            "price": "26.10",
            "revenue": 143750
        },
        "2014-05": {
            "month": "2014-05",
            "price": "26.04",
            "revenue": 158276
        },
        "2014-06": {
            "month": "2014-06",
            "price": "25.61",
            "revenue": 131070
        },
        "2014-07": {
            "month": "2014-07",
            "price": "25.04",
            "revenue": 157774
        },
        "2014-08": {
            "month": "2014-08",
            "price": "25.04",
            "revenue": 159493
        },
        "2014-09": {
            "month": "2014-09",
            "price": "26.82",
            "revenue": 155115
        },
        "2014-10": {
            "month": "2014-10",
            "price": "28.45",
            "revenue": 143620
        },
        "2014-11": {
            "month": "2014-11",
            "price": "29.08",
            "revenue": 153669
        },
        "2014-12": {
            "month": "2014-12",
            "price": "31.55",
            "revenue": 145237
        },
        "2015-01": {
            "month": "2015-01",
            "price": "33.28",
            "revenue": 164272
        },
        "2015-02": {
            "month": "2015-02",
            "price": "32.92",
            "revenue": 111832
        },
        "2015-03": {
            "month": "2015-03",
            "price": "37.54",
            "revenue": 135457
        },
        "2015-04": {
            "month": "2015-04",
            "price": "33.90",
            "revenue": 125593
        },
        "2015-05": {
            "month": "2015-05",
            "price": "27.22",
            "revenue": 119980
        },
        "2015-06": {
            "month": "2015-06",
            "price": "24.17",
            "revenue": 132521
        },
        "2015-07": {
            "month": "2015-07",
            "price": "21.67",
            "revenue": 122687
        },
        "2015-08": {
            "month": "2015-08",
            "price": "19.21",
            "revenue": 144746
        },
        "2015-09": {
            "month": "2015-09",
            "price": "19.54",
            "revenue": 181316
        },
        "2015-10": {
            "month": "2015-10",
            "price": "22.28",
            "revenue": 147623
        },
        "2015-11": {
            "month": "2015-11",
            "price": "22.22",
            "revenue": 163614
        },
        "2015-12": {
            "month": "2015-12",
            "price": "21.37",
            "revenue": 178456
        },
        "2016-01": {
            "month": "2016-01",
            "price": "23.49",
            "revenue": 171974
        },
        "2016-02": {
            "month": "2016-02",
            "price": "29.58",
            "revenue": 132309
        },
        "2016-03": {
            "month": "2016-03",
            "price": "34.14",
            "revenue": 165242
        },
        "2016-04": {
            "month": "2016-04",
            "price": "39.61",
            "revenue": 120230
        },
        "2016-05": {
            "month": "2016-05",
            "price": "36.24",
            "revenue": 148332
        },
        "2016-06": {
            "month": "2016-06",
            "price": "40.35",
            "revenue": 166633
        },
        "2016-07": {
            "month": "2016-07",
            "price": "50.43",
            "revenue": 173087
        },
        "2016-08": {
            "month": "2016-08",
            "price": "66.95",
            "revenue": 195851
        },
        "2016-09": {
            "month": "2016-09",
            "price": "84.17",
            "revenue": 195015
        },
        "2016-10": {
            "month": "2016-10",
            "price": "73.74",
            "revenue": 148648
        },
        "2016-11": {
            "month": "2016-11",
            "price": "71.85",
            "revenue": 162001
        },
        "2016-12": {
            "month": "2016-12",
            "price": "76.67",
            "revenue": 154724
        },
        "2017-01": {
            "month": "2017-01",
            "price": "69.04",
            "revenue": 122912
        },
        "2017-02": {
            "month": "2017-02",
            "price": "70.91",
            "revenue": 110816
        },
        "2017-03": {
            "month": "2017-03",
            "price": "70.46",
            "revenue": 152288
        },
        "2017-04": {
            "month": "2017-04",
            "price": "69.42",
            "revenue": 114636
        },
        "2017-05": {
            "month": "2017-05",
            "price": "70.04",
            "revenue": 162777
        },
        "2017-06": {
            "month": "2017-06",
            "price": "78.66",
            "revenue": 169742
        },
        "2017-07": {
            "month": "2017-07",
            "price": "76.30",
            "revenue": 151041
        },
        "2017-08": {
            "month": "2017-08",
            "price": "69.70",
            "revenue": 183480
        },
        "2017-09": {
            "month": "2017-09",
            "price": "68.61",
            "revenue": 202302
        },
        "2017-10": {
            "month": "2017-10",
            "price": "80.22",
            "revenue": 158507
        },
        "2017-11": {
            "month": "2017-11",
            "price": "76.95",
            "revenue": 180461
        },
        "2017-12": {
            "month": "2017-12",
            "price": "75.36",
            "revenue": 183130
        },
        "2018-01": {
            "month": "2018-01",
            "price": "78.30",
            "revenue": 158288
        },
        "2018-02": {
            "month": "2018-02",
            "price": "76.54",
            "revenue": 111621
        },
        "2018-03": {
            "month": "2018-03",
            "price": "71.40",
            "revenue": 161065
        },
        "2018-04": {
            "month": "2018-04",
            "price": "67.68",
            "revenue": 146354
        },
        "2018-05": {
            "month": "2018-05",
            "price": "63.08",
            "revenue": 168373
        },
        "2018-06": {
            "month": "2018-06",
            "price": "64.26",
            "revenue": 171780
        },
        "2018-07": {
            "month": "2018-07",
            "price": "61.96",
            "revenue": 156090
        },
        "2018-08": {
            "month": "2018-08",
            "price": "57.73",
            "revenue": 188058
        },
        "2018-09": {
            "month": "2018-09",
            "price": "56.28",
            "revenue": 191567
        },
        "2018-10": {
            "month": "2018-10",
            "price": "48.68",
            "revenue": 160960
        },
        "2018-11": {
            "month": "2018-11",
            "price": "50.74",
            "revenue": 158125
        },
        "2018-12": {
            "month": "2018-12",
            "price": "51.95",
            "revenue": 184276
        },
        "2019-01": {
            "month": "2019-01",
            "price": "53.31",
            "revenue": 159316
        },
        "2019-02": {
            "month": "2019-02",
            "price": "60.55",
            "revenue": 92279
        },
        "2019-03": {
            "month": "2019-03",
            "price": "66.18",
            "revenue": 144436
        },
        "2019-04": {
            "month": "2019-04",
            "price": "65.88",
            "revenue": 127841
        },
        "2019-05": {
            "month": "2019-05",
            "price": "59.58",
            "revenue": 160272
        },
        "2019-06": {
            "month": "2019-06",
            "price": "59.45",
            "revenue": 153817
        },
        "2019-07": {
            "month": "2019-07",
            "price": "61.49",
            "revenue": 172719
        },
        "2019-08": {
            "month": "2019-08",
            "price": "59.34",
            "revenue": 198875
        },
        "2019-09": {
            "month": "2019-09",
            "price": "64.60",
            "revenue": 204704
        },
        "2019-10": {
            "month": "2019-10",
            "price": "73.83",
            "revenue": 162856
        },
        "2019-11": {
            "month": "2019-11",
            "price": "74.57",
            "revenue": 198911
        },
        "2019-12": {
            "month": "2019-12",
            "price": "76.65",
            "revenue": 208299
        },
        "2020-01": {
            "month": "2020-01",
            "price": "78.85",
            "revenue": 90030
        },
        "2020-02": {
            "month": "2020-02",
            "price": "70.25",
            "revenue": 54360
        },
        "2020-03": {
            "month": "2020-03",
            "price": "73.76",
            "revenue": 178736
        },
        "2020-04": {
            "month": "2020-04",
            "price": "84.99",
            "revenue": 259424
        },
        "2020-05": {
            "month": "2020-05",
            "price": "95.34",
            "revenue": 265153
        },
        "2020-06": {
            "month": "2020-06",
            "price": "94.26",
            "revenue": 165867
        },
        "2020-07": {
            "month": "2020-07",
            "price": "91.91",
            "revenue": 176606
        },
        "2020-08": {
            "month": "2020-08",
            "price": "89.00",
            "revenue": 211417
        },
        "2020-09": {
            "month": "2020-09",
            "price": "85.37",
            "revenue": 201884
        },
        "2020-10": {
            "month": "2020-10",
            "price": "79.82",
            "revenue": 143232
        },
        "2020-11": {
            "month": "2020-11",
            "price": "80.55",
            "revenue": 181669
        },
        "2020-12": {
            "month": "2020-12",
            "price": "82.45",
            "revenue": 213214
        },
        "2021-01": {
            "month": "2021-01",
            "price": "92.27",
            "revenue": 181076
        },
        "2021-02": {
            "month": "2021-02",
            "price": "101.22",
            "revenue": 133526
        },
        "2021-03": {
            "month": "2021-03",
            "price": "129.63",
            "revenue": 217527
        },
        "2021-04": {
            "month": "2021-04",
            "price": "163.39",
            "revenue": 250946
        },
        "2021-05": {
            "month": "2021-05",
            "price": "136.38",
            "revenue": 212708
        },
        "2021-06": {
            "month": "2021-06",
            "price": "143.69",
            "revenue": 259326
        },
        "2021-07": {
            "month": "2021-07",
            "price": "174.93",
            "revenue": 234235
        },
        "2021-08": {
            "month": "2021-08",
            "price": "183.98",
            "revenue": 219012
        },
        "2021-09": {
            "month": "2021-09",
            "price": "167.18",
            "revenue": 226851
        },
        "2021-10": {
            "month": "2021-10",
            "price": "150.28",
            "revenue": 204697
        },
        "2021-11": {
            "month": "2021-11",
            "price": "167.14",
            "revenue": 245375
        },
        "2021-12": {
            "month": "2021-12",
            "price": "176.48",
            "revenue": 235954
        },
        "2022-01": {
            "month": "2022-01",
            "price": "181.42",
            "revenue": 235277
        },
        "2022-02": {
            "month": "2022-02",
            "price": "195.13",
            "revenue": 173157
        },
        "2022-03": {
            "month": "2022-03",
            "price": "191.98",
            "revenue": 209962
        },
        "2022-04": {
            "month": "2022-04",
            "price": "175.50",
            "revenue": 108310
        },
        "2022-05": {
            "month": "2022-05",
            "price": "167.52",
            "revenue": 181865
        },
        "2022-06": {
            "month": "2022-06",
            "price": "159.83",
            "revenue": 235319
        },
        "2022-07": {
            "month": "2022-07",
            "price": "141.57",
            "revenue": 218702
        },
        "2022-08": {
            "month": "2022-08",
            "price": "148.22",
            "revenue": 240585
        },
        "2022-09": {
            "month": "2022-09",
            "price": "146.64",
            "revenue": 184423
        },
        "2022-10": {
            "month": "2022-10",
            "price": "120.32",
            "revenue": 183102
        },
        "2022-11": {
            "month": "2022-11",
            "price": "121.18",
            "revenue": 172844
        },
        "2022-12": {
            "month": "2022-12",
            "price": "120.91",
            "revenue": 167629
        },
        "2023-01": {
            "month": "2023-01",
            "price": "119.65",
            "revenue": 128686
        },
        "2023-02": {
            "month": "2023-02",
            "price": "131.69",
            "revenue": 139185
        },
        "2023-03": {
            "month": "2023-03",
            "price": "140.67",
            "revenue": 161101
        },
        "2023-04": {
            "month": "2023-04",
            "price": "138.62",
            "revenue": 156317
        },
        "2023-05": {
            "month": "2023-05",
            "price": "138.16",
            "revenue": 202710
        },
        "2023-06": {
            "month": "2023-06",
            "price": "156.72",
            "revenue": 238346
        },
        "2023-07": {
            "month": "2023-07",
            "price": "164.43",
            "revenue": 211539
        },
        "2023-08": {
            "month": "2023-08",
            "price": "169.05",
            "revenue": 222572
        },
        "2023-09": {
            "month": "2023-09",
            "price": "173.58",
            "revenue": 247245
        },
        "2023-10": {
            "month": "2023-10",
            "price": "187.42",
            "revenue": 223289
        },
        "2023-11": {
            "month": "2023-11",
            "price": "185.11",
            "revenue": 243824
        },
        "2023-12": {
            "month": "2023-12",
            "price": "191.33",
            "revenue": 222187
        },
        "2024-01": {
            "month": "2024-01",
            "price": "189.50",
            "revenue": 231849
        },
        "2024-02": {
            "month": "2024-02",
            "price": "203.50",
            "revenue": 122139
        }
    }
}
