{
    "summary": {
        "stock_name": "聚積",
        "stock_id": "3527",
        "category": "半導體",
        "main_business": "積體電路之設計",
        "website_url": "https://www.mblock.com.tw/zh-tw",
        "ceo": "林益勝",
        "pe_ratio": -346,
        "report_year_from": 2006,
        "report_year_to": 2023,
        "age": 18,
        "eps_negative_percentage": 6,
        "eps_growth_avg": {
            "last_all": -3.92,
            "last_2y": -16.42,
            "last_4y": -28.59,
            "last_8y": -7.07,
            "last_12y": -7.6,
            "last_16y": -3.92,
            "last_20y": null,
            "at_2006_last_3y": null,
            "at_2007_last_3y": null,
            "at_2008_last_3y": null,
            "at_2009_last_3y": null,
            "at_2010_last_3y": 8.03,
            "at_2011_last_3y": -6.37,
            "at_2012_last_3y": 4.51,
            "at_2013_last_3y": 0.76,
            "at_2014_last_3y": -8.79,
            "at_2015_last_3y": -17.14,
            "at_2016_last_3y": 0.75,
            "at_2017_last_3y": 4.36,
            "at_2018_last_3y": 19.83,
            "at_2019_last_3y": 23.43,
            "at_2020_last_3y": -12.41,
            "at_2021_last_3y": 20.55,
            "at_2022_last_3y": -10.74,
            "at_2023_last_3y": -30.21,
            "at_2024_last_3y": -30.21,
            "at_2006_last_all": null,
            "at_2007_last_all": null,
            "at_2008_last_all": 5.59,
            "at_2009_last_all": -6.7,
            "at_2010_last_all": 8.03,
            "at_2011_last_all": 5.8,
            "at_2012_last_all": 4.87,
            "at_2013_last_all": -2.44,
            "at_2014_last_all": -0.38,
            "at_2015_last_all": -4.4,
            "at_2016_last_all": 3.22,
            "at_2017_last_all": 0.03,
            "at_2018_last_all": 6.36,
            "at_2019_last_all": 4.17,
            "at_2020_last_all": -1.24,
            "at_2021_last_all": 5.51,
            "at_2022_last_all": 2.08,
            "at_2023_last_all": -3.92,
            "at_2024_last_all": -3.92
        },
        "latest_eps": -0.28,
        "latest_price": 96.8,
        "latest_roe": -0.48,
        "latest_gross_margin": 42.9,
        "latest_equity": 2485741,
        "latest_revenue": 440896,
        "latest_gross_profit": 189126,
        "latest_net_income": -6854,
        "latest_debt_ratio": 12.13,
        "latest_current_ratio": 686.42,
        "latest_account_receivable_turnover_ratio": 0.76,
        "latest_inventory_turnover_ratio": 0.51,
        "latest_reinvestment_rate": 13.66,
        "latest_research_to_sale_ratio": 30.5
    },
    "eps_dividends": {
        "2001": {
            "cash": 0,
            "stock": 0,
            "eps": 0
        },
        "2002": {
            "cash": 0,
            "stock": 0,
            "eps": 0
        },
        "2003": {
            "cash": 0,
            "stock": 0,
            "eps": 0
        },
        "2004": {
            "cash": 0,
            "stock": 0,
            "eps": 0
        },
        "2005": {
            "cash": 0,
            "stock": 0,
            "eps": 0
        },
        "2006": {
            "cash": 0.52,
            "stock": 0.52,
            "eps": 10.15
        },
        "2007": {
            "cash": 4.88,
            "stock": 1.62,
            "eps": 15.68
        },
        "2008": {
            "cash": 10.49,
            "stock": 1,
            "eps": 8.89
        },
        "2009": {
            "cash": 6,
            "stock": 0,
            "eps": 6.11
        },
        "2010": {
            "cash": 6,
            "stock": 0,
            "eps": 9.3
        },
        "2011": {
            "cash": 8,
            "stock": 0,
            "eps": 9.01
        },
        "2012": {
            "cash": 8.3,
            "stock": 0,
            "eps": 9.03
        },
        "2013": {
            "cash": 7.8,
            "stock": 0,
            "eps": 4.85
        },
        "2014": {
            "cash": 4,
            "stock": 0,
            "eps": 5.53
        },
        "2015": {
            "cash": 4.5,
            "stock": 0,
            "eps": 3.51
        },
        "2016": {
            "cash": 3.5,
            "stock": 0,
            "eps": 6.03
        },
        "2017": {
            "cash": 3.5,
            "stock": 0.5,
            "eps": 4.11
        },
        "2018": {
            "cash": 2.5,
            "stock": 0.5,
            "eps": 7.23
        },
        "2019": {
            "cash": 5,
            "stock": 0,
            "eps": 5.63
        },
        "2020": {
            "cash": 4.5,
            "stock": 0,
            "eps": 1.6
        },
        "2021": {
            "cash": 2,
            "stock": 0,
            "eps": 12.69
        },
        "2022": {
            "cash": 8,
            "stock": 0,
            "eps": 6.44
        },
        "2023": {
            "cash": 4,
            "stock": 0,
            "eps": -0.26
        },
        "2024": {
            "cash": 2,
            "stock": 0,
            "eps": 0
        }
    },
    "dividends": {
        "2006-06-21": {
            "cash": 0.52,
            "stock": 0.52
        },
        "2007-03-06": {
            "cash": 4.88,
            "stock": 1.62
        },
        "2008-03-26": {
            "cash": 10.49,
            "stock": 1
        },
        "2009-03-17": {
            "cash": 6,
            "stock": 0
        },
        "2010-03-17": {
            "cash": 6,
            "stock": 0
        },
        "2011-03-16": {
            "cash": 8,
            "stock": 0
        },
        "2012-06-06": {
            "cash": 8.3,
            "stock": 0
        },
        "2013-06-04": {
            "cash": 7.8,
            "stock": 0
        },
        "2014-06-12": {
            "cash": 4,
            "stock": 0
        },
        "2015-09-18": {
            "cash": 4.5,
            "stock": 0
        },
        "2016-09-07": {
            "cash": 3.5,
            "stock": 0
        },
        "2017-09-22": {
            "cash": 3.5,
            "stock": 0.5
        },
        "2018-10-23": {
            "cash": 2.5,
            "stock": 0.5
        },
        "2019-09-26": {
            "cash": 5,
            "stock": 0
        },
        "2020-09-28": {
            "cash": 4.5,
            "stock": 0
        },
        "2021-09-29": {
            "cash": 2,
            "stock": 0
        },
        "2022-08-05": {
            "cash": 8,
            "stock": 0
        },
        "2023-08-25": {
            "cash": 4,
            "stock": 0
        },
        "2024-03-06": {
            "cash": 2,
            "stock": 0
        }
    },
    "prices": {
        "200101": "無",
        "200102": "無",
        "200103": "無",
        "200104": "無",
        "200105": "無",
        "200106": "無",
        "200107": "無",
        "200108": "無",
        "200109": "無",
        "200110": "無",
        "200111": "無",
        "200112": "無",
        "200201": "無",
        "200202": "無",
        "200203": "無",
        "200204": "無",
        "200205": "無",
        "200206": "無",
        "200207": "無",
        "200208": "無",
        "200209": "無",
        "200210": "無",
        "200211": "無",
        "200212": "無",
        "200301": "無",
        "200302": "無",
        "200303": "無",
        "200304": "無",
        "200305": "無",
        "200306": "無",
        "200307": "無",
        "200308": "無",
        "200309": "無",
        "200310": "無",
        "200311": "無",
        "200312": "無",
        "200401": "無",
        "200402": "無",
        "200403": "無",
        "200404": "無",
        "200405": "無",
        "200406": "無",
        "200407": "無",
        "200408": "無",
        "200409": "無",
        "200410": "無",
        "200411": "無",
        "200412": "無",
        "200501": "無",
        "200502": "無",
        "200503": "無",
        "200504": "無",
        "200505": "無",
        "200506": "無",
        "200507": "無",
        "200508": "無",
        "200509": "無",
        "200510": "無",
        "200511": "無",
        "200512": "無",
        "200601": "無",
        "200602": "無",
        "200603": "無",
        "200604": "無",
        "200605": "無",
        "200606": "無",
        "200607": "無",
        "200608": "無",
        "200609": "239.36",
        "200610": "249.56",
        "200611": "202.50",
        "200612": "187.08",
        "200701": "203.85",
        "200702": "220.66",
        "200703": "241.64",
        "200704": "253.86",
        "200705": "276.34",
        "200706": "303.61",
        "200707": "335.70",
        "200708": "307.77",
        "200709": "287.61",
        "200710": "360.33",
        "200711": "303.95",
        "200712": "245.64",
        "200801": "198.64",
        "200802": "173.07",
        "200803": "200.10",
        "200804": "220.24",
        "200805": "269.64",
        "200806": "243.64",
        "200807": "182.39",
        "200808": "161.40",
        "200809": "116.26",
        "200810": "86.54",
        "200811": "77.62",
        "200812": "74.07",
        "200901": "83.64",
        "200902": "101.99",
        "200903": "122.64",
        "200904": "141.14",
        "200905": "160.47",
        "200906": "147.28",
        "200907": "146.80",
        "200908": "117.30",
        "200909": "126.20",
        "200910": "127.41",
        "200911": "133.67",
        "200912": "138.93",
        "201001": "135.18",
        "201002": "111.89",
        "201003": "119.89",
        "201004": "133.71",
        "201005": "148.26",
        "201006": "138.90",
        "201007": "140.02",
        "201008": "137.05",
        "201009": "137.45",
        "201010": "154.55",
        "201011": "153.00",
        "201012": "151.13",
        "201101": "138.75",
        "201102": "136.07",
        "201103": "126.04",
        "201104": "127.84",
        "201105": "135.71",
        "201106": "129.19",
        "201107": "117.45",
        "201108": "100.13",
        "201109": "91.46",
        "201110": "99.04",
        "201111": "97.35",
        "201112": "89.74",
        "201201": "97.10",
        "201202": "123.70",
        "201203": "130.15",
        "201204": "127.98",
        "201205": "129.84",
        "201206": "123.55",
        "201207": "123.91",
        "201208": "129.57",
        "201209": "130.48",
        "201210": "121.95",
        "201211": "104.21",
        "201212": "106.33",
        "201301": "110.93",
        "201302": "111.65",
        "201303": "107.60",
        "201304": "99.59",
        "201305": "93.59",
        "201306": "87.70",
        "201307": "77.95",
        "201308": "69.31",
        "201309": "71.86",
        "201310": "68.82",
        "201311": "66.98",
        "201312": "73.96",
        "201401": "79.83",
        "201402": "77.25",
        "201403": "84.35",
        "201404": "81.83",
        "201405": "80.16",
        "201406": "82.00",
        "201407": "74.54",
        "201408": "71.17",
        "201409": "69.64",
        "201410": "62.71",
        "201411": "59.90",
        "201412": "62.95",
        "201501": "67.10",
        "201502": "67.48",
        "201503": "75.55",
        "201504": "69.16",
        "201505": "62.56",
        "201506": "56.61",
        "201507": "51.63",
        "201508": "39.92",
        "201509": "39.08",
        "201510": "41.88",
        "201511": "43.70",
        "201512": "43.73",
        "201601": "40.10",
        "201602": "43.61",
        "201603": "51.58",
        "201604": "58.11",
        "201605": "65.14",
        "201606": "71.41",
        "201607": "73.51",
        "201608": "73.38",
        "201609": "69.05",
        "201610": "68.71",
        "201611": "67.82",
        "201612": "71.29",
        "201701": "69.94",
        "201702": "71.72",
        "201703": "74.66",
        "201704": "73.01",
        "201705": "76.45",
        "201706": "76.58",
        "201707": "75.16",
        "201708": "65.57",
        "201709": "60.54",
        "201710": "62.93",
        "201711": "68.13",
        "201712": "64.69",
        "201801": "66.62",
        "201802": "68.33",
        "201803": "80.20",
        "201804": "81.37",
        "201805": "100.56",
        "201806": "138.55",
        "201807": "125.41",
        "201808": "117.61",
        "201809": "107.75",
        "201810": "91.81",
        "201811": "81.29",
        "201812": "95.99",
        "201901": "89.44",
        "201902": "94.41",
        "201903": "99.15",
        "201904": "116.68",
        "201905": "102.63",
        "201906": "106.17",
        "201907": "118.41",
        "201908": "117.55",
        "201909": "115.92",
        "201910": "118.05",
        "201911": "114.88",
        "201912": "112.07",
        "202001": "117.73",
        "202002": "107.00",
        "202003": "86.43",
        "202004": "87.86",
        "202005": "90.16",
        "202006": "92.68",
        "202007": "93.16",
        "202008": "90.27",
        "202009": "90.42",
        "202010": "89.98",
        "202011": "89.96",
        "202012": "99.34",
        "202101": "100.60",
        "202102": "97.30",
        "202103": "104.43",
        "202104": "112.68",
        "202105": "97.58",
        "202106": "111.71",
        "202107": "145.55",
        "202108": "197.00",
        "202109": "223.92",
        "202110": "192.55",
        "202111": "199.05",
        "202112": "189.43",
        "202201": "175.94",
        "202202": "182.83",
        "202203": "166.35",
        "202204": "150.76",
        "202205": "158.57",
        "202206": "141.83",
        "202207": "110.14",
        "202208": "116.93",
        "202209": "106.66",
        "202210": "93.21",
        "202211": "101.19",
        "202212": "106.32",
        "202301": "105.38",
        "202302": "115.92",
        "202303": "117.52",
        "202304": "118.71",
        "202305": "108.20",
        "202306": "108.30",
        "202307": "100.18",
        "202308": "91.37",
        "202309": "92.80",
        "202310": "96.90",
        "202311": "100.68",
        "202312": "109.64",
        "202401": "104.84",
        "202402": "105.50",
        "202403": "98.20",
        "202404": "無"
    },
    "quarters": {
        "20011": {
            "year_quarter": 20011,
            "year": 2001,
            "quarter": 1,
            "eps": null,
            "eps_growth_year": null,
            "eps_4q": null,
            "eps_4q_growth_year": null,
            "roe": null,
            "roe_4q": 0,
            "gross_profit": null,
            "gross_margin": null,
            "gross_margin_4q_avg": 0,
            "net_income": null,
            "net_income_4q": null,
            "revenue": null,
            "revenue_4q": null,
            "common_shares": null,
            "book_valuer_per_share": null,
            "book_valuer_per_share_4q_avg": 0,
            "equity": null,
            "current_ratio": null,
            "debt_ratio": null,
            "inventory_turnover_ratio": null,
            "account_receivable_turnover_ratio": null,
            "reinvestment_rate": null,
            "research_to_sale_ratio": null,
            "price_fair": 0,
            "eps_avg_yearly": 0,
            "eps_latest_yearly": 0,
            "eps_growth_yearly": 0
        },
        "20012": {
            "year_quarter": 20012,
            "year": 2001,
            "quarter": 2,
            "eps": null,
            "eps_growth_year": null,
            "eps_4q": null,
            "eps_4q_growth_year": null,
            "roe": null,
            "roe_4q": 0,
            "gross_profit": null,
            "gross_margin": null,
            "gross_margin_4q_avg": 0,
            "net_income": null,
            "net_income_4q": null,
            "revenue": null,
            "revenue_4q": null,
            "common_shares": null,
            "book_valuer_per_share": null,
            "book_valuer_per_share_4q_avg": 0,
            "equity": null,
            "current_ratio": null,
            "debt_ratio": null,
            "inventory_turnover_ratio": null,
            "account_receivable_turnover_ratio": null,
            "reinvestment_rate": null,
            "research_to_sale_ratio": null,
            "price_fair": 0,
            "eps_avg_yearly": 0,
            "eps_latest_yearly": 0,
            "eps_growth_yearly": 0
        },
        "20013": {
            "year_quarter": 20013,
            "year": 2001,
            "quarter": 3,
            "eps": null,
            "eps_growth_year": null,
            "eps_4q": null,
            "eps_4q_growth_year": null,
            "roe": null,
            "roe_4q": 0,
            "gross_profit": null,
            "gross_margin": null,
            "gross_margin_4q_avg": 0,
            "net_income": null,
            "net_income_4q": null,
            "revenue": null,
            "revenue_4q": null,
            "common_shares": null,
            "book_valuer_per_share": null,
            "book_valuer_per_share_4q_avg": 0,
            "equity": null,
            "current_ratio": null,
            "debt_ratio": null,
            "inventory_turnover_ratio": null,
            "account_receivable_turnover_ratio": null,
            "reinvestment_rate": null,
            "research_to_sale_ratio": null,
            "price_fair": 0,
            "eps_avg_yearly": 0,
            "eps_latest_yearly": 0,
            "eps_growth_yearly": 0
        },
        "20014": {
            "year_quarter": 20014,
            "year": 2001,
            "quarter": 4,
            "eps": null,
            "eps_growth_year": null,
            "eps_4q": null,
            "eps_4q_growth_year": null,
            "roe": null,
            "roe_4q": 0,
            "gross_profit": null,
            "gross_margin": null,
            "gross_margin_4q_avg": 0,
            "net_income": null,
            "net_income_4q": null,
            "revenue": null,
            "revenue_4q": null,
            "common_shares": 81486,
            "book_valuer_per_share": 7.73,
            "book_valuer_per_share_4q_avg": 1.93,
            "equity": 62971,
            "current_ratio": 246.5,
            "debt_ratio": 31.09,
            "inventory_turnover_ratio": null,
            "account_receivable_turnover_ratio": null,
            "reinvestment_rate": null,
            "research_to_sale_ratio": null,
            "price_fair": 0,
            "eps_avg_yearly": 0,
            "eps_latest_yearly": 0,
            "eps_growth_yearly": 0
        },
        "20021": {
            "year_quarter": 20021,
            "year": 2002,
            "quarter": 1,
            "eps": null,
            "eps_growth_year": null,
            "eps_4q": null,
            "eps_4q_growth_year": null,
            "roe": null,
            "roe_4q": 0,
            "gross_profit": null,
            "gross_margin": null,
            "gross_margin_4q_avg": 0,
            "net_income": null,
            "net_income_4q": null,
            "revenue": null,
            "revenue_4q": null,
            "common_shares": null,
            "book_valuer_per_share": null,
            "book_valuer_per_share_4q_avg": 1.93,
            "equity": null,
            "current_ratio": null,
            "debt_ratio": null,
            "inventory_turnover_ratio": null,
            "account_receivable_turnover_ratio": null,
            "reinvestment_rate": null,
            "research_to_sale_ratio": null,
            "price_fair": 0,
            "eps_avg_yearly": 0,
            "eps_latest_yearly": 0,
            "eps_growth_yearly": 0
        },
        "20022": {
            "year_quarter": 20022,
            "year": 2002,
            "quarter": 2,
            "eps": null,
            "eps_growth_year": null,
            "eps_4q": null,
            "eps_4q_growth_year": null,
            "roe": null,
            "roe_4q": 0,
            "gross_profit": null,
            "gross_margin": null,
            "gross_margin_4q_avg": 0,
            "net_income": null,
            "net_income_4q": null,
            "revenue": null,
            "revenue_4q": null,
            "common_shares": null,
            "book_valuer_per_share": null,
            "book_valuer_per_share_4q_avg": 1.93,
            "equity": null,
            "current_ratio": null,
            "debt_ratio": null,
            "inventory_turnover_ratio": null,
            "account_receivable_turnover_ratio": null,
            "reinvestment_rate": null,
            "research_to_sale_ratio": null,
            "price_fair": 0,
            "eps_avg_yearly": 0,
            "eps_latest_yearly": 0,
            "eps_growth_yearly": 0
        },
        "20023": {
            "year_quarter": 20023,
            "year": 2002,
            "quarter": 3,
            "eps": null,
            "eps_growth_year": null,
            "eps_4q": null,
            "eps_4q_growth_year": null,
            "roe": null,
            "roe_4q": 0,
            "gross_profit": null,
            "gross_margin": null,
            "gross_margin_4q_avg": 0,
            "net_income": null,
            "net_income_4q": null,
            "revenue": null,
            "revenue_4q": null,
            "common_shares": null,
            "book_valuer_per_share": null,
            "book_valuer_per_share_4q_avg": 1.93,
            "equity": null,
            "current_ratio": null,
            "debt_ratio": null,
            "inventory_turnover_ratio": null,
            "account_receivable_turnover_ratio": null,
            "reinvestment_rate": null,
            "research_to_sale_ratio": null,
            "price_fair": 0,
            "eps_avg_yearly": 0,
            "eps_latest_yearly": 0,
            "eps_growth_yearly": 0
        },
        "20024": {
            "year_quarter": 20024,
            "year": 2002,
            "quarter": 4,
            "eps": null,
            "eps_growth_year": null,
            "eps_4q": null,
            "eps_4q_growth_year": null,
            "roe": null,
            "roe_4q": 0,
            "gross_profit": null,
            "gross_margin": null,
            "gross_margin_4q_avg": 0,
            "net_income": null,
            "net_income_4q": null,
            "revenue": null,
            "revenue_4q": null,
            "common_shares": 91656,
            "book_valuer_per_share": 4.12,
            "book_valuer_per_share_4q_avg": 1.03,
            "equity": 37805,
            "current_ratio": 140.05,
            "debt_ratio": 58.99,
            "inventory_turnover_ratio": null,
            "account_receivable_turnover_ratio": null,
            "reinvestment_rate": null,
            "research_to_sale_ratio": null,
            "price_fair": 0,
            "eps_avg_yearly": 0,
            "eps_latest_yearly": 0,
            "eps_growth_yearly": 0
        },
        "20031": {
            "year_quarter": 20031,
            "year": 2003,
            "quarter": 1,
            "eps": null,
            "eps_growth_year": null,
            "eps_4q": null,
            "eps_4q_growth_year": null,
            "roe": null,
            "roe_4q": 0,
            "gross_profit": null,
            "gross_margin": null,
            "gross_margin_4q_avg": 0,
            "net_income": null,
            "net_income_4q": null,
            "revenue": null,
            "revenue_4q": null,
            "common_shares": null,
            "book_valuer_per_share": null,
            "book_valuer_per_share_4q_avg": 1.03,
            "equity": null,
            "current_ratio": null,
            "debt_ratio": null,
            "inventory_turnover_ratio": null,
            "account_receivable_turnover_ratio": null,
            "reinvestment_rate": null,
            "research_to_sale_ratio": null,
            "price_fair": 0,
            "eps_avg_yearly": 0,
            "eps_latest_yearly": 0,
            "eps_growth_yearly": 0
        },
        "20032": {
            "year_quarter": 20032,
            "year": 2003,
            "quarter": 2,
            "eps": null,
            "eps_growth_year": null,
            "eps_4q": null,
            "eps_4q_growth_year": null,
            "roe": null,
            "roe_4q": 0,
            "gross_profit": null,
            "gross_margin": null,
            "gross_margin_4q_avg": 0,
            "net_income": null,
            "net_income_4q": null,
            "revenue": null,
            "revenue_4q": null,
            "common_shares": null,
            "book_valuer_per_share": null,
            "book_valuer_per_share_4q_avg": 1.03,
            "equity": null,
            "current_ratio": null,
            "debt_ratio": null,
            "inventory_turnover_ratio": null,
            "account_receivable_turnover_ratio": null,
            "reinvestment_rate": null,
            "research_to_sale_ratio": null,
            "price_fair": 0,
            "eps_avg_yearly": 0,
            "eps_latest_yearly": 0,
            "eps_growth_yearly": 0
        },
        "20033": {
            "year_quarter": 20033,
            "year": 2003,
            "quarter": 3,
            "eps": null,
            "eps_growth_year": null,
            "eps_4q": null,
            "eps_4q_growth_year": null,
            "roe": null,
            "roe_4q": 0,
            "gross_profit": null,
            "gross_margin": null,
            "gross_margin_4q_avg": 0,
            "net_income": null,
            "net_income_4q": null,
            "revenue": null,
            "revenue_4q": null,
            "common_shares": null,
            "book_valuer_per_share": null,
            "book_valuer_per_share_4q_avg": 1.03,
            "equity": null,
            "current_ratio": null,
            "debt_ratio": null,
            "inventory_turnover_ratio": null,
            "account_receivable_turnover_ratio": null,
            "reinvestment_rate": null,
            "research_to_sale_ratio": null,
            "price_fair": 0,
            "eps_avg_yearly": 0,
            "eps_latest_yearly": 0,
            "eps_growth_yearly": 0
        },
        "20034": {
            "year_quarter": 20034,
            "year": 2003,
            "quarter": 4,
            "eps": null,
            "eps_growth_year": null,
            "eps_4q": null,
            "eps_4q_growth_year": null,
            "roe": null,
            "roe_4q": 0,
            "gross_profit": null,
            "gross_margin": null,
            "gross_margin_4q_avg": 0,
            "net_income": null,
            "net_income_4q": null,
            "revenue": null,
            "revenue_4q": null,
            "common_shares": 134556,
            "book_valuer_per_share": 5.4,
            "book_valuer_per_share_4q_avg": 1.35,
            "equity": 72619,
            "current_ratio": 202.06,
            "debt_ratio": 45,
            "inventory_turnover_ratio": null,
            "account_receivable_turnover_ratio": null,
            "reinvestment_rate": null,
            "research_to_sale_ratio": null,
            "price_fair": 0,
            "eps_avg_yearly": 0,
            "eps_latest_yearly": 0,
            "eps_growth_yearly": 0
        },
        "20041": {
            "year_quarter": 20041,
            "year": 2004,
            "quarter": 1,
            "eps": null,
            "eps_growth_year": null,
            "eps_4q": null,
            "eps_4q_growth_year": null,
            "roe": null,
            "roe_4q": 0,
            "gross_profit": null,
            "gross_margin": null,
            "gross_margin_4q_avg": 0,
            "net_income": null,
            "net_income_4q": null,
            "revenue": null,
            "revenue_4q": null,
            "common_shares": null,
            "book_valuer_per_share": null,
            "book_valuer_per_share_4q_avg": 1.35,
            "equity": null,
            "current_ratio": null,
            "debt_ratio": null,
            "inventory_turnover_ratio": null,
            "account_receivable_turnover_ratio": null,
            "reinvestment_rate": null,
            "research_to_sale_ratio": null,
            "price_fair": 0,
            "eps_avg_yearly": 0,
            "eps_latest_yearly": 0,
            "eps_growth_yearly": 0
        },
        "20042": {
            "year_quarter": 20042,
            "year": 2004,
            "quarter": 2,
            "eps": null,
            "eps_growth_year": null,
            "eps_4q": null,
            "eps_4q_growth_year": null,
            "roe": null,
            "roe_4q": 0,
            "gross_profit": null,
            "gross_margin": null,
            "gross_margin_4q_avg": 0,
            "net_income": null,
            "net_income_4q": null,
            "revenue": null,
            "revenue_4q": null,
            "common_shares": null,
            "book_valuer_per_share": null,
            "book_valuer_per_share_4q_avg": 1.35,
            "equity": null,
            "current_ratio": null,
            "debt_ratio": null,
            "inventory_turnover_ratio": null,
            "account_receivable_turnover_ratio": null,
            "reinvestment_rate": null,
            "research_to_sale_ratio": null,
            "price_fair": 0,
            "eps_avg_yearly": 0,
            "eps_latest_yearly": 0,
            "eps_growth_yearly": 0
        },
        "20043": {
            "year_quarter": 20043,
            "year": 2004,
            "quarter": 3,
            "eps": null,
            "eps_growth_year": null,
            "eps_4q": null,
            "eps_4q_growth_year": null,
            "roe": null,
            "roe_4q": 0,
            "gross_profit": null,
            "gross_margin": null,
            "gross_margin_4q_avg": 0,
            "net_income": null,
            "net_income_4q": null,
            "revenue": null,
            "revenue_4q": null,
            "common_shares": null,
            "book_valuer_per_share": null,
            "book_valuer_per_share_4q_avg": 1.35,
            "equity": null,
            "current_ratio": null,
            "debt_ratio": null,
            "inventory_turnover_ratio": null,
            "account_receivable_turnover_ratio": null,
            "reinvestment_rate": null,
            "research_to_sale_ratio": null,
            "price_fair": 0,
            "eps_avg_yearly": 0,
            "eps_latest_yearly": 0,
            "eps_growth_yearly": 0
        },
        "20044": {
            "year_quarter": 20044,
            "year": 2004,
            "quarter": 4,
            "eps": null,
            "eps_growth_year": null,
            "eps_4q": null,
            "eps_4q_growth_year": null,
            "roe": null,
            "roe_4q": 0,
            "gross_profit": null,
            "gross_margin": null,
            "gross_margin_4q_avg": 0,
            "net_income": null,
            "net_income_4q": null,
            "revenue": null,
            "revenue_4q": null,
            "common_shares": 149556,
            "book_valuer_per_share": 6.85,
            "book_valuer_per_share_4q_avg": 1.71,
            "equity": 102383,
            "current_ratio": 283.11,
            "debt_ratio": 32.89,
            "inventory_turnover_ratio": null,
            "account_receivable_turnover_ratio": null,
            "reinvestment_rate": null,
            "research_to_sale_ratio": null,
            "price_fair": 0,
            "eps_avg_yearly": 0,
            "eps_latest_yearly": 0,
            "eps_growth_yearly": 0
        },
        "20051": {
            "year_quarter": 20051,
            "year": 2005,
            "quarter": 1,
            "eps": null,
            "eps_growth_year": null,
            "eps_4q": null,
            "eps_4q_growth_year": null,
            "roe": null,
            "roe_4q": 0,
            "gross_profit": null,
            "gross_margin": null,
            "gross_margin_4q_avg": 0,
            "net_income": null,
            "net_income_4q": null,
            "revenue": null,
            "revenue_4q": null,
            "common_shares": null,
            "book_valuer_per_share": null,
            "book_valuer_per_share_4q_avg": 1.71,
            "equity": null,
            "current_ratio": null,
            "debt_ratio": null,
            "inventory_turnover_ratio": null,
            "account_receivable_turnover_ratio": null,
            "reinvestment_rate": null,
            "research_to_sale_ratio": null,
            "price_fair": 0,
            "eps_avg_yearly": 0,
            "eps_latest_yearly": 0,
            "eps_growth_yearly": 0
        },
        "20052": {
            "year_quarter": 20052,
            "year": 2005,
            "quarter": 2,
            "eps": null,
            "eps_growth_year": null,
            "eps_4q": null,
            "eps_4q_growth_year": null,
            "roe": null,
            "roe_4q": 0,
            "gross_profit": null,
            "gross_margin": null,
            "gross_margin_4q_avg": 0,
            "net_income": null,
            "net_income_4q": null,
            "revenue": null,
            "revenue_4q": null,
            "common_shares": null,
            "book_valuer_per_share": null,
            "book_valuer_per_share_4q_avg": 1.71,
            "equity": null,
            "current_ratio": null,
            "debt_ratio": null,
            "inventory_turnover_ratio": null,
            "account_receivable_turnover_ratio": null,
            "reinvestment_rate": null,
            "research_to_sale_ratio": null,
            "price_fair": 0,
            "eps_avg_yearly": 0,
            "eps_latest_yearly": 0,
            "eps_growth_yearly": 0
        },
        "20053": {
            "year_quarter": 20053,
            "year": 2005,
            "quarter": 3,
            "eps": null,
            "eps_growth_year": null,
            "eps_4q": null,
            "eps_4q_growth_year": null,
            "roe": null,
            "roe_4q": 0,
            "gross_profit": null,
            "gross_margin": null,
            "gross_margin_4q_avg": 0,
            "net_income": null,
            "net_income_4q": null,
            "revenue": null,
            "revenue_4q": null,
            "common_shares": null,
            "book_valuer_per_share": null,
            "book_valuer_per_share_4q_avg": 1.71,
            "equity": null,
            "current_ratio": null,
            "debt_ratio": null,
            "inventory_turnover_ratio": null,
            "account_receivable_turnover_ratio": null,
            "reinvestment_rate": null,
            "research_to_sale_ratio": null,
            "price_fair": 0,
            "eps_avg_yearly": 0,
            "eps_latest_yearly": 0,
            "eps_growth_yearly": 0
        },
        "20054": {
            "year_quarter": 20054,
            "year": 2005,
            "quarter": 4,
            "eps": null,
            "eps_growth_year": null,
            "eps_4q": null,
            "eps_4q_growth_year": null,
            "roe": null,
            "roe_4q": 0,
            "gross_profit": null,
            "gross_margin": null,
            "gross_margin_4q_avg": 0,
            "net_income": null,
            "net_income_4q": null,
            "revenue": null,
            "revenue_4q": null,
            "common_shares": 169556,
            "book_valuer_per_share": 14.22,
            "book_valuer_per_share_4q_avg": 3.56,
            "equity": 241050,
            "current_ratio": 301.01,
            "debt_ratio": 31.48,
            "inventory_turnover_ratio": null,
            "account_receivable_turnover_ratio": null,
            "reinvestment_rate": null,
            "research_to_sale_ratio": null,
            "price_fair": 0,
            "eps_avg_yearly": 0,
            "eps_latest_yearly": 0,
            "eps_growth_yearly": 0
        },
        "20061": {
            "year_quarter": 20061,
            "year": 2006,
            "quarter": 1,
            "eps": 1.92,
            "eps_growth_year": null,
            "eps_4q": null,
            "eps_4q_growth_year": null,
            "roe": 13.51,
            "roe_4q": 13.51,
            "gross_profit": 67383,
            "gross_margin": 47.23,
            "gross_margin_4q_avg": 11.81,
            "net_income": 34924,
            "net_income_4q": null,
            "revenue": 142676,
            "revenue_4q": null,
            "common_shares": 169556,
            "book_valuer_per_share": 16.27,
            "book_valuer_per_share_4q_avg": 7.62,
            "equity": 275924,
            "current_ratio": 394.17,
            "debt_ratio": 24.01,
            "inventory_turnover_ratio": 0.84,
            "account_receivable_turnover_ratio": null,
            "reinvestment_rate": null,
            "research_to_sale_ratio": null,
            "price_fair": 0,
            "eps_avg_yearly": 0,
            "eps_latest_yearly": 0,
            "eps_growth_yearly": 0
        },
        "20062": {
            "year_quarter": 20062,
            "year": 2006,
            "quarter": 2,
            "eps": 1.99,
            "eps_growth_year": null,
            "eps_4q": null,
            "eps_4q_growth_year": null,
            "roe": 14.72,
            "roe_4q": 28.23,
            "gross_profit": 84093,
            "gross_margin": 47.01,
            "gross_margin_4q_avg": 23.56,
            "net_income": 43120,
            "net_income_4q": null,
            "revenue": 178895,
            "revenue_4q": null,
            "common_shares": 169556,
            "book_valuer_per_share": 18.29,
            "book_valuer_per_share_4q_avg": 12.2,
            "equity": 310123,
            "current_ratio": 332.53,
            "debt_ratio": 28.65,
            "inventory_turnover_ratio": 1.11,
            "account_receivable_turnover_ratio": null,
            "reinvestment_rate": null,
            "research_to_sale_ratio": null,
            "price_fair": 195.68,
            "eps_avg_yearly": 7.96,
            "eps_latest_yearly": 7.96,
            "eps_growth_yearly": 14.58
        },
        "20063": {
            "year_quarter": 20063,
            "year": 2006,
            "quarter": 3,
            "eps": 3.28,
            "eps_growth_year": null,
            "eps_4q": null,
            "eps_4q_growth_year": null,
            "roe": 20.55,
            "roe_4q": 48.78,
            "gross_profit": 107817,
            "gross_margin": 48.78,
            "gross_margin_4q_avg": 35.76,
            "net_income": 71022,
            "net_income_4q": null,
            "revenue": 221014,
            "revenue_4q": null,
            "common_shares": 181517,
            "book_valuer_per_share": 21,
            "book_valuer_per_share_4q_avg": 17.45,
            "equity": 381199,
            "current_ratio": 297.64,
            "debt_ratio": 31.2,
            "inventory_turnover_ratio": 1.33,
            "account_receivable_turnover_ratio": null,
            "reinvestment_rate": null,
            "research_to_sale_ratio": null,
            "price_fair": 368.9,
            "eps_avg_yearly": 10.54,
            "eps_latest_yearly": 13.12,
            "eps_growth_yearly": 136.94
        },
        "20064": {
            "year_quarter": 20064,
            "year": 2006,
            "quarter": 4,
            "eps": 2.96,
            "eps_growth_year": null,
            "eps_4q": 11.18,
            "eps_4q_growth_year": null,
            "roe": 13.16,
            "roe_4q": 61.94,
            "gross_profit": 95962,
            "gross_margin": 44.39,
            "gross_margin_4q_avg": 46.85,
            "net_income": 53687,
            "net_income_4q": null,
            "revenue": 216189,
            "revenue_4q": null,
            "common_shares": 181517,
            "book_valuer_per_share": 23.96,
            "book_valuer_per_share_4q_avg": 19.88,
            "equity": 434966,
            "current_ratio": 368.8,
            "debt_ratio": 25.32,
            "inventory_turnover_ratio": 1.28,
            "account_receivable_turnover_ratio": null,
            "reinvestment_rate": null,
            "research_to_sale_ratio": null,
            "price_fair": 384.07,
            "eps_avg_yearly": 10.97,
            "eps_latest_yearly": 11.84,
            "eps_growth_yearly": 78.29
        },
        "20071": {
            "year_quarter": 20071,
            "year": 2007,
            "quarter": 1,
            "eps": 3.64,
            "eps_growth_year": 89.58,
            "eps_4q": 12.89,
            "eps_4q_growth_year": null,
            "roe": 14.11,
            "roe_4q": 62.54,
            "gross_profit": 99098,
            "gross_margin": 46.69,
            "gross_margin_4q_avg": 46.72,
            "net_income": 66053,
            "net_income_4q": null,
            "revenue": 212266,
            "revenue_4q": null,
            "common_shares": 181517,
            "book_valuer_per_share": 27.61,
            "book_valuer_per_share_4q_avg": 22.72,
            "equity": 501178,
            "current_ratio": 359.36,
            "debt_ratio": 23.49,
            "inventory_turnover_ratio": 1.06,
            "account_receivable_turnover_ratio": null,
            "reinvestment_rate": null,
            "research_to_sale_ratio": null,
            "price_fair": 415.45,
            "eps_avg_yearly": 11.87,
            "eps_latest_yearly": 14.56,
            "eps_growth_yearly": 81.69
        },
        "20072": {
            "year_quarter": 20072,
            "year": 2007,
            "quarter": 2,
            "eps": 3.8,
            "eps_growth_year": 90.95,
            "eps_4q": 12.39,
            "eps_4q_growth_year": null,
            "roe": 14.96,
            "roe_4q": 62.78,
            "gross_profit": 141474,
            "gross_margin": 47.63,
            "gross_margin_4q_avg": 46.87,
            "net_income": 84384,
            "net_income_4q": null,
            "revenue": 297042,
            "revenue_4q": null,
            "common_shares": 196517,
            "book_valuer_per_share": 31.88,
            "book_valuer_per_share_4q_avg": 26.11,
            "equity": 626579,
            "current_ratio": 258.2,
            "debt_ratio": 34.3,
            "inventory_turnover_ratio": 1.32,
            "account_receivable_turnover_ratio": null,
            "reinvestment_rate": null,
            "research_to_sale_ratio": null,
            "price_fair": 438.76,
            "eps_avg_yearly": 12.54,
            "eps_latest_yearly": 15.2,
            "eps_growth_yearly": 68.87
        },
        "20073": {
            "year_quarter": 20073,
            "year": 2007,
            "quarter": 3,
            "eps": 4.26,
            "eps_growth_year": 29.88,
            "eps_4q": 13.3,
            "eps_4q_growth_year": null,
            "roe": 14.19,
            "roe_4q": 56.42,
            "gross_profit": 168019,
            "gross_margin": 47.14,
            "gross_margin_4q_avg": 46.46,
            "net_income": 96223,
            "net_income_4q": null,
            "revenue": 356439,
            "revenue_4q": null,
            "common_shares": 237939,
            "book_valuer_per_share": 30.66,
            "book_valuer_per_share_4q_avg": 28.53,
            "equity": 729479,
            "current_ratio": 350.14,
            "debt_ratio": 25.64,
            "inventory_turnover_ratio": 1.29,
            "account_receivable_turnover_ratio": null,
            "reinvestment_rate": null,
            "research_to_sale_ratio": null,
            "price_fair": 465.03,
            "eps_avg_yearly": 13.29,
            "eps_latest_yearly": 17.04,
            "eps_growth_yearly": 65.46
        },
        "20074": {
            "year_quarter": 20074,
            "year": 2007,
            "quarter": 4,
            "eps": 3.98,
            "eps_growth_year": 34.46,
            "eps_4q": 14.55,
            "eps_4q_growth_year": 30.14,
            "roe": 8.88,
            "roe_4q": 52.14,
            "gross_profit": 151745,
            "gross_margin": 44.77,
            "gross_margin_4q_avg": 46.56,
            "net_income": 92894,
            "net_income_4q": null,
            "revenue": 338914,
            "revenue_4q": null,
            "common_shares": 264348,
            "book_valuer_per_share": 49.04,
            "book_valuer_per_share_4q_avg": 34.8,
            "equity": 1363047,
            "current_ratio": 672.86,
            "debt_ratio": 13.8,
            "inventory_turnover_ratio": 1.08,
            "account_receivable_turnover_ratio": null,
            "reinvestment_rate": null,
            "research_to_sale_ratio": null,
            "price_fair": 478.2,
            "eps_avg_yearly": 13.66,
            "eps_latest_yearly": 15.92,
            "eps_growth_yearly": 52.35
        },
        "20081": {
            "year_quarter": 20081,
            "year": 2008,
            "quarter": 1,
            "eps": 2.2,
            "eps_growth_year": -39.56,
            "eps_4q": 13.29,
            "eps_4q_growth_year": 3.09,
            "roe": 3.96,
            "roe_4q": 41.99,
            "gross_profit": 130920,
            "gross_margin": 42.79,
            "gross_margin_4q_avg": 45.58,
            "net_income": 54930,
            "net_income_4q": null,
            "revenue": 305925,
            "revenue_4q": null,
            "common_shares": 264348,
            "book_valuer_per_share": 51.07,
            "book_valuer_per_share_4q_avg": 40.66,
            "equity": 1413185,
            "current_ratio": 641.73,
            "debt_ratio": 14.3,
            "inventory_turnover_ratio": 1,
            "account_receivable_turnover_ratio": null,
            "reinvestment_rate": null,
            "research_to_sale_ratio": null,
            "price_fair": 436.63,
            "eps_avg_yearly": 13.06,
            "eps_latest_yearly": 8.8,
            "eps_growth_yearly": 23.45
        },
        "20082": {
            "year_quarter": 20082,
            "year": 2008,
            "quarter": 2,
            "eps": 2.17,
            "eps_growth_year": -42.89,
            "eps_4q": 10.74,
            "eps_4q_growth_year": -13.31,
            "roe": 4.88,
            "roe_4q": 31.909999999999997,
            "gross_profit": 149506,
            "gross_margin": 40.23,
            "gross_margin_4q_avg": 43.73,
            "net_income": 62955,
            "net_income_4q": null,
            "revenue": 371594,
            "revenue_4q": null,
            "common_shares": 264348,
            "book_valuer_per_share": 41.73,
            "book_valuer_per_share_4q_avg": 43.13,
            "equity": 1165043,
            "current_ratio": 268.87,
            "debt_ratio": 33.8,
            "inventory_turnover_ratio": 1.25,
            "account_receivable_turnover_ratio": null,
            "reinvestment_rate": null,
            "research_to_sale_ratio": null,
            "price_fair": 380.01,
            "eps_avg_yearly": 12.57,
            "eps_latest_yearly": 8.68,
            "eps_growth_yearly": 20.23
        },
        "20083": {
            "year_quarter": 20083,
            "year": 2008,
            "quarter": 3,
            "eps": 3.05,
            "eps_growth_year": -28.4,
            "eps_4q": 10.86,
            "eps_4q_growth_year": -18.32,
            "roe": 7.07,
            "roe_4q": 24.79,
            "gross_profit": 160867,
            "gross_margin": 43.52,
            "gross_margin_4q_avg": 42.83,
            "net_income": 85572,
            "net_income_4q": null,
            "revenue": 369675,
            "revenue_4q": null,
            "common_shares": 299744,
            "book_valuer_per_share": 39.98,
            "book_valuer_per_share_4q_avg": 45.46,
            "equity": 1256667,
            "current_ratio": 506.45,
            "debt_ratio": 17.72,
            "inventory_turnover_ratio": 1.05,
            "account_receivable_turnover_ratio": null,
            "reinvestment_rate": null,
            "research_to_sale_ratio": null,
            "price_fair": 438.62,
            "eps_avg_yearly": 12.53,
            "eps_latest_yearly": 12.2,
            "eps_growth_yearly": 34.43
        },
        "20084": {
            "year_quarter": 20084,
            "year": 2008,
            "quarter": 4,
            "eps": 1.47,
            "eps_growth_year": -63.07,
            "eps_4q": 9.63,
            "eps_4q_growth_year": -33.84,
            "roe": 3.05,
            "roe_4q": 18.96,
            "gross_profit": 135086,
            "gross_margin": 43.91,
            "gross_margin_4q_avg": 42.61,
            "net_income": 38948,
            "net_income_4q": null,
            "revenue": 307646,
            "revenue_4q": null,
            "common_shares": 301854,
            "book_valuer_per_share": 41.19,
            "book_valuer_per_share_4q_avg": 43.49,
            "equity": 1297297,
            "current_ratio": 656.59,
            "debt_ratio": 13.84,
            "inventory_turnover_ratio": 0.86,
            "account_receivable_turnover_ratio": 6.53,
            "reinvestment_rate": null,
            "research_to_sale_ratio": null,
            "price_fair": 267.94,
            "eps_avg_yearly": 11.93,
            "eps_latest_yearly": 5.88,
            "eps_growth_yearly": 12.46
        },
        "20091": {
            "year_quarter": 20091,
            "year": 2009,
            "quarter": 1,
            "eps": 1.25,
            "eps_growth_year": -43.18,
            "eps_4q": 8.88,
            "eps_4q_growth_year": -33.19,
            "roe": 2.51,
            "roe_4q": 17.509999999999998,
            "gross_profit": 119950,
            "gross_margin": 46.2,
            "gross_margin_4q_avg": 43.47,
            "net_income": 33052,
            "net_income_4q": null,
            "revenue": 259608,
            "revenue_4q": null,
            "common_shares": 305304,
            "book_valuer_per_share": 42.12,
            "book_valuer_per_share_4q_avg": 41.26,
            "equity": 1335138,
            "current_ratio": 693.44,
            "debt_ratio": 12.15,
            "inventory_turnover_ratio": 0.82,
            "account_receivable_turnover_ratio": 2.56,
            "reinvestment_rate": null,
            "research_to_sale_ratio": null,
            "price_fair": 186.56,
            "eps_avg_yearly": 11.35,
            "eps_latest_yearly": 5,
            "eps_growth_yearly": 6.44
        },
        "20092": {
            "year_quarter": 20092,
            "year": 2009,
            "quarter": 2,
            "eps": 1.04,
            "eps_growth_year": -52.07,
            "eps_4q": 7.84,
            "eps_4q_growth_year": -27.04,
            "roe": 2.13,
            "roe_4q": 14.76,
            "gross_profit": 125302,
            "gross_margin": 41.12,
            "gross_margin_4q_avg": 43.69,
            "net_income": 26858,
            "net_income_4q": null,
            "revenue": 304721,
            "revenue_4q": null,
            "common_shares": 307024,
            "book_valuer_per_share": 37.17,
            "book_valuer_per_share_4q_avg": 40.12,
            "equity": 1185356,
            "current_ratio": 323.35,
            "debt_ratio": 26.35,
            "inventory_turnover_ratio": 1.29,
            "account_receivable_turnover_ratio": 2.71,
            "reinvestment_rate": null,
            "research_to_sale_ratio": null,
            "price_fair": 107.97,
            "eps_avg_yearly": 10.8,
            "eps_latest_yearly": 4.16,
            "eps_growth_yearly": 0.77
        },
        "20093": {
            "year_quarter": 20093,
            "year": 2009,
            "quarter": 3,
            "eps": 1.76,
            "eps_growth_year": -42.3,
            "eps_4q": 6.03,
            "eps_4q_growth_year": -44.52,
            "roe": 3.78,
            "roe_4q": 11.469999999999999,
            "gross_profit": 153286,
            "gross_margin": 38.46,
            "gross_margin_4q_avg": 42.42,
            "net_income": 48985,
            "net_income_4q": null,
            "revenue": 398526,
            "revenue_4q": null,
            "common_shares": 327914,
            "book_valuer_per_share": 41.73,
            "book_valuer_per_share_4q_avg": 40.55,
            "equity": 1406671,
            "current_ratio": 509.81,
            "debt_ratio": 16.93,
            "inventory_turnover_ratio": 1.84,
            "account_receivable_turnover_ratio": 4,
            "reinvestment_rate": null,
            "research_to_sale_ratio": null,
            "price_fair": 321.1,
            "eps_avg_yearly": 10.53,
            "eps_latest_yearly": 7.04,
            "eps_growth_yearly": 20.5
        },
        "20094": {
            "year_quarter": 20094,
            "year": 2009,
            "quarter": 4,
            "eps": 2.06,
            "eps_growth_year": 40.14,
            "eps_4q": 5.78,
            "eps_4q_growth_year": -39.96,
            "roe": 4.13,
            "roe_4q": 12.549999999999999,
            "gross_profit": 158775,
            "gross_margin": 42.57,
            "gross_margin_4q_avg": 42.09,
            "net_income": 59233,
            "net_income_4q": null,
            "revenue": 373002,
            "revenue_4q": null,
            "common_shares": 328114,
            "book_valuer_per_share": 43.64,
            "book_valuer_per_share_4q_avg": 41.17,
            "equity": 1463453,
            "current_ratio": 499.59,
            "debt_ratio": 15.94,
            "inventory_turnover_ratio": 1.36,
            "account_receivable_turnover_ratio": 5.36,
            "reinvestment_rate": 47.69,
            "research_to_sale_ratio": null,
            "price_fair": 349.43,
            "eps_avg_yearly": 10.38,
            "eps_latest_yearly": 8.24,
            "eps_growth_yearly": 23.68
        },
        "20101": {
            "year_quarter": 20101,
            "year": 2010,
            "quarter": 1,
            "eps": 1.83,
            "eps_growth_year": 46.4,
            "eps_4q": 6.43,
            "eps_4q_growth_year": -27.53,
            "roe": 3.69,
            "roe_4q": 13.73,
            "gross_profit": 154227,
            "gross_margin": 43.26,
            "gross_margin_4q_avg": 41.35,
            "net_income": 55074,
            "net_income_4q": null,
            "revenue": 356471,
            "revenue_4q": null,
            "common_shares": 329564,
            "book_valuer_per_share": 45.32,
            "book_valuer_per_share_4q_avg": 41.97,
            "equity": 1519727,
            "current_ratio": 555.28,
            "debt_ratio": 14.5,
            "inventory_turnover_ratio": 1.18,
            "account_receivable_turnover_ratio": 2.63,
            "reinvestment_rate": 46.17,
            "research_to_sale_ratio": 13.89,
            "price_fair": 299.5,
            "eps_avg_yearly": 10.19,
            "eps_latest_yearly": 7.32,
            "eps_growth_yearly": 19.41
        },
        "20102": {
            "year_quarter": 20102,
            "year": 2010,
            "quarter": 2,
            "eps": 3.41,
            "eps_growth_year": 227.41,
            "eps_4q": 8.84,
            "eps_4q_growth_year": 12.82,
            "roe": 7.23,
            "roe_4q": 18.830000000000002,
            "gross_profit": 238004,
            "gross_margin": 42.66,
            "gross_margin_4q_avg": 41.74,
            "net_income": 107118,
            "net_income_4q": null,
            "revenue": 557973,
            "revenue_4q": null,
            "common_shares": 331264,
            "book_valuer_per_share": 42.89,
            "book_valuer_per_share_4q_avg": 43.4,
            "equity": 1441643,
            "current_ratio": 268.38,
            "debt_ratio": 30.94,
            "inventory_turnover_ratio": 1.61,
            "account_receivable_turnover_ratio": 3.65,
            "reinvestment_rate": 43.92,
            "research_to_sale_ratio": 10.85,
            "price_fair": 368.9,
            "eps_avg_yearly": 10.54,
            "eps_latest_yearly": 13.64,
            "eps_growth_yearly": 40.08
        },
        "20103": {
            "year_quarter": 20103,
            "year": 2010,
            "quarter": 3,
            "eps": 3,
            "eps_growth_year": 70.43,
            "eps_4q": 10.18,
            "eps_4q_growth_year": 68.95,
            "roe": 6.31,
            "roe_4q": 21.36,
            "gross_profit": 234363,
            "gross_margin": 43.16,
            "gross_margin_4q_avg": 42.91,
            "net_income": 95203,
            "net_income_4q": null,
            "revenue": 542996,
            "revenue_4q": null,
            "common_shares": 331564,
            "book_valuer_per_share": 45.85,
            "book_valuer_per_share_4q_avg": 44.43,
            "equity": 1574830,
            "current_ratio": 414.12,
            "debt_ratio": 19.79,
            "inventory_turnover_ratio": 1.15,
            "account_receivable_turnover_ratio": 2.87,
            "reinvestment_rate": 45.72,
            "research_to_sale_ratio": 12.09,
            "price_fair": 323.18,
            "eps_avg_yearly": 10.47,
            "eps_latest_yearly": 12,
            "eps_growth_yearly": 20.87
        },
        "20104": {
            "year_quarter": 20104,
            "year": 2010,
            "quarter": 4,
            "eps": 1.06,
            "eps_growth_year": -48.41,
            "eps_4q": 9.28,
            "eps_4q_growth_year": 60.53,
            "roe": 1.94,
            "roe_4q": 19.17,
            "gross_profit": 177517,
            "gross_margin": 38.7,
            "gross_margin_4q_avg": 41.95,
            "net_income": 30766,
            "net_income_4q": null,
            "revenue": 458709,
            "revenue_4q": null,
            "common_shares": 331564,
            "book_valuer_per_share": 46.77,
            "book_valuer_per_share_4q_avg": 45.21,
            "equity": 1601925,
            "current_ratio": 533.78,
            "debt_ratio": 15.49,
            "inventory_turnover_ratio": 1,
            "account_receivable_turnover_ratio": 2.63,
            "reinvestment_rate": 43.8,
            "research_to_sale_ratio": 14.58,
            "price_fair": 171.31,
            "eps_avg_yearly": 10,
            "eps_latest_yearly": 4.24,
            "eps_growth_yearly": 7.14
        },
        "20111": {
            "year_quarter": 20111,
            "year": 2011,
            "quarter": 1,
            "eps": 1.44,
            "eps_growth_year": -21.31,
            "eps_4q": 9.03,
            "eps_4q_growth_year": 40.37,
            "roe": 2.69,
            "roe_4q": 18.17,
            "gross_profit": 149290,
            "gross_margin": 38.12,
            "gross_margin_4q_avg": 40.66,
            "net_income": 42977,
            "net_income_4q": null,
            "revenue": 391610,
            "revenue_4q": null,
            "common_shares": 331564,
            "book_valuer_per_share": 47.22,
            "book_valuer_per_share_4q_avg": 45.68,
            "equity": 1588436,
            "current_ratio": 495.23,
            "debt_ratio": 16.74,
            "inventory_turnover_ratio": 0.89,
            "account_receivable_turnover_ratio": 2.34,
            "reinvestment_rate": 43.88,
            "research_to_sale_ratio": 13.81,
            "price_fair": 192.28,
            "eps_avg_yearly": 9.45,
            "eps_latest_yearly": 5.76,
            "eps_growth_yearly": 10.36
        },
        "20112": {
            "year_quarter": 20112,
            "year": 2011,
            "quarter": 2,
            "eps": 2.44,
            "eps_growth_year": -28.47,
            "eps_4q": 8.01,
            "eps_4q_growth_year": -9.35,
            "roe": 5.03,
            "roe_4q": 15.969999999999999,
            "gross_profit": 211543,
            "gross_margin": 38.65,
            "gross_margin_4q_avg": 39.66,
            "net_income": 75317,
            "net_income_4q": null,
            "revenue": 547306,
            "revenue_4q": null,
            "common_shares": 331564,
            "book_valuer_per_share": 41.79,
            "book_valuer_per_share_4q_avg": 45.41,
            "equity": 1407029,
            "current_ratio": 278.93,
            "debt_ratio": 31.91,
            "inventory_turnover_ratio": 1.22,
            "account_receivable_turnover_ratio": 2.78,
            "reinvestment_rate": 32.74,
            "research_to_sale_ratio": 13.13,
            "price_fair": 318.68,
            "eps_avg_yearly": 9.11,
            "eps_latest_yearly": 9.76,
            "eps_growth_yearly": 26.62
        },
        "20113": {
            "year_quarter": 20113,
            "year": 2011,
            "quarter": 3,
            "eps": 2.7,
            "eps_growth_year": -9.92,
            "eps_4q": 7.67,
            "eps_4q_growth_year": -24.64,
            "roe": 5.76,
            "roe_4q": 15.419999999999998,
            "gross_profit": 229852,
            "gross_margin": 40.6,
            "gross_margin_4q_avg": 39.02,
            "net_income": 83986,
            "net_income_4q": null,
            "revenue": 566078,
            "revenue_4q": null,
            "common_shares": 331564,
            "book_valuer_per_share": 45.01,
            "book_valuer_per_share_4q_avg": 45.2,
            "equity": 1507797,
            "current_ratio": 429.31,
            "debt_ratio": 20.41,
            "inventory_turnover_ratio": 1.29,
            "account_receivable_turnover_ratio": 2.76,
            "reinvestment_rate": 33.89,
            "research_to_sale_ratio": 13.58,
            "price_fair": 305.03,
            "eps_avg_yearly": 8.72,
            "eps_latest_yearly": 10.8,
            "eps_growth_yearly": 26.26
        },
        "20114": {
            "year_quarter": 20114,
            "year": 2011,
            "quarter": 4,
            "eps": 2.43,
            "eps_growth_year": 128.76,
            "eps_4q": 9.03,
            "eps_4q_growth_year": -2.72,
            "roe": 4.82,
            "roe_4q": 18.3,
            "gross_profit": 238109,
            "gross_margin": 39.75,
            "gross_margin_4q_avg": 39.28,
            "net_income": 74776,
            "net_income_4q": null,
            "revenue": 598999,
            "revenue_4q": null,
            "common_shares": 331564,
            "book_valuer_per_share": 47.73,
            "book_valuer_per_share_4q_avg": 45.44,
            "equity": 1592078,
            "current_ratio": 405.57,
            "debt_ratio": 21.76,
            "inventory_turnover_ratio": 1.37,
            "account_receivable_turnover_ratio": 3.24,
            "reinvestment_rate": 33.95,
            "research_to_sale_ratio": 12.24,
            "price_fair": 291.46,
            "eps_avg_yearly": 8.33,
            "eps_latest_yearly": 9.72,
            "eps_growth_yearly": 25.4
        },
        "20121": {
            "year_quarter": 20121,
            "year": 2012,
            "quarter": 1,
            "eps": 2.14,
            "eps_growth_year": 48.61,
            "eps_4q": 9.71,
            "eps_4q_growth_year": 7.5,
            "roe": 3.95,
            "roe_4q": 19.56,
            "gross_profit": 202546,
            "gross_margin": 38.01,
            "gross_margin_4q_avg": 39.25,
            "net_income": 64257,
            "net_income_4q": null,
            "revenue": 532858,
            "revenue_4q": null,
            "common_shares": 331564,
            "book_valuer_per_share": 49.95,
            "book_valuer_per_share_4q_avg": 46.12,
            "equity": 1659023,
            "current_ratio": 483.01,
            "debt_ratio": 18.36,
            "inventory_turnover_ratio": 1.26,
            "account_receivable_turnover_ratio": 2.56,
            "reinvestment_rate": 30.95,
            "research_to_sale_ratio": 12.89,
            "price_fair": 290.94,
            "eps_avg_yearly": 8.31,
            "eps_latest_yearly": 8.56,
            "eps_growth_yearly": 33.6
        },
        "20122": {
            "year_quarter": 20122,
            "year": 2012,
            "quarter": 2,
            "eps": 3.27,
            "eps_growth_year": 34.22,
            "eps_4q": 10.54,
            "eps_4q_growth_year": 31.52,
            "roe": 6.36,
            "roe_4q": 20.89,
            "gross_profit": 255718,
            "gross_margin": 37.31,
            "gross_margin_4q_avg": 38.92,
            "net_income": 100378,
            "net_income_4q": null,
            "revenue": 685434,
            "revenue_4q": null,
            "common_shares": 331564,
            "book_valuer_per_share": 45.24,
            "book_valuer_per_share_4q_avg": 46.98,
            "equity": 1498946,
            "current_ratio": 255.27,
            "debt_ratio": 35.02,
            "inventory_turnover_ratio": 1.52,
            "account_receivable_turnover_ratio": 2.34,
            "reinvestment_rate": 29.12,
            "research_to_sale_ratio": 11.4,
            "price_fair": 300.56,
            "eps_avg_yearly": 8.59,
            "eps_latest_yearly": 13.08,
            "eps_growth_yearly": 47.14
        },
        "20123": {
            "year_quarter": 20123,
            "year": 2012,
            "quarter": 3,
            "eps": 2.55,
            "eps_growth_year": -5.64,
            "eps_4q": 10.39,
            "eps_4q_growth_year": 35.38,
            "roe": 5.14,
            "roe_4q": 20.27,
            "gross_profit": 237521,
            "gross_margin": 34.18,
            "gross_margin_4q_avg": 37.31,
            "net_income": 79212,
            "net_income_4q": null,
            "revenue": 694874,
            "revenue_4q": null,
            "common_shares": 331564,
            "book_valuer_per_share": 47.88,
            "book_valuer_per_share_4q_avg": 47.7,
            "equity": 1581060,
            "current_ratio": 374.81,
            "debt_ratio": 23.66,
            "inventory_turnover_ratio": 1.43,
            "account_receivable_turnover_ratio": 2.15,
            "reinvestment_rate": 25.2,
            "research_to_sale_ratio": 11.34,
            "price_fair": 296.19,
            "eps_avg_yearly": 8.46,
            "eps_latest_yearly": 10.2,
            "eps_growth_yearly": 31.5
        },
        "20124": {
            "year_quarter": 20124,
            "year": 2012,
            "quarter": 4,
            "eps": 1.07,
            "eps_growth_year": -56.19,
            "eps_4q": 9.02,
            "eps_4q_growth_year": -0.03,
            "roe": 1.88,
            "roe_4q": 17.33,
            "gross_profit": 188868,
            "gross_margin": 33.67,
            "gross_margin_4q_avg": 35.79,
            "net_income": 30037,
            "net_income_4q": null,
            "revenue": 560863,
            "revenue_4q": null,
            "common_shares": 331564,
            "book_valuer_per_share": 49.08,
            "book_valuer_per_share_4q_avg": 48.04,
            "equity": 1615605,
            "current_ratio": 393.19,
            "debt_ratio": 22.42,
            "inventory_turnover_ratio": 1.13,
            "account_receivable_turnover_ratio": 2.11,
            "reinvestment_rate": 24.82,
            "research_to_sale_ratio": 13.63,
            "price_fair": 292.69,
            "eps_avg_yearly": 8.36,
            "eps_latest_yearly": 4.28,
            "eps_growth_yearly": 29.94
        },
        "20131": {
            "year_quarter": 20131,
            "year": 2013,
            "quarter": 1,
            "eps": 0.59,
            "eps_growth_year": -72.43,
            "eps_4q": 7.47,
            "eps_4q_growth_year": -23.05,
            "roe": 0.78,
            "roe_4q": 14.16,
            "gross_profit": 144576,
            "gross_margin": 34.78,
            "gross_margin_4q_avg": 34.99,
            "net_income": 12704,
            "net_income_4q": null,
            "revenue": 415693,
            "revenue_4q": null,
            "common_shares": 331564,
            "book_valuer_per_share": 48.85,
            "book_valuer_per_share_4q_avg": 47.76,
            "equity": 1627571,
            "current_ratio": 410.95,
            "debt_ratio": 21.1,
            "inventory_turnover_ratio": 0.77,
            "account_receivable_turnover_ratio": 2.08,
            "reinvestment_rate": 5.75,
            "research_to_sale_ratio": 17.76,
            "price_fair": 266.13,
            "eps_avg_yearly": 8.2,
            "eps_latest_yearly": 2.36,
            "eps_growth_yearly": 22.47
        },
        "20132": {
            "year_quarter": 20132,
            "year": 2013,
            "quarter": 2,
            "eps": 1.39,
            "eps_growth_year": -57.48,
            "eps_4q": 5.6,
            "eps_4q_growth_year": -46.87,
            "roe": 2.71,
            "roe_4q": 10.51,
            "gross_profit": 197155,
            "gross_margin": 32.58,
            "gross_margin_4q_avg": 33.8,
            "net_income": 41240,
            "net_income_4q": null,
            "revenue": 605063,
            "revenue_4q": null,
            "common_shares": 331564,
            "book_valuer_per_share": 42.53,
            "book_valuer_per_share_4q_avg": 47.09,
            "equity": 1416805,
            "current_ratio": 242.02,
            "debt_ratio": 35.95,
            "inventory_turnover_ratio": 1.17,
            "account_receivable_turnover_ratio": 2.43,
            "reinvestment_rate": 5.18,
            "research_to_sale_ratio": 14.29,
            "price_fair": 289.98,
            "eps_avg_yearly": 8.29,
            "eps_latest_yearly": 5.56,
            "eps_growth_yearly": 60.56
        },
        "20133": {
            "year_quarter": 20133,
            "year": 2013,
            "quarter": 3,
            "eps": 1.92,
            "eps_growth_year": -24.7,
            "eps_4q": 4.97,
            "eps_4q_growth_year": -52.13,
            "roe": 4.02,
            "roe_4q": 9.39,
            "gross_profit": 199172,
            "gross_margin": 32.42,
            "gross_margin_4q_avg": 33.36,
            "net_income": 58098,
            "net_income_4q": null,
            "revenue": 614314,
            "revenue_4q": null,
            "common_shares": 331564,
            "book_valuer_per_share": 44.44,
            "book_valuer_per_share_4q_avg": 46.23,
            "equity": 1474298,
            "current_ratio": 308.82,
            "debt_ratio": 27.8,
            "inventory_turnover_ratio": 1.33,
            "account_receivable_turnover_ratio": 1.91,
            "reinvestment_rate": 5.87,
            "research_to_sale_ratio": 12.2,
            "price_fair": 291.38,
            "eps_avg_yearly": 8.33,
            "eps_latest_yearly": 7.68,
            "eps_growth_yearly": 52.79
        },
        "20134": {
            "year_quarter": 20134,
            "year": 2013,
            "quarter": 4,
            "eps": 0.95,
            "eps_growth_year": -10.43,
            "eps_4q": 4.86,
            "eps_4q_growth_year": -46.11,
            "roe": 1.88,
            "roe_4q": 9.389999999999999,
            "gross_profit": 149686,
            "gross_margin": 28.8,
            "gross_margin_4q_avg": 32.15,
            "net_income": 28058,
            "net_income_4q": null,
            "revenue": 519691,
            "revenue_4q": null,
            "common_shares": 331564,
            "book_valuer_per_share": 45.45,
            "book_valuer_per_share_4q_avg": 45.32,
            "equity": 1504161,
            "current_ratio": 315.55,
            "debt_ratio": 27.09,
            "inventory_turnover_ratio": 1.24,
            "account_receivable_turnover_ratio": 1.53,
            "reinvestment_rate": -23.5,
            "research_to_sale_ratio": 11.73,
            "price_fair": 281.66,
            "eps_avg_yearly": 8.05,
            "eps_latest_yearly": 3.8,
            "eps_growth_yearly": 35.9
        },
        "20141": {
            "year_quarter": 20141,
            "year": 2014,
            "quarter": 1,
            "eps": 1.05,
            "eps_growth_year": 77.97,
            "eps_4q": 5.33,
            "eps_4q_growth_year": -28.62,
            "roe": 2.01,
            "roe_4q": 10.62,
            "gross_profit": 164129,
            "gross_margin": 35.89,
            "gross_margin_4q_avg": 32.42,
            "net_income": 30614,
            "net_income_4q": null,
            "revenue": 457348,
            "revenue_4q": null,
            "common_shares": 326564,
            "book_valuer_per_share": 46.54,
            "book_valuer_per_share_4q_avg": 44.74,
            "equity": 1536051,
            "current_ratio": 350.06,
            "debt_ratio": 24.29,
            "inventory_turnover_ratio": 0.96,
            "account_receivable_turnover_ratio": 1.41,
            "reinvestment_rate": -23.35,
            "research_to_sale_ratio": 15,
            "price_fair": 274.84,
            "eps_avg_yearly": 7.85,
            "eps_latest_yearly": 4.2,
            "eps_growth_yearly": 41.32
        },
        "20142": {
            "year_quarter": 20142,
            "year": 2014,
            "quarter": 2,
            "eps": 1.36,
            "eps_growth_year": -2.16,
            "eps_4q": 5.28,
            "eps_4q_growth_year": -5.65,
            "roe": 2.7,
            "roe_4q": 10.61,
            "gross_profit": 198787,
            "gross_margin": 34.98,
            "gross_margin_4q_avg": 33.02,
            "net_income": 40268,
            "net_income_4q": null,
            "revenue": 568236,
            "revenue_4q": null,
            "common_shares": 326564,
            "book_valuer_per_share": 43.82,
            "book_valuer_per_share_4q_avg": 45.06,
            "equity": 1443476,
            "current_ratio": 267.77,
            "debt_ratio": 32.01,
            "inventory_turnover_ratio": 1.13,
            "account_receivable_turnover_ratio": 1.59,
            "reinvestment_rate": -26.88,
            "research_to_sale_ratio": 13.72,
            "price_fair": 256.9,
            "eps_avg_yearly": 7.34,
            "eps_latest_yearly": 5.44,
            "eps_growth_yearly": 27.12
        },
        "20143": {
            "year_quarter": 20143,
            "year": 2014,
            "quarter": 3,
            "eps": 1.29,
            "eps_growth_year": -32.81,
            "eps_4q": 4.65,
            "eps_4q_growth_year": -6.43,
            "roe": 3.48,
            "roe_4q": 10.07,
            "gross_profit": 174365,
            "gross_margin": 32.5,
            "gross_margin_4q_avg": 33.04,
            "net_income": 51180,
            "net_income_4q": null,
            "revenue": 536562,
            "revenue_4q": null,
            "common_shares": 326564,
            "book_valuer_per_share": 45.19,
            "book_valuer_per_share_4q_avg": 45.25,
            "equity": 1497127,
            "current_ratio": 326.12,
            "debt_ratio": 25.28,
            "inventory_turnover_ratio": 1.07,
            "account_receivable_turnover_ratio": 1.38,
            "reinvestment_rate": -27.1,
            "research_to_sale_ratio": 13.39,
            "price_fair": 241.94,
            "eps_avg_yearly": 6.91,
            "eps_latest_yearly": 5.16,
            "eps_growth_yearly": 28.83
        },
        "20144": {
            "year_quarter": 20144,
            "year": 2014,
            "quarter": 4,
            "eps": 1.83,
            "eps_growth_year": 91.64,
            "eps_4q": 5.53,
            "eps_4q_growth_year": 13.69,
            "roe": 4.02,
            "roe_4q": 12.209999999999999,
            "gross_profit": 196199,
            "gross_margin": 33.53,
            "gross_margin_4q_avg": 34.23,
            "net_income": 61594,
            "net_income_4q": null,
            "revenue": 585075,
            "revenue_4q": null,
            "common_shares": 326564,
            "book_valuer_per_share": 47.2,
            "book_valuer_per_share_4q_avg": 45.69,
            "equity": 1564489,
            "current_ratio": 285.23,
            "debt_ratio": 28.25,
            "inventory_turnover_ratio": 1.11,
            "account_receivable_turnover_ratio": 1.45,
            "reinvestment_rate": -18.83,
            "research_to_sale_ratio": 12.49,
            "price_fair": 248.68,
            "eps_avg_yearly": 7.11,
            "eps_latest_yearly": 7.32,
            "eps_growth_yearly": 55.47
        },
        "20151": {
            "year_quarter": 20151,
            "year": 2015,
            "quarter": 1,
            "eps": 0.11,
            "eps_growth_year": -89.52,
            "eps_4q": 4.58,
            "eps_4q_growth_year": -14.12,
            "roe": 0.03,
            "roe_4q": 10.23,
            "gross_profit": 130225,
            "gross_margin": 29.41,
            "gross_margin_4q_avg": 32.61,
            "net_income": 442,
            "net_income_4q": null,
            "revenue": 442809,
            "revenue_4q": null,
            "common_shares": 326564,
            "book_valuer_per_share": 47.24,
            "book_valuer_per_share_4q_avg": 45.86,
            "equity": 1562868,
            "current_ratio": 323.92,
            "debt_ratio": 24.71,
            "inventory_turnover_ratio": 0.75,
            "account_receivable_turnover_ratio": 1.1,
            "reinvestment_rate": -19.42,
            "research_to_sale_ratio": 14.75,
            "price_fair": 223.54,
            "eps_avg_yearly": 6.77,
            "eps_latest_yearly": 0.44,
            "eps_growth_yearly": 23.01
        },
        "20152": {
            "year_quarter": 20152,
            "year": 2015,
            "quarter": 2,
            "eps": 1.12,
            "eps_growth_year": -17.65,
            "eps_4q": 4.34,
            "eps_4q_growth_year": -17.79,
            "roe": 2.16,
            "roe_4q": 9.69,
            "gross_profit": 175133,
            "gross_margin": 32.49,
            "gross_margin_4q_avg": 31.98,
            "net_income": 32584,
            "net_income_4q": null,
            "revenue": 538999,
            "revenue_4q": null,
            "common_shares": 326564,
            "book_valuer_per_share": 43.82,
            "book_valuer_per_share_4q_avg": 45.86,
            "equity": 1447371,
            "current_ratio": 259.09,
            "debt_ratio": 30.97,
            "inventory_turnover_ratio": 0.78,
            "account_receivable_turnover_ratio": 1.4,
            "reinvestment_rate": -8.1,
            "research_to_sale_ratio": 12.93,
            "price_fair": 225.49,
            "eps_avg_yearly": 6.44,
            "eps_latest_yearly": 4.48,
            "eps_growth_yearly": 235.19
        },
        "20153": {
            "year_quarter": 20153,
            "year": 2015,
            "quarter": 3,
            "eps": 1.59,
            "eps_growth_year": 23.26,
            "eps_4q": 4.64,
            "eps_4q_growth_year": -0.22,
            "roe": 3.27,
            "roe_4q": 9.48,
            "gross_profit": 174790,
            "gross_margin": 33.28,
            "gross_margin_4q_avg": 32.18,
            "net_income": 48195,
            "net_income_4q": null,
            "revenue": 525178,
            "revenue_4q": null,
            "common_shares": 326564,
            "book_valuer_per_share": 45.52,
            "book_valuer_per_share_4q_avg": 45.95,
            "equity": 1499095,
            "current_ratio": 352.98,
            "debt_ratio": 22.11,
            "inventory_turnover_ratio": 0.84,
            "account_receivable_turnover_ratio": 1.17,
            "reinvestment_rate": -10.64,
            "research_to_sale_ratio": 13,
            "price_fair": 215.78,
            "eps_avg_yearly": 6.17,
            "eps_latest_yearly": 6.36,
            "eps_growth_yearly": 243.02
        },
        "20154": {
            "year_quarter": 20154,
            "year": 2015,
            "quarter": 4,
            "eps": 0.69,
            "eps_growth_year": -62.21,
            "eps_4q": 3.51,
            "eps_4q_growth_year": -36.58,
            "roe": 1.14,
            "roe_4q": 6.6000000000000005,
            "gross_profit": 179830,
            "gross_margin": 34.19,
            "gross_margin_4q_avg": 32.34,
            "net_income": 17078,
            "net_income_4q": null,
            "revenue": 526006,
            "revenue_4q": null,
            "common_shares": 326564,
            "book_valuer_per_share": 46.03,
            "book_valuer_per_share_4q_avg": 45.65,
            "equity": 1510078,
            "current_ratio": 363.98,
            "debt_ratio": 21.66,
            "inventory_turnover_ratio": 1.07,
            "account_receivable_turnover_ratio": 1.26,
            "reinvestment_rate": -10.64,
            "research_to_sale_ratio": 13.15,
            "price_fair": 200.55,
            "eps_avg_yearly": 5.73,
            "eps_latest_yearly": 2.76,
            "eps_growth_yearly": 231.37
        },
        "20161": {
            "year_quarter": 20161,
            "year": 2016,
            "quarter": 1,
            "eps": 1.39,
            "eps_growth_year": 1163.64,
            "eps_4q": 4.79,
            "eps_4q_growth_year": 4.66,
            "roe": 2.59,
            "roe_4q": 9.16,
            "gross_profit": 188014,
            "gross_margin": 34.92,
            "gross_margin_4q_avg": 33.72,
            "net_income": 39548,
            "net_income_4q": null,
            "revenue": 538387,
            "revenue_4q": null,
            "common_shares": 326564,
            "book_valuer_per_share": 47.34,
            "book_valuer_per_share_4q_avg": 45.68,
            "equity": 1546933,
            "current_ratio": 281.25,
            "debt_ratio": 28.67,
            "inventory_turnover_ratio": 1.14,
            "account_receivable_turnover_ratio": 1.35,
            "reinvestment_rate": -8.71,
            "research_to_sale_ratio": 13.03,
            "price_fair": 193.99,
            "eps_avg_yearly": 5.54,
            "eps_latest_yearly": 5.56,
            "eps_growth_yearly": 259.71
        },
        "20162": {
            "year_quarter": 20162,
            "year": 2016,
            "quarter": 2,
            "eps": 1.82,
            "eps_growth_year": 62.5,
            "eps_4q": 5.5,
            "eps_4q_growth_year": 26.55,
            "roe": 3.62,
            "roe_4q": 10.62,
            "gross_profit": 208938,
            "gross_margin": 32.46,
            "gross_margin_4q_avg": 33.71,
            "net_income": 54908,
            "net_income_4q": null,
            "revenue": 643614,
            "revenue_4q": null,
            "common_shares": 326564,
            "book_valuer_per_share": 45.52,
            "book_valuer_per_share_4q_avg": 46.1,
            "equity": 1483062,
            "current_ratio": 232.93,
            "debt_ratio": 34.98,
            "inventory_turnover_ratio": 1.2,
            "account_receivable_turnover_ratio": 1.27,
            "reinvestment_rate": -11.25,
            "research_to_sale_ratio": 10.84,
            "price_fair": 181.3,
            "eps_avg_yearly": 5.18,
            "eps_latest_yearly": 7.28,
            "eps_growth_yearly": 254.25
        },
        "20163": {
            "year_quarter": 20163,
            "year": 2016,
            "quarter": 3,
            "eps": 1.8,
            "eps_growth_year": 13.21,
            "eps_4q": 5.62,
            "eps_4q_growth_year": 21.05,
            "roe": 3.39,
            "roe_4q": 10.74,
            "gross_profit": 219089,
            "gross_margin": 31.45,
            "gross_margin_4q_avg": 33.26,
            "net_income": 52144,
            "net_income_4q": null,
            "revenue": 696639,
            "revenue_4q": null,
            "common_shares": 331564,
            "book_valuer_per_share": 46.69,
            "book_valuer_per_share_4q_avg": 46.4,
            "equity": 1595530,
            "current_ratio": 280.31,
            "debt_ratio": 29.47,
            "inventory_turnover_ratio": 1.17,
            "account_receivable_turnover_ratio": 1.17,
            "reinvestment_rate": -7.22,
            "research_to_sale_ratio": 11.32,
            "price_fair": 174.74,
            "eps_avg_yearly": 4.99,
            "eps_latest_yearly": 7.2,
            "eps_growth_yearly": 259.48
        },
        "20164": {
            "year_quarter": 20164,
            "year": 2016,
            "quarter": 4,
            "eps": 1.02,
            "eps_growth_year": 48.14,
            "eps_4q": 5.96,
            "eps_4q_growth_year": 70.11,
            "roe": 1.86,
            "roe_4q": 11.46,
            "gross_profit": 201333,
            "gross_margin": 32.86,
            "gross_margin_4q_avg": 32.92,
            "net_income": 30043,
            "net_income_4q": null,
            "revenue": 612748,
            "revenue_4q": null,
            "common_shares": 331564,
            "book_valuer_per_share": 47.79,
            "book_valuer_per_share_4q_avg": 46.84,
            "equity": 1627966,
            "current_ratio": 288.43,
            "debt_ratio": 29.08,
            "inventory_turnover_ratio": 0.79,
            "account_receivable_turnover_ratio": 1.01,
            "reinvestment_rate": -7.85,
            "research_to_sale_ratio": 13.66,
            "price_fair": 174.3,
            "eps_avg_yearly": 4.98,
            "eps_latest_yearly": 4.08,
            "eps_growth_yearly": 263.15
        },
        "20171": {
            "year_quarter": 20171,
            "year": 2017,
            "quarter": 1,
            "eps": 0.85,
            "eps_growth_year": -38.85,
            "eps_4q": 5.43,
            "eps_4q_growth_year": 13.38,
            "roe": 1.42,
            "roe_4q": 10.29,
            "gross_profit": 184258,
            "gross_margin": 30.2,
            "gross_margin_4q_avg": 31.74,
            "net_income": 23164,
            "net_income_4q": null,
            "revenue": 610145,
            "revenue_4q": null,
            "common_shares": 331564,
            "book_valuer_per_share": 48.33,
            "book_valuer_per_share_4q_avg": 47.08,
            "equity": 1638064,
            "current_ratio": 356.53,
            "debt_ratio": 23.18,
            "inventory_turnover_ratio": 0.73,
            "account_receivable_turnover_ratio": 1,
            "reinvestment_rate": 8.35,
            "research_to_sale_ratio": 13.51,
            "price_fair": 176.58,
            "eps_avg_yearly": 5.05,
            "eps_latest_yearly": 3.4,
            "eps_growth_yearly": 270.2
        },
        "20172": {
            "year_quarter": 20172,
            "year": 2017,
            "quarter": 2,
            "eps": 0.44,
            "eps_growth_year": -75.82,
            "eps_4q": 3.88,
            "eps_4q_growth_year": -29.36,
            "roe": 0.62,
            "roe_4q": 7.290000000000001,
            "gross_profit": 149562,
            "gross_margin": 22.67,
            "gross_margin_4q_avg": 29.3,
            "net_income": 9785,
            "net_income_4q": null,
            "revenue": 659864,
            "revenue_4q": null,
            "common_shares": 331564,
            "book_valuer_per_share": 45.49,
            "book_valuer_per_share_4q_avg": 47.08,
            "equity": 1539174,
            "current_ratio": 236.6,
            "debt_ratio": 35.32,
            "inventory_turnover_ratio": 0.88,
            "account_receivable_turnover_ratio": 0.94,
            "reinvestment_rate": 8.29,
            "research_to_sale_ratio": 12.92,
            "price_fair": 168.26,
            "eps_avg_yearly": 4.81,
            "eps_latest_yearly": 1.76,
            "eps_growth_yearly": 224.24
        },
        "20173": {
            "year_quarter": 20173,
            "year": 2017,
            "quarter": 3,
            "eps": 1.52,
            "eps_growth_year": -15.56,
            "eps_4q": 3.69,
            "eps_4q_growth_year": -34.27,
            "roe": 3.09,
            "roe_4q": 6.99,
            "gross_profit": 218206,
            "gross_margin": 29.87,
            "gross_margin_4q_avg": 28.9,
            "net_income": 48386,
            "net_income_4q": null,
            "revenue": 730573,
            "revenue_4q": null,
            "common_shares": 348102,
            "book_valuer_per_share": 45.01,
            "book_valuer_per_share_4q_avg": 46.66,
            "equity": 1595309,
            "current_ratio": 261.26,
            "debt_ratio": 31.88,
            "inventory_turnover_ratio": 0.9,
            "account_receivable_turnover_ratio": 1,
            "reinvestment_rate": 6.2,
            "research_to_sale_ratio": 14.74,
            "price_fair": 164.76,
            "eps_avg_yearly": 4.71,
            "eps_latest_yearly": 6.08,
            "eps_growth_yearly": 276.08
        },
        "20174": {
            "year_quarter": 20174,
            "year": 2017,
            "quarter": 4,
            "eps": 1.3,
            "eps_growth_year": 26.66,
            "eps_4q": 4.02,
            "eps_4q_growth_year": -32.64,
            "roe": 2.56,
            "roe_4q": 7.69,
            "gross_profit": 211202,
            "gross_margin": 29.54,
            "gross_margin_4q_avg": 28.07,
            "net_income": 41752,
            "net_income_4q": null,
            "revenue": 715077,
            "revenue_4q": null,
            "common_shares": 347942,
            "book_valuer_per_share": 47.14,
            "book_valuer_per_share_4q_avg": 46.49,
            "equity": 1665375,
            "current_ratio": 341.39,
            "debt_ratio": 35.51,
            "inventory_turnover_ratio": 0.94,
            "account_receivable_turnover_ratio": 1,
            "reinvestment_rate": 8.19,
            "research_to_sale_ratio": 16.39,
            "price_fair": 167.83,
            "eps_avg_yearly": 4.8,
            "eps_latest_yearly": 5.2,
            "eps_growth_yearly": 285.09
        },
        "20181": {
            "year_quarter": 20181,
            "year": 2018,
            "quarter": 1,
            "eps": 1.29,
            "eps_growth_year": 51.76,
            "eps_4q": 4.5,
            "eps_4q_growth_year": -17.23,
            "roe": 2.35,
            "roe_4q": 8.62,
            "gross_profit": 234012,
            "gross_margin": 34.19,
            "gross_margin_4q_avg": 29.07,
            "net_income": 39715,
            "net_income_4q": null,
            "revenue": 684355,
            "revenue_4q": null,
            "common_shares": 347702,
            "book_valuer_per_share": 48.58,
            "book_valuer_per_share_4q_avg": 46.56,
            "equity": 1709414,
            "current_ratio": 320,
            "debt_ratio": 37,
            "inventory_turnover_ratio": 0.81,
            "account_receivable_turnover_ratio": 0.94,
            "reinvestment_rate": -7.65,
            "research_to_sale_ratio": 16,
            "price_fair": 169.93,
            "eps_avg_yearly": 4.86,
            "eps_latest_yearly": 5.16,
            "eps_growth_yearly": 282.26
        },
        "20182": {
            "year_quarter": 20182,
            "year": 2018,
            "quarter": 2,
            "eps": 2.75,
            "eps_growth_year": 525,
            "eps_4q": 6,
            "eps_4q_growth_year": 54.55,
            "roe": 4.97,
            "roe_4q": 12.97,
            "gross_profit": 297393,
            "gross_margin": 35.35,
            "gross_margin_4q_avg": 32.24,
            "net_income": 89462,
            "net_income_4q": null,
            "revenue": 841319,
            "revenue_4q": null,
            "common_shares": 378173,
            "book_valuer_per_share": 49.9,
            "book_valuer_per_share_4q_avg": 47.66,
            "equity": 1894188,
            "current_ratio": 268.36,
            "debt_ratio": 35.15,
            "inventory_turnover_ratio": 0.87,
            "account_receivable_turnover_ratio": 1.02,
            "reinvestment_rate": -6.33,
            "research_to_sale_ratio": 14.36,
            "price_fair": 182.09,
            "eps_avg_yearly": 5.2,
            "eps_latest_yearly": 11,
            "eps_growth_yearly": 303.18
        },
        "20183": {
            "year_quarter": 20183,
            "year": 2018,
            "quarter": 3,
            "eps": 1.8,
            "eps_growth_year": 18.42,
            "eps_4q": 6.38,
            "eps_4q_growth_year": 72.6,
            "roe": 3.62,
            "roe_4q": 13.5,
            "gross_profit": 280347,
            "gross_margin": 34.26,
            "gross_margin_4q_avg": 33.34,
            "net_income": 70377,
            "net_income_4q": null,
            "revenue": 818172,
            "revenue_4q": null,
            "common_shares": 402330,
            "book_valuer_per_share": 49.51,
            "book_valuer_per_share_4q_avg": 48.78,
            "equity": 1993256,
            "current_ratio": 280.74,
            "debt_ratio": 32.17,
            "inventory_turnover_ratio": 0.81,
            "account_receivable_turnover_ratio": 0.87,
            "reinvestment_rate": -13.8,
            "research_to_sale_ratio": 14.62,
            "price_fair": 186.55,
            "eps_avg_yearly": 5.33,
            "eps_latest_yearly": 7.2,
            "eps_growth_yearly": 295.83
        },
        "20184": {
            "year_quarter": 20184,
            "year": 2018,
            "quarter": 4,
            "eps": 1.39,
            "eps_growth_year": 7.05,
            "eps_4q": 6.56,
            "eps_4q_growth_year": 63.42,
            "roe": 2.77,
            "roe_4q": 13.709999999999999,
            "gross_profit": 209276,
            "gross_margin": 32.63,
            "gross_margin_4q_avg": 34.11,
            "net_income": 56600,
            "net_income_4q": null,
            "revenue": 641276,
            "revenue_4q": null,
            "common_shares": 408412,
            "book_valuer_per_share": 51.07,
            "book_valuer_per_share_4q_avg": 49.77,
            "equity": 2086814,
            "current_ratio": 370.32,
            "debt_ratio": 23.45,
            "inventory_turnover_ratio": 0.61,
            "account_receivable_turnover_ratio": 0.78,
            "reinvestment_rate": -20.86,
            "research_to_sale_ratio": 15.96,
            "price_fair": 182.7,
            "eps_avg_yearly": 5.22,
            "eps_latest_yearly": 5.56,
            "eps_growth_yearly": 279.67
        },
        "20191": {
            "year_quarter": 20191,
            "year": 2019,
            "quarter": 1,
            "eps": 1.62,
            "eps_growth_year": 25.58,
            "eps_4q": 7.07,
            "eps_4q_growth_year": 57.28,
            "roe": 3.09,
            "roe_4q": 14.45,
            "gross_profit": 245981,
            "gross_margin": 35.48,
            "gross_margin_4q_avg": 34.43,
            "net_income": 65914,
            "net_income_4q": null,
            "revenue": 693358,
            "revenue_4q": null,
            "common_shares": 407287,
            "book_valuer_per_share": 53.45,
            "book_valuer_per_share_4q_avg": 50.98,
            "equity": 2177976,
            "current_ratio": 377.43,
            "debt_ratio": 23.17,
            "inventory_turnover_ratio": 0.62,
            "account_receivable_turnover_ratio": 0.96,
            "reinvestment_rate": -19.88,
            "research_to_sale_ratio": 16.39,
            "price_fair": 195.91,
            "eps_avg_yearly": 5.6,
            "eps_latest_yearly": 6.48,
            "eps_growth_yearly": 307.3
        },
        "20192": {
            "year_quarter": 20192,
            "year": 2019,
            "quarter": 2,
            "eps": 2.38,
            "eps_growth_year": -13.45,
            "eps_4q": 7.11,
            "eps_4q_growth_year": 18.55,
            "roe": 4.58,
            "roe_4q": 14.059999999999999,
            "gross_profit": 288837,
            "gross_margin": 35.5,
            "gross_margin_4q_avg": 34.47,
            "net_income": 97241,
            "net_income_4q": null,
            "revenue": 813729,
            "revenue_4q": null,
            "common_shares": 407287,
            "book_valuer_per_share": 50.84,
            "book_valuer_per_share_4q_avg": 51.22,
            "equity": 2071954,
            "current_ratio": 269.36,
            "debt_ratio": 32.52,
            "inventory_turnover_ratio": 0.76,
            "account_receivable_turnover_ratio": 1.06,
            "reinvestment_rate": -17.43,
            "research_to_sale_ratio": 14.88,
            "price_fair": 206.94,
            "eps_avg_yearly": 5.91,
            "eps_latest_yearly": 9.52,
            "eps_growth_yearly": 89.48
        },
        "20193": {
            "year_quarter": 20193,
            "year": 2019,
            "quarter": 3,
            "eps": 0.66,
            "eps_growth_year": -63.33,
            "eps_4q": 6.03,
            "eps_4q_growth_year": -5.51,
            "roe": 1.29,
            "roe_4q": 11.73,
            "gross_profit": 199049,
            "gross_margin": 31.02,
            "gross_margin_4q_avg": 33.66,
            "net_income": 26868,
            "net_income_4q": null,
            "revenue": 641668,
            "revenue_4q": null,
            "common_shares": 409451,
            "book_valuer_per_share": 50.92,
            "book_valuer_per_share_4q_avg": 51.57,
            "equity": 2086137,
            "current_ratio": 351.47,
            "debt_ratio": 24.51,
            "inventory_turnover_ratio": 0.65,
            "account_receivable_turnover_ratio": 0.85,
            "reinvestment_rate": -15.39,
            "research_to_sale_ratio": 16.95,
            "price_fair": 198.8,
            "eps_avg_yearly": 5.68,
            "eps_latest_yearly": 2.64,
            "eps_growth_yearly": 60.93
        },
        "20194": {
            "year_quarter": 20194,
            "year": 2019,
            "quarter": 4,
            "eps": 0.97,
            "eps_growth_year": -30.01,
            "eps_4q": 5.61,
            "eps_4q_growth_year": -14.51,
            "roe": 1.89,
            "roe_4q": 10.85,
            "gross_profit": 204835,
            "gross_margin": 31.18,
            "gross_margin_4q_avg": 33.3,
            "net_income": 39731,
            "net_income_4q": null,
            "revenue": 657034,
            "revenue_4q": null,
            "common_shares": 409451,
            "book_valuer_per_share": 51.85,
            "book_valuer_per_share_4q_avg": 51.77,
            "equity": 2124328,
            "current_ratio": 447.11,
            "debt_ratio": 19.47,
            "inventory_turnover_ratio": 0.71,
            "account_receivable_turnover_ratio": 0.94,
            "reinvestment_rate": -13.65,
            "research_to_sale_ratio": 17.46,
            "price_fair": 201.25,
            "eps_avg_yearly": 5.75,
            "eps_latest_yearly": 3.88,
            "eps_growth_yearly": 86.82
        },
        "20201": {
            "year_quarter": 20201,
            "year": 2020,
            "quarter": 1,
            "eps": 0.42,
            "eps_growth_year": -74.07,
            "eps_4q": 4.42,
            "eps_4q_growth_year": -37.51,
            "roe": 0.8,
            "roe_4q": 8.56,
            "gross_profit": 181822,
            "gross_margin": 33.2,
            "gross_margin_4q_avg": 32.73,
            "net_income": 17022,
            "net_income_4q": null,
            "revenue": 547703,
            "revenue_4q": null,
            "common_shares": 409451,
            "book_valuer_per_share": 52.19,
            "book_valuer_per_share_4q_avg": 51.45,
            "equity": 2137941,
            "current_ratio": 433.64,
            "debt_ratio": 19.78,
            "inventory_turnover_ratio": 0.6,
            "account_receivable_turnover_ratio": 0.81,
            "reinvestment_rate": -11.79,
            "research_to_sale_ratio": 20.2,
            "price_fair": 192.76,
            "eps_avg_yearly": 5.51,
            "eps_latest_yearly": 1.68,
            "eps_growth_yearly": 47.28
        },
        "20202": {
            "year_quarter": 20202,
            "year": 2020,
            "quarter": 2,
            "eps": 0.33,
            "eps_growth_year": -86.13,
            "eps_4q": 2.37,
            "eps_4q_growth_year": -66.69,
            "roe": 0.65,
            "roe_4q": 4.63,
            "gross_profit": 122465,
            "gross_margin": 34.84,
            "gross_margin_4q_avg": 32.56,
            "net_income": 13315,
            "net_income_4q": null,
            "revenue": 351485,
            "revenue_4q": null,
            "common_shares": 409451,
            "book_valuer_per_share": 47.87,
            "book_valuer_per_share_4q_avg": 50.71,
            "equity": 1961058,
            "current_ratio": 377.85,
            "debt_ratio": 22.35,
            "inventory_turnover_ratio": 0.35,
            "account_receivable_turnover_ratio": 0.61,
            "reinvestment_rate": -10.14,
            "research_to_sale_ratio": 27.5,
            "price_fair": 179.73,
            "eps_avg_yearly": 5.14,
            "eps_latest_yearly": 1.32,
            "eps_growth_yearly": 34.19
        },
        "20203": {
            "year_quarter": 20203,
            "year": 2020,
            "quarter": 3,
            "eps": 0.08,
            "eps_growth_year": -87.88,
            "eps_4q": 1.65,
            "eps_4q_growth_year": -72.57,
            "roe": 0.16,
            "roe_4q": 3.5,
            "gross_profit": 142569,
            "gross_margin": 32.35,
            "gross_margin_4q_avg": 32.89,
            "net_income": 3276,
            "net_income_4q": null,
            "revenue": 440672,
            "revenue_4q": null,
            "common_shares": 444451,
            "book_valuer_per_share": 50.32,
            "book_valuer_per_share_4q_avg": 50.56,
            "equity": 2237567,
            "current_ratio": 565.86,
            "debt_ratio": 14.85,
            "inventory_turnover_ratio": 0.45,
            "account_receivable_turnover_ratio": 0.92,
            "reinvestment_rate": -8.94,
            "research_to_sale_ratio": 23.12,
            "price_fair": 120.1,
            "eps_avg_yearly": 4.71,
            "eps_latest_yearly": 0.32,
            "eps_growth_yearly": 15.53
        },
        "20204": {
            "year_quarter": 20204,
            "year": 2020,
            "quarter": 4,
            "eps": 0.77,
            "eps_growth_year": -20.55,
            "eps_4q": 1.53,
            "eps_4q_growth_year": -72.74,
            "roe": 1.52,
            "roe_4q": 3.13,
            "gross_profit": 203841,
            "gross_margin": 36.31,
            "gross_margin_4q_avg": 34.18,
            "net_income": 34296,
            "net_income_4q": null,
            "revenue": 561364,
            "revenue_4q": null,
            "common_shares": 444451,
            "book_valuer_per_share": 51.25,
            "book_valuer_per_share_4q_avg": 50.41,
            "equity": 2278790,
            "current_ratio": 499,
            "debt_ratio": 16.97,
            "inventory_turnover_ratio": 0.6,
            "account_receivable_turnover_ratio": 1,
            "reinvestment_rate": -1.07,
            "research_to_sale_ratio": 23.69,
            "price_fair": 162.49,
            "eps_avg_yearly": 4.64,
            "eps_latest_yearly": 3.08,
            "eps_growth_yearly": 241.98
        },
        "20211": {
            "year_quarter": 20211,
            "year": 2021,
            "quarter": 1,
            "eps": 0.71,
            "eps_growth_year": 69.05,
            "eps_4q": 1.85,
            "eps_4q_growth_year": -58.05,
            "roe": 1.37,
            "roe_4q": 3.7,
            "gross_profit": 223686,
            "gross_margin": 38.81,
            "gross_margin_4q_avg": 35.58,
            "net_income": 31484,
            "net_income_4q": null,
            "revenue": 576290,
            "revenue_4q": null,
            "common_shares": 444451,
            "book_valuer_per_share": 51.91,
            "book_valuer_per_share_4q_avg": 50.34,
            "equity": 2308236,
            "current_ratio": 418.47,
            "debt_ratio": 19.94,
            "inventory_turnover_ratio": 0.61,
            "account_receivable_turnover_ratio": 0.87,
            "reinvestment_rate": 3.14,
            "research_to_sale_ratio": 26.19,
            "price_fair": 161.26,
            "eps_avg_yearly": 4.61,
            "eps_latest_yearly": 2.84,
            "eps_growth_yearly": 244.2
        },
        "20212": {
            "year_quarter": 20212,
            "year": 2021,
            "quarter": 2,
            "eps": 2.84,
            "eps_growth_year": 760.61,
            "eps_4q": 4.4,
            "eps_4q_growth_year": 85.56,
            "roe": 5.33,
            "roe_4q": 8.38,
            "gross_profit": 325679,
            "gross_margin": 39.45,
            "gross_margin_4q_avg": 36.73,
            "net_income": 126380,
            "net_income_4q": null,
            "revenue": 825635,
            "revenue_4q": null,
            "common_shares": 444451,
            "book_valuer_per_share": 27.33,
            "book_valuer_per_share_4q_avg": 45.2,
            "equity": 2430183,
            "current_ratio": 350.08,
            "debt_ratio": 23.84,
            "inventory_turnover_ratio": 0.86,
            "account_receivable_turnover_ratio": 1,
            "reinvestment_rate": 5.34,
            "research_to_sale_ratio": 16.04,
            "price_fair": 182.26,
            "eps_avg_yearly": 5.21,
            "eps_latest_yearly": 11.36,
            "eps_growth_yearly": 331.26
        },
        "20213": {
            "year_quarter": 20213,
            "year": 2021,
            "quarter": 3,
            "eps": 6.02,
            "eps_growth_year": 7425,
            "eps_4q": 10.35,
            "eps_4q_growth_year": 526,
            "roe": 10.63,
            "roe_4q": 18.85,
            "gross_profit": 552121,
            "gross_margin": 52.88,
            "gross_margin_4q_avg": 41.86,
            "net_income": 267723,
            "net_income_4q": null,
            "revenue": 1044188,
            "revenue_4q": null,
            "common_shares": 444451,
            "book_valuer_per_share": 58.65,
            "book_valuer_per_share_4q_avg": 47.29,
            "equity": 2607757,
            "current_ratio": 321.59,
            "debt_ratio": 26.32,
            "inventory_turnover_ratio": 0.82,
            "account_receivable_turnover_ratio": 1.01,
            "reinvestment_rate": 6.06,
            "research_to_sale_ratio": 16.02,
            "price_fair": 221.64,
            "eps_avg_yearly": 6.33,
            "eps_latest_yearly": 24.08,
            "eps_growth_yearly": 297.89
        },
        "20214": {
            "year_quarter": 20214,
            "year": 2021,
            "quarter": 4,
            "eps": 3.12,
            "eps_growth_year": 303.9,
            "eps_4q": 12.69,
            "eps_4q_growth_year": 729.68,
            "roe": 5.17,
            "roe_4q": 22.500000000000004,
            "gross_profit": 366073,
            "gross_margin": 50.23,
            "gross_margin_4q_avg": 45.34,
            "net_income": 138579,
            "net_income_4q": null,
            "revenue": 728752,
            "revenue_4q": null,
            "common_shares": 444451,
            "book_valuer_per_share": 61.84,
            "book_valuer_per_share_4q_avg": 49.93,
            "equity": 2749472,
            "current_ratio": 362.2,
            "debt_ratio": 23.8,
            "inventory_turnover_ratio": 0.54,
            "account_receivable_turnover_ratio": 0.73,
            "reinvestment_rate": 6.07,
            "research_to_sale_ratio": 19.82,
            "price_fair": 237.56,
            "eps_avg_yearly": 6.79,
            "eps_latest_yearly": 12.48,
            "eps_growth_yearly": 289.47
        },
        "20221": {
            "year_quarter": 20221,
            "year": 2022,
            "quarter": 1,
            "eps": 2.92,
            "eps_growth_year": 311.27,
            "eps_4q": 14.91,
            "eps_4q_growth_year": 704.05,
            "roe": 4.92,
            "roe_4q": 26.049999999999997,
            "gross_profit": 370730,
            "gross_margin": 50.43,
            "gross_margin_4q_avg": 48.25,
            "net_income": 129955,
            "net_income_4q": null,
            "revenue": 735199,
            "revenue_4q": null,
            "common_shares": 444451,
            "book_valuer_per_share": 56.99,
            "book_valuer_per_share_4q_avg": 51.2,
            "equity": 2534031,
            "current_ratio": 282.83,
            "debt_ratio": 30.43,
            "inventory_turnover_ratio": 0.48,
            "account_receivable_turnover_ratio": 0.86,
            "reinvestment_rate": 13.29,
            "research_to_sale_ratio": 22.28,
            "price_fair": 251.83,
            "eps_avg_yearly": 7.2,
            "eps_latest_yearly": 11.68,
            "eps_growth_yearly": 288.06
        },
        "20222": {
            "year_quarter": 20222,
            "year": 2022,
            "quarter": 2,
            "eps": 3.09,
            "eps_growth_year": 8.8,
            "eps_4q": 15.16,
            "eps_4q_growth_year": 244.64,
            "roe": 5.28,
            "roe_4q": 26,
            "gross_profit": 391851,
            "gross_margin": 49.06,
            "gross_margin_4q_avg": 50.65,
            "net_income": 137401,
            "net_income_4q": null,
            "revenue": 798673,
            "revenue_4q": null,
            "common_shares": 444451,
            "book_valuer_per_share": 59.97,
            "book_valuer_per_share_4q_avg": 59.36,
            "equity": 2666333,
            "current_ratio": 280.92,
            "debt_ratio": 32.07,
            "inventory_turnover_ratio": 0.47,
            "account_receivable_turnover_ratio": 0.94,
            "reinvestment_rate": 13.44,
            "research_to_sale_ratio": 21.89,
            "price_fair": 254.8,
            "eps_avg_yearly": 7.28,
            "eps_latest_yearly": 12.36,
            "eps_growth_yearly": 261.22
        },
        "20223": {
            "year_quarter": 20223,
            "year": 2022,
            "quarter": 3,
            "eps": 0.6,
            "eps_growth_year": -90.03,
            "eps_4q": 9.73,
            "eps_4q_growth_year": -5.95,
            "roe": 0.99,
            "roe_4q": 16.36,
            "gross_profit": 208587,
            "gross_margin": 41.13,
            "gross_margin_4q_avg": 47.71,
            "net_income": 26624,
            "net_income_4q": null,
            "revenue": 507174,
            "revenue_4q": null,
            "common_shares": 444451,
            "book_valuer_per_share": 60.63,
            "book_valuer_per_share_4q_avg": 59.86,
            "equity": 2695563,
            "current_ratio": 418.66,
            "debt_ratio": 20.56,
            "inventory_turnover_ratio": 0.3,
            "account_receivable_turnover_ratio": 0.66,
            "reinvestment_rate": 15.6,
            "research_to_sale_ratio": 27.51,
            "price_fair": 244.3,
            "eps_avg_yearly": 6.98,
            "eps_latest_yearly": 2.4,
            "eps_growth_yearly": 249.71
        },
        "20224": {
            "year_quarter": 20224,
            "year": 2022,
            "quarter": 4,
            "eps": -0.17,
            "eps_growth_year": -105.51,
            "eps_4q": 6.44,
            "eps_4q_growth_year": -49.24,
            "roe": -0.28,
            "roe_4q": 10.91,
            "gross_profit": 187726,
            "gross_margin": 38.05,
            "gross_margin_4q_avg": 44.67,
            "net_income": -7635,
            "net_income_4q": null,
            "revenue": 493402,
            "revenue_4q": null,
            "common_shares": 444451,
            "book_valuer_per_share": 60.42,
            "book_valuer_per_share_4q_avg": 59.5,
            "equity": 2686605,
            "current_ratio": 521.98,
            "debt_ratio": 16.38,
            "inventory_turnover_ratio": 0.3,
            "account_receivable_turnover_ratio": 0.81,
            "reinvestment_rate": 15.38,
            "research_to_sale_ratio": 27.64,
            "price_fair": 247.61,
            "eps_avg_yearly": 7.07,
            "eps_latest_yearly": 2.4,
            "eps_growth_yearly": 272.43
        },
        "20231": {
            "year_quarter": 20231,
            "year": 2023,
            "quarter": 1,
            "eps": -0.19,
            "eps_growth_year": -106.51,
            "eps_4q": 3.32,
            "eps_4q_growth_year": -77.7,
            "roe": -0.33,
            "roe_4q": 5.66,
            "gross_profit": 185459,
            "gross_margin": 39.43,
            "gross_margin_4q_avg": 41.92,
            "net_income": -8638,
            "net_income_4q": null,
            "revenue": 470402,
            "revenue_4q": null,
            "common_shares": 444451,
            "book_valuer_per_share": 56.28,
            "book_valuer_per_share_4q_avg": 59.33,
            "equity": 2502446,
            "current_ratio": 421.29,
            "debt_ratio": 19.69,
            "inventory_turnover_ratio": 0.33,
            "account_receivable_turnover_ratio": 0.9,
            "reinvestment_rate": 19.9,
            "research_to_sale_ratio": 29.27,
            "price_fair": 249.1,
            "eps_avg_yearly": 7.12,
            "eps_latest_yearly": 2.4,
            "eps_growth_yearly": 287.16
        },
        "20232": {
            "year_quarter": 20232,
            "year": 2023,
            "quarter": 2,
            "eps": -0.23,
            "eps_growth_year": -107.44,
            "eps_4q": -0,
            "eps_4q_growth_year": -100.01,
            "roe": -0.42,
            "roe_4q": -0.040000000000000036,
            "gross_profit": 178594,
            "gross_margin": 38.6,
            "gross_margin_4q_avg": 39.3,
            "net_income": -10419,
            "net_income_4q": null,
            "revenue": 462730,
            "revenue_4q": null,
            "common_shares": 444451,
            "book_valuer_per_share": 55.79,
            "book_valuer_per_share_4q_avg": 58.28,
            "equity": 2480533,
            "current_ratio": 439.18,
            "debt_ratio": 18.79,
            "inventory_turnover_ratio": 0.4,
            "account_receivable_turnover_ratio": 0.89,
            "reinvestment_rate": 20.77,
            "research_to_sale_ratio": 29.01,
            "price_fair": 242.63,
            "eps_avg_yearly": 6.93,
            "eps_latest_yearly": 2.4,
            "eps_growth_yearly": 294.82
        },
        "20233": {
            "year_quarter": 20233,
            "year": 2023,
            "quarter": 3,
            "eps": 0.31,
            "eps_growth_year": -48.33,
            "eps_4q": -0.3,
            "eps_4q_growth_year": -103.04,
            "roe": 0.54,
            "roe_4q": -0.49,
            "gross_profit": 202167,
            "gross_margin": 41.92,
            "gross_margin_4q_avg": 39.5,
            "net_income": 13565,
            "net_income_4q": null,
            "revenue": 482296,
            "revenue_4q": null,
            "common_shares": 444451,
            "book_valuer_per_share": 56.28,
            "book_valuer_per_share_4q_avg": 57.19,
            "equity": 2501565,
            "current_ratio": 614.55,
            "debt_ratio": 13.56,
            "inventory_turnover_ratio": 0.49,
            "account_receivable_turnover_ratio": 0.86,
            "reinvestment_rate": 18.31,
            "research_to_sale_ratio": 29.83,
            "price_fair": 255.15,
            "eps_avg_yearly": 7.29,
            "eps_latest_yearly": 2.4,
            "eps_growth_yearly": 343.47
        },
        "20234": {
            "year_quarter": 20234,
            "year": 2023,
            "quarter": 4,
            "eps": -0.15,
            "eps_growth_year": null,
            "eps_4q": -0.28,
            "eps_4q_growth_year": -104.31,
            "roe": -0.27,
            "roe_4q": -0.48,
            "gross_profit": 189126,
            "gross_margin": 42.9,
            "gross_margin_4q_avg": 40.71,
            "net_income": -6854,
            "net_income_4q": null,
            "revenue": 440896,
            "revenue_4q": null,
            "common_shares": 444451,
            "book_valuer_per_share": 55.93,
            "book_valuer_per_share_4q_avg": 56.07,
            "equity": 2485741,
            "current_ratio": 686.42,
            "debt_ratio": 12.13,
            "inventory_turnover_ratio": 0.51,
            "account_receivable_turnover_ratio": 0.76,
            "reinvestment_rate": 13.66,
            "research_to_sale_ratio": 30.5,
            "price_fair": 266,
            "eps_avg_yearly": 7.6,
            "eps_latest_yearly": 2.4,
            "eps_growth_yearly": 357.62
        }
    },
    "months": {
        "2006-09": {
            "month": "2006-09",
            "price": "239.36",
            "revenue": 76133
        },
        "2006-10": {
            "month": "2006-10",
            "price": "249.56",
            "revenue": 77499
        },
        "2006-11": {
            "month": "2006-11",
            "price": "202.50",
            "revenue": 74481
        },
        "2006-12": {
            "month": "2006-12",
            "price": "187.08",
            "revenue": 64208
        },
        "2007-01": {
            "month": "2007-01",
            "price": "203.85",
            "revenue": 64143
        },
        "2007-02": {
            "month": "2007-02",
            "price": "220.66",
            "revenue": 54263
        },
        "2007-03": {
            "month": "2007-03",
            "price": "241.64",
            "revenue": 93861
        },
        "2007-04": {
            "month": "2007-04",
            "price": "253.86",
            "revenue": 77988
        },
        "2007-05": {
            "month": "2007-05",
            "price": "276.34",
            "revenue": 108342
        },
        "2007-06": {
            "month": "2007-06",
            "price": "303.61",
            "revenue": 110712
        },
        "2007-07": {
            "month": "2007-07",
            "price": "335.70",
            "revenue": 118990
        },
        "2007-08": {
            "month": "2007-08",
            "price": "307.77",
            "revenue": 117280
        },
        "2007-09": {
            "month": "2007-09",
            "price": "287.61",
            "revenue": 120168
        },
        "2007-10": {
            "month": "2007-10",
            "price": "360.33",
            "revenue": 124300
        },
        "2007-11": {
            "month": "2007-11",
            "price": "303.95",
            "revenue": 116617
        },
        "2007-12": {
            "month": "2007-12",
            "price": "245.64",
            "revenue": 97997
        },
        "2008-01": {
            "month": "2008-01",
            "price": "198.64",
            "revenue": 102533
        },
        "2008-02": {
            "month": "2008-02",
            "price": "173.07",
            "revenue": 81679
        },
        "2008-03": {
            "month": "2008-03",
            "price": "200.10",
            "revenue": 108362
        },
        "2008-04": {
            "month": "2008-04",
            "price": "220.24",
            "revenue": 111418
        },
        "2008-05": {
            "month": "2008-05",
            "price": "269.64",
            "revenue": 114075
        },
        "2008-06": {
            "month": "2008-06",
            "price": "243.64",
            "revenue": 114080
        },
        "2008-07": {
            "month": "2008-07",
            "price": "182.39",
            "revenue": 123633
        },
        "2008-08": {
            "month": "2008-08",
            "price": "161.40",
            "revenue": 117617
        },
        "2008-09": {
            "month": "2008-09",
            "price": "116.26",
            "revenue": 116717
        },
        "2008-10": {
            "month": "2008-10",
            "price": "86.54",
            "revenue": 100095
        },
        "2008-11": {
            "month": "2008-11",
            "price": "77.62",
            "revenue": 95317
        },
        "2008-12": {
            "month": "2008-12",
            "price": "74.07",
            "revenue": 108139
        },
        "2009-01": {
            "month": "2009-01",
            "price": "83.64",
            "revenue": 60964
        },
        "2009-02": {
            "month": "2009-02",
            "price": "101.99",
            "revenue": 81906
        },
        "2009-03": {
            "month": "2009-03",
            "price": "122.64",
            "revenue": 114296
        },
        "2009-04": {
            "month": "2009-04",
            "price": "141.14",
            "revenue": 103948
        },
        "2009-05": {
            "month": "2009-05",
            "price": "160.47",
            "revenue": 91028
        },
        "2009-06": {
            "month": "2009-06",
            "price": "147.28",
            "revenue": 101349
        },
        "2009-07": {
            "month": "2009-07",
            "price": "146.80",
            "revenue": 115149
        },
        "2009-08": {
            "month": "2009-08",
            "price": "117.30",
            "revenue": 142374
        },
        "2009-09": {
            "month": "2009-09",
            "price": "126.20",
            "revenue": 139709
        },
        "2009-10": {
            "month": "2009-10",
            "price": "127.41",
            "revenue": 129154
        },
        "2009-11": {
            "month": "2009-11",
            "price": "133.67",
            "revenue": 128822
        },
        "2009-12": {
            "month": "2009-12",
            "price": "138.93",
            "revenue": 114211
        },
        "2010-01": {
            "month": "2010-01",
            "price": "135.18",
            "revenue": 125160
        },
        "2010-02": {
            "month": "2010-02",
            "price": "111.89",
            "revenue": 94524
        },
        "2010-03": {
            "month": "2010-03",
            "price": "119.89",
            "revenue": 136718
        },
        "2010-04": {
            "month": "2010-04",
            "price": "133.71",
            "revenue": 202386
        },
        "2010-05": {
            "month": "2010-05",
            "price": "148.26",
            "revenue": 178990
        },
        "2010-06": {
            "month": "2010-06",
            "price": "138.90",
            "revenue": 176405
        },
        "2010-07": {
            "month": "2010-07",
            "price": "140.02",
            "revenue": 164453
        },
        "2010-08": {
            "month": "2010-08",
            "price": "137.05",
            "revenue": 187145
        },
        "2010-09": {
            "month": "2010-09",
            "price": "137.45",
            "revenue": 191551
        },
        "2010-10": {
            "month": "2010-10",
            "price": "154.55",
            "revenue": 156887
        },
        "2010-11": {
            "month": "2010-11",
            "price": "153.00",
            "revenue": 144201
        },
        "2010-12": {
            "month": "2010-12",
            "price": "151.13",
            "revenue": 157885
        },
        "2011-01": {
            "month": "2011-01",
            "price": "138.75",
            "revenue": 131266
        },
        "2011-02": {
            "month": "2011-02",
            "price": "136.07",
            "revenue": 95282
        },
        "2011-03": {
            "month": "2011-03",
            "price": "126.04",
            "revenue": 165229
        },
        "2011-04": {
            "month": "2011-04",
            "price": "127.84",
            "revenue": 186579
        },
        "2011-05": {
            "month": "2011-05",
            "price": "135.71",
            "revenue": 165717
        },
        "2011-06": {
            "month": "2011-06",
            "price": "129.19",
            "revenue": 194981
        },
        "2011-07": {
            "month": "2011-07",
            "price": "117.45",
            "revenue": 178072
        },
        "2011-08": {
            "month": "2011-08",
            "price": "100.13",
            "revenue": 180605
        },
        "2011-09": {
            "month": "2011-09",
            "price": "91.46",
            "revenue": 206782
        },
        "2011-10": {
            "month": "2011-10",
            "price": "99.04",
            "revenue": 192437
        },
        "2011-11": {
            "month": "2011-11",
            "price": "97.35",
            "revenue": 185854
        },
        "2011-12": {
            "month": "2011-12",
            "price": "89.74",
            "revenue": 219951
        },
        "2012-01": {
            "month": "2012-01",
            "price": "97.10",
            "revenue": 155309
        },
        "2012-02": {
            "month": "2012-02",
            "price": "123.70",
            "revenue": 158195
        },
        "2012-03": {
            "month": "2012-03",
            "price": "130.15",
            "revenue": 219189
        },
        "2012-04": {
            "month": "2012-04",
            "price": "127.98",
            "revenue": 218361
        },
        "2012-05": {
            "month": "2012-05",
            "price": "129.84",
            "revenue": 222477
        },
        "2012-06": {
            "month": "2012-06",
            "price": "123.55",
            "revenue": 244661
        },
        "2012-07": {
            "month": "2012-07",
            "price": "123.91",
            "revenue": 210153
        },
        "2012-08": {
            "month": "2012-08",
            "price": "129.57",
            "revenue": 229469
        },
        "2012-09": {
            "month": "2012-09",
            "price": "130.48",
            "revenue": 255340
        },
        "2012-10": {
            "month": "2012-10",
            "price": "121.95",
            "revenue": 194756
        },
        "2012-11": {
            "month": "2012-11",
            "price": "104.21",
            "revenue": 174062
        },
        "2012-12": {
            "month": "2012-12",
            "price": "106.33",
            "revenue": 192021
        },
        "2013-01": {
            "month": "2013-01",
            "price": "110.93",
            "revenue": 169165
        },
        "2013-02": {
            "month": "2013-02",
            "price": "111.65",
            "revenue": 82876
        },
        "2013-03": {
            "month": "2013-03",
            "price": "107.60",
            "revenue": 163652
        },
        "2013-04": {
            "month": "2013-04",
            "price": "99.59",
            "revenue": 190454
        },
        "2013-05": {
            "month": "2013-05",
            "price": "93.59",
            "revenue": 192046
        },
        "2013-06": {
            "month": "2013-06",
            "price": "87.70",
            "revenue": 222563
        },
        "2013-07": {
            "month": "2013-07",
            "price": "77.95",
            "revenue": 194306
        },
        "2013-08": {
            "month": "2013-08",
            "price": "69.31",
            "revenue": 179954
        },
        "2013-09": {
            "month": "2013-09",
            "price": "71.86",
            "revenue": 240054
        },
        "2013-10": {
            "month": "2013-10",
            "price": "68.82",
            "revenue": 165012
        },
        "2013-11": {
            "month": "2013-11",
            "price": "66.98",
            "revenue": 166210
        },
        "2013-12": {
            "month": "2013-12",
            "price": "73.96",
            "revenue": 188468
        },
        "2014-01": {
            "month": "2014-01",
            "price": "79.83",
            "revenue": 134958
        },
        "2014-02": {
            "month": "2014-02",
            "price": "77.25",
            "revenue": 124324
        },
        "2014-03": {
            "month": "2014-03",
            "price": "84.35",
            "revenue": 198066
        },
        "2014-04": {
            "month": "2014-04",
            "price": "81.83",
            "revenue": 190004
        },
        "2014-05": {
            "month": "2014-05",
            "price": "80.16",
            "revenue": 197349
        },
        "2014-06": {
            "month": "2014-06",
            "price": "82.00",
            "revenue": 180883
        },
        "2014-07": {
            "month": "2014-07",
            "price": "74.54",
            "revenue": 173917
        },
        "2014-08": {
            "month": "2014-08",
            "price": "71.17",
            "revenue": 185259
        },
        "2014-09": {
            "month": "2014-09",
            "price": "69.64",
            "revenue": 177386
        },
        "2014-10": {
            "month": "2014-10",
            "price": "62.71",
            "revenue": 175028
        },
        "2014-11": {
            "month": "2014-11",
            "price": "59.90",
            "revenue": 187346
        },
        "2014-12": {
            "month": "2014-12",
            "price": "62.95",
            "revenue": 222700
        },
        "2015-01": {
            "month": "2015-01",
            "price": "67.10",
            "revenue": 155794
        },
        "2015-02": {
            "month": "2015-02",
            "price": "67.48",
            "revenue": 117741
        },
        "2015-03": {
            "month": "2015-03",
            "price": "75.55",
            "revenue": 169274
        },
        "2015-04": {
            "month": "2015-04",
            "price": "69.16",
            "revenue": 187724
        },
        "2015-05": {
            "month": "2015-05",
            "price": "62.56",
            "revenue": 149076
        },
        "2015-06": {
            "month": "2015-06",
            "price": "56.61",
            "revenue": 202199
        },
        "2015-07": {
            "month": "2015-07",
            "price": "51.63",
            "revenue": 169207
        },
        "2015-08": {
            "month": "2015-08",
            "price": "39.92",
            "revenue": 165138
        },
        "2015-09": {
            "month": "2015-09",
            "price": "39.08",
            "revenue": 190833
        },
        "2015-10": {
            "month": "2015-10",
            "price": "41.88",
            "revenue": 156696
        },
        "2015-11": {
            "month": "2015-11",
            "price": "43.70",
            "revenue": 181727
        },
        "2015-12": {
            "month": "2015-12",
            "price": "43.73",
            "revenue": 187583
        },
        "2016-01": {
            "month": "2016-01",
            "price": "40.10",
            "revenue": 186524
        },
        "2016-02": {
            "month": "2016-02",
            "price": "43.61",
            "revenue": 149086
        },
        "2016-03": {
            "month": "2016-03",
            "price": "51.58",
            "revenue": 202777
        },
        "2016-04": {
            "month": "2016-04",
            "price": "58.11",
            "revenue": 219053
        },
        "2016-05": {
            "month": "2016-05",
            "price": "65.14",
            "revenue": 206166
        },
        "2016-06": {
            "month": "2016-06",
            "price": "71.41",
            "revenue": 218395
        },
        "2016-07": {
            "month": "2016-07",
            "price": "73.51",
            "revenue": 251654
        },
        "2016-08": {
            "month": "2016-08",
            "price": "73.38",
            "revenue": 217320
        },
        "2016-09": {
            "month": "2016-09",
            "price": "69.05",
            "revenue": 227664
        },
        "2016-10": {
            "month": "2016-10",
            "price": "68.71",
            "revenue": 202295
        },
        "2016-11": {
            "month": "2016-11",
            "price": "67.82",
            "revenue": 200486
        },
        "2016-12": {
            "month": "2016-12",
            "price": "71.29",
            "revenue": 209967
        },
        "2017-01": {
            "month": "2017-01",
            "price": "69.94",
            "revenue": 175783
        },
        "2017-02": {
            "month": "2017-02",
            "price": "71.72",
            "revenue": 203317
        },
        "2017-03": {
            "month": "2017-03",
            "price": "74.66",
            "revenue": 231045
        },
        "2017-04": {
            "month": "2017-04",
            "price": "73.01",
            "revenue": 239261
        },
        "2017-05": {
            "month": "2017-05",
            "price": "76.45",
            "revenue": 201117
        },
        "2017-06": {
            "month": "2017-06",
            "price": "76.58",
            "revenue": 219486
        },
        "2017-07": {
            "month": "2017-07",
            "price": "75.16",
            "revenue": 235549
        },
        "2017-08": {
            "month": "2017-08",
            "price": "65.57",
            "revenue": 232106
        },
        "2017-09": {
            "month": "2017-09",
            "price": "60.54",
            "revenue": 262918
        },
        "2017-10": {
            "month": "2017-10",
            "price": "62.93",
            "revenue": 222128
        },
        "2017-11": {
            "month": "2017-11",
            "price": "68.13",
            "revenue": 238507
        },
        "2017-12": {
            "month": "2017-12",
            "price": "64.69",
            "revenue": 254441
        },
        "2018-01": {
            "month": "2018-01",
            "price": "66.62",
            "revenue": 257592
        },
        "2018-02": {
            "month": "2018-02",
            "price": "68.33",
            "revenue": 160112
        },
        "2018-03": {
            "month": "2018-03",
            "price": "80.20",
            "revenue": 266652
        },
        "2018-04": {
            "month": "2018-04",
            "price": "81.37",
            "revenue": 277052
        },
        "2018-05": {
            "month": "2018-05",
            "price": "100.56",
            "revenue": 291598
        },
        "2018-06": {
            "month": "2018-06",
            "price": "138.55",
            "revenue": 272668
        },
        "2018-07": {
            "month": "2018-07",
            "price": "125.41",
            "revenue": 245487
        },
        "2018-08": {
            "month": "2018-08",
            "price": "117.61",
            "revenue": 267335
        },
        "2018-09": {
            "month": "2018-09",
            "price": "107.75",
            "revenue": 305349
        },
        "2018-10": {
            "month": "2018-10",
            "price": "91.81",
            "revenue": 222929
        },
        "2018-11": {
            "month": "2018-11",
            "price": "81.29",
            "revenue": 207783
        },
        "2018-12": {
            "month": "2018-12",
            "price": "95.99",
            "revenue": 210564
        },
        "2019-01": {
            "month": "2019-01",
            "price": "89.44",
            "revenue": 230482
        },
        "2019-02": {
            "month": "2019-02",
            "price": "94.41",
            "revenue": 199408
        },
        "2019-03": {
            "month": "2019-03",
            "price": "99.15",
            "revenue": 263468
        },
        "2019-04": {
            "month": "2019-04",
            "price": "116.68",
            "revenue": 245737
        },
        "2019-05": {
            "month": "2019-05",
            "price": "102.63",
            "revenue": 295337
        },
        "2019-06": {
            "month": "2019-06",
            "price": "106.17",
            "revenue": 272655
        },
        "2019-07": {
            "month": "2019-07",
            "price": "118.41",
            "revenue": 201744
        },
        "2019-08": {
            "month": "2019-08",
            "price": "117.55",
            "revenue": 205619
        },
        "2019-09": {
            "month": "2019-09",
            "price": "115.92",
            "revenue": 234305
        },
        "2019-10": {
            "month": "2019-10",
            "price": "118.05",
            "revenue": 209659
        },
        "2019-11": {
            "month": "2019-11",
            "price": "114.88",
            "revenue": 205485
        },
        "2019-12": {
            "month": "2019-12",
            "price": "112.07",
            "revenue": 241890
        },
        "2020-01": {
            "month": "2020-01",
            "price": "117.73",
            "revenue": 191161
        },
        "2020-02": {
            "month": "2020-02",
            "price": "107.00",
            "revenue": 147834
        },
        "2020-03": {
            "month": "2020-03",
            "price": "86.43",
            "revenue": 208708
        },
        "2020-04": {
            "month": "2020-04",
            "price": "87.86",
            "revenue": 106894
        },
        "2020-05": {
            "month": "2020-05",
            "price": "90.16",
            "revenue": 119185
        },
        "2020-06": {
            "month": "2020-06",
            "price": "92.68",
            "revenue": 125406
        },
        "2020-07": {
            "month": "2020-07",
            "price": "93.16",
            "revenue": 115902
        },
        "2020-08": {
            "month": "2020-08",
            "price": "90.27",
            "revenue": 142856
        },
        "2020-09": {
            "month": "2020-09",
            "price": "90.42",
            "revenue": 181914
        },
        "2020-10": {
            "month": "2020-10",
            "price": "89.98",
            "revenue": 157607
        },
        "2020-11": {
            "month": "2020-11",
            "price": "89.96",
            "revenue": 198119
        },
        "2020-12": {
            "month": "2020-12",
            "price": "99.34",
            "revenue": 205638
        },
        "2021-01": {
            "month": "2021-01",
            "price": "100.60",
            "revenue": 191836
        },
        "2021-02": {
            "month": "2021-02",
            "price": "97.30",
            "revenue": 145940
        },
        "2021-03": {
            "month": "2021-03",
            "price": "104.43",
            "revenue": 238513
        },
        "2021-04": {
            "month": "2021-04",
            "price": "112.68",
            "revenue": 262095
        },
        "2021-05": {
            "month": "2021-05",
            "price": "97.58",
            "revenue": 273558
        },
        "2021-06": {
            "month": "2021-06",
            "price": "111.71",
            "revenue": 289982
        },
        "2021-07": {
            "month": "2021-07",
            "price": "145.55",
            "revenue": 363303
        },
        "2021-08": {
            "month": "2021-08",
            "price": "197.00",
            "revenue": 344322
        },
        "2021-09": {
            "month": "2021-09",
            "price": "223.92",
            "revenue": 336562
        },
        "2021-10": {
            "month": "2021-10",
            "price": "192.55",
            "revenue": 264719
        },
        "2021-11": {
            "month": "2021-11",
            "price": "199.05",
            "revenue": 233926
        },
        "2021-12": {
            "month": "2021-12",
            "price": "189.43",
            "revenue": 230107
        },
        "2022-01": {
            "month": "2022-01",
            "price": "175.94",
            "revenue": 242800
        },
        "2022-02": {
            "month": "2022-02",
            "price": "182.83",
            "revenue": 200984
        },
        "2022-03": {
            "month": "2022-03",
            "price": "166.35",
            "revenue": 291415
        },
        "2022-04": {
            "month": "2022-04",
            "price": "150.76",
            "revenue": 338456
        },
        "2022-05": {
            "month": "2022-05",
            "price": "158.57",
            "revenue": 248857
        },
        "2022-06": {
            "month": "2022-06",
            "price": "141.83",
            "revenue": 211360
        },
        "2022-07": {
            "month": "2022-07",
            "price": "110.14",
            "revenue": 178970
        },
        "2022-08": {
            "month": "2022-08",
            "price": "116.93",
            "revenue": 163856
        },
        "2022-09": {
            "month": "2022-09",
            "price": "106.66",
            "revenue": 164348
        },
        "2022-10": {
            "month": "2022-10",
            "price": "93.21",
            "revenue": 172717
        },
        "2022-11": {
            "month": "2022-11",
            "price": "101.19",
            "revenue": 178706
        },
        "2022-12": {
            "month": "2022-12",
            "price": "106.32",
            "revenue": 141979
        },
        "2023-01": {
            "month": "2023-01",
            "price": "105.38",
            "revenue": 143984
        },
        "2023-02": {
            "month": "2023-02",
            "price": "115.92",
            "revenue": 159278
        },
        "2023-03": {
            "month": "2023-03",
            "price": "117.52",
            "revenue": 167140
        },
        "2023-04": {
            "month": "2023-04",
            "price": "118.71",
            "revenue": 166999
        },
        "2023-05": {
            "month": "2023-05",
            "price": "108.20",
            "revenue": 154737
        },
        "2023-06": {
            "month": "2023-06",
            "price": "108.30",
            "revenue": 140994
        },
        "2023-07": {
            "month": "2023-07",
            "price": "100.18",
            "revenue": 146284
        },
        "2023-08": {
            "month": "2023-08",
            "price": "91.37",
            "revenue": 155071
        },
        "2023-09": {
            "month": "2023-09",
            "price": "92.80",
            "revenue": 180941
        },
        "2023-10": {
            "month": "2023-10",
            "price": "96.90",
            "revenue": 119676
        },
        "2023-11": {
            "month": "2023-11",
            "price": "100.68",
            "revenue": 153667
        },
        "2023-12": {
            "month": "2023-12",
            "price": "109.64",
            "revenue": 167553
        },
        "2024-01": {
            "month": "2024-01",
            "price": "104.84",
            "revenue": 158180
        },
        "2024-02": {
            "month": "2024-02",
            "price": "105.50",
            "revenue": 115916
        }
    }
}
