{
    "summary": {
        "stock_name": "安馳",
        "stock_id": "3528",
        "category": "電子通路",
        "main_business": "電腦設備安裝業<br>電子材料批發業<br>電腦及事務性機器設備批發業",
        "website_url": "https://www.macnica.com/apac/anstek/zh_tw/",
        "ceo": "李瑞西",
        "pe_ratio": 28,
        "report_year_from": 2006,
        "report_year_to": 2023,
        "age": 18,
        "eps_negative_percentage": 0,
        "eps_growth_avg": {
            "last_all": 6.03,
            "last_2y": -1.05,
            "last_4y": 2.77,
            "last_8y": 0.03,
            "last_12y": -1.2,
            "last_16y": null,
            "last_20y": null,
            "at_2006_last_3y": null,
            "at_2007_last_3y": null,
            "at_2008_last_3y": null,
            "at_2009_last_3y": null,
            "at_2010_last_3y": null,
            "at_2011_last_3y": null,
            "at_2012_last_3y": null,
            "at_2013_last_3y": 17.47,
            "at_2014_last_3y": -3.98,
            "at_2015_last_3y": 2.82,
            "at_2016_last_3y": -0.87,
            "at_2017_last_3y": -1.2,
            "at_2018_last_3y": -3.4,
            "at_2019_last_3y": -4.63,
            "at_2020_last_3y": 4.59,
            "at_2021_last_3y": 16.46,
            "at_2022_last_3y": 21.13,
            "at_2023_last_3y": 2.91,
            "at_2024_last_3y": 2.91,
            "at_2006_last_all": null,
            "at_2007_last_all": null,
            "at_2008_last_all": null,
            "at_2009_last_all": null,
            "at_2010_last_all": null,
            "at_2011_last_all": 40,
            "at_2012_last_all": 24.21,
            "at_2013_last_all": 17.47,
            "at_2014_last_all": 16.82,
            "at_2015_last_all": 15.21,
            "at_2016_last_all": 9.88,
            "at_2017_last_all": 8.13,
            "at_2018_last_all": 7.83,
            "at_2019_last_all": 7.27,
            "at_2020_last_all": 7.96,
            "at_2021_last_all": 10.91,
            "at_2022_last_all": 11.93,
            "at_2023_last_all": 6.03,
            "at_2024_last_all": 6.03
        },
        "latest_eps": 1.65,
        "latest_price": 46.7,
        "latest_roe": 5.82,
        "latest_gross_margin": 9.99,
        "latest_equity": 1809199,
        "latest_revenue": 1158372,
        "latest_gross_profit": 115680,
        "latest_net_income": 46644,
        "latest_debt_ratio": 71.59,
        "latest_current_ratio": 135.86,
        "latest_account_receivable_turnover_ratio": 0.71,
        "latest_inventory_turnover_ratio": 0.28,
        "latest_reinvestment_rate": 0.01,
        "latest_research_to_sale_ratio": 1.29
    },
    "eps_dividends": {
        "2001": {
            "cash": 0,
            "stock": 0,
            "eps": 0
        },
        "2002": {
            "cash": 0,
            "stock": 0,
            "eps": 0
        },
        "2003": {
            "cash": 0,
            "stock": 0,
            "eps": 0
        },
        "2004": {
            "cash": 0,
            "stock": 0,
            "eps": 0
        },
        "2005": {
            "cash": 0,
            "stock": 0,
            "eps": 0
        },
        "2006": {
            "cash": 0,
            "stock": 0,
            "eps": 0
        },
        "2007": {
            "cash": 0,
            "stock": 1,
            "eps": 0
        },
        "2008": {
            "cash": 2,
            "stock": 1,
            "eps": 0
        },
        "2009": {
            "cash": 2,
            "stock": 0.5,
            "eps": 1.88
        },
        "2010": {
            "cash": 2,
            "stock": 1,
            "eps": 3.9
        },
        "2011": {
            "cash": 3.8,
            "stock": 1.8,
            "eps": 3.12
        },
        "2012": {
            "cash": 0,
            "stock": 0,
            "eps": 2.89
        },
        "2013": {
            "cash": 1.8,
            "stock": 0.5,
            "eps": 2.81
        },
        "2014": {
            "cash": 2,
            "stock": 0.3,
            "eps": 3.21
        },
        "2015": {
            "cash": 2.2,
            "stock": 0.3,
            "eps": 3.44
        },
        "2016": {
            "cash": 2.3,
            "stock": 0.2,
            "eps": 2.68
        },
        "2017": {
            "cash": 2.4,
            "stock": 0.1,
            "eps": 2.57
        },
        "2018": {
            "cash": 2.3,
            "stock": 0.2,
            "eps": 2.71
        },
        "2019": {
            "cash": 2.5,
            "stock": 0,
            "eps": 2.77
        },
        "2020": {
            "cash": 2.5,
            "stock": 0,
            "eps": 3.18
        },
        "2021": {
            "cash": 2.9,
            "stock": 0,
            "eps": 4.56
        },
        "2022": {
            "cash": 3.8,
            "stock": 0,
            "eps": 5.66
        },
        "2023": {
            "cash": 4.1,
            "stock": 0,
            "eps": 1.66
        },
        "2024": {
            "cash": 1.5,
            "stock": 0,
            "eps": 0
        }
    },
    "dividends": {
        "2007-03-27": {
            "cash": 0,
            "stock": 1
        },
        "2008-03-28": {
            "cash": 2,
            "stock": 1
        },
        "2009-03-17": {
            "cash": 2,
            "stock": 0.5
        },
        "2010-03-25": {
            "cash": 2,
            "stock": 1
        },
        "2011-01-01": {
            "cash": 1.8,
            "stock": 0.8
        },
        "2011-03-16": {
            "cash": 2,
            "stock": 1
        },
        "2013-03-15": {
            "cash": 1.8,
            "stock": 0.5
        },
        "2014-06-04": {
            "cash": 2,
            "stock": 0.3
        },
        "2015-07-31": {
            "cash": 2.2,
            "stock": 0.3
        },
        "2016-08-24": {
            "cash": 2.3,
            "stock": 0.2
        },
        "2017-08-09": {
            "cash": 2.4,
            "stock": 0.1
        },
        "2018-08-01": {
            "cash": 2.3,
            "stock": 0.2
        },
        "2019-09-26": {
            "cash": 2.5,
            "stock": 0
        },
        "2020-08-07": {
            "cash": 2.5,
            "stock": 0
        },
        "2021-08-06": {
            "cash": 2.9,
            "stock": 0
        },
        "2022-07-29": {
            "cash": 3.8,
            "stock": 0
        },
        "2023-08-11": {
            "cash": 4.1,
            "stock": 0
        },
        "2024-03-12": {
            "cash": 1.5,
            "stock": 0
        }
    },
    "prices": {
        "200101": "無",
        "200102": "無",
        "200103": "無",
        "200104": "無",
        "200105": "無",
        "200106": "無",
        "200107": "無",
        "200108": "無",
        "200109": "無",
        "200110": "無",
        "200111": "無",
        "200112": "無",
        "200201": "無",
        "200202": "無",
        "200203": "無",
        "200204": "無",
        "200205": "無",
        "200206": "無",
        "200207": "無",
        "200208": "無",
        "200209": "無",
        "200210": "無",
        "200211": "無",
        "200212": "無",
        "200301": "無",
        "200302": "無",
        "200303": "無",
        "200304": "無",
        "200305": "無",
        "200306": "無",
        "200307": "無",
        "200308": "無",
        "200309": "無",
        "200310": "無",
        "200311": "無",
        "200312": "無",
        "200401": "無",
        "200402": "無",
        "200403": "無",
        "200404": "無",
        "200405": "無",
        "200406": "無",
        "200407": "無",
        "200408": "無",
        "200409": "無",
        "200410": "無",
        "200411": "無",
        "200412": "無",
        "200501": "無",
        "200502": "無",
        "200503": "無",
        "200504": "無",
        "200505": "無",
        "200506": "無",
        "200507": "無",
        "200508": "無",
        "200509": "無",
        "200510": "無",
        "200511": "無",
        "200512": "無",
        "200601": "無",
        "200602": "無",
        "200603": "無",
        "200604": "無",
        "200605": "無",
        "200606": "無",
        "200607": "無",
        "200608": "無",
        "200609": "無",
        "200610": "無",
        "200611": "無",
        "200612": "無",
        "200701": "無",
        "200702": "無",
        "200703": "無",
        "200704": "無",
        "200705": "無",
        "200706": "無",
        "200707": "無",
        "200708": "無",
        "200709": "無",
        "200710": "無",
        "200711": "無",
        "200712": "無",
        "200801": "35.12",
        "200802": "35.27",
        "200803": "34.12",
        "200804": "37.57",
        "200805": "47.05",
        "200806": "47.60",
        "200807": "46.43",
        "200808": "45.60",
        "200809": "43.15",
        "200810": "38.46",
        "200811": "34.49",
        "200812": "32.29",
        "200901": "無",
        "200902": "無",
        "200903": "31.03",
        "200904": "30.64",
        "200905": "32.58",
        "200906": "30.17",
        "200907": "29.87",
        "200908": "30.56",
        "200909": "30.83",
        "200910": "27.25",
        "200911": "30.00",
        "200912": "30.00",
        "201001": "29.66",
        "201002": "31.06",
        "201003": "36.32",
        "201004": "45.48",
        "201005": "48.13",
        "201006": "43.54",
        "201007": "42.85",
        "201008": "43.55",
        "201009": "47.30",
        "201010": "51.20",
        "201011": "49.60",
        "201012": "51.96",
        "201101": "52.40",
        "201102": "52.59",
        "201103": "52.02",
        "201104": "50.45",
        "201105": "42.52",
        "201106": "39.43",
        "201107": "33.98",
        "201108": "34.32",
        "201109": "33.96",
        "201110": "29.92",
        "201111": "28.01",
        "201112": "25.85",
        "201201": "24.99",
        "201202": "28.62",
        "201203": "30.72",
        "201204": "29.79",
        "201205": "28.59",
        "201206": "28.26",
        "201207": "25.17",
        "201208": "25.81",
        "201209": "26.94",
        "201210": "26.48",
        "201211": "25.87",
        "201212": "26.24",
        "201301": "26.92",
        "201302": "27.30",
        "201303": "28.85",
        "201304": "29.67",
        "201305": "30.85",
        "201306": "30.40",
        "201307": "27.14",
        "201308": "27.18",
        "201309": "28.04",
        "201310": "28.26",
        "201311": "27.88",
        "201312": "28.55",
        "201401": "32.01",
        "201402": "32.41",
        "201403": "33.73",
        "201404": "35.07",
        "201405": "36.85",
        "201406": "40.38",
        "201407": "39.77",
        "201408": "39.04",
        "201409": "38.65",
        "201410": "37.07",
        "201411": "35.84",
        "201412": "35.28",
        "201501": "35.58",
        "201502": "36.19",
        "201503": "38.11",
        "201504": "38.04",
        "201505": "39.98",
        "201506": "40.13",
        "201507": "32.59",
        "201508": "29.31",
        "201509": "29.18",
        "201510": "30.21",
        "201511": "30.89",
        "201512": "29.93",
        "201601": "27.07",
        "201602": "29.55",
        "201603": "32.20",
        "201604": "31.61",
        "201605": "31.26",
        "201606": "31.46",
        "201607": "30.88",
        "201608": "30.12",
        "201609": "30.16",
        "201610": "29.90",
        "201611": "29.12",
        "201612": "28.95",
        "201701": "29.30",
        "201702": "30.04",
        "201703": "31.97",
        "201704": "32.64",
        "201705": "33.86",
        "201706": "34.58",
        "201707": "32.71",
        "201708": "34.28",
        "201709": "35.96",
        "201710": "36.57",
        "201711": "35.03",
        "201712": "34.06",
        "201801": "34.72",
        "201802": "34.32",
        "201803": "35.53",
        "201804": "36.11",
        "201805": "36.30",
        "201806": "36.78",
        "201807": "34.48",
        "201808": "33.96",
        "201809": "33.50",
        "201810": "32.68",
        "201811": "32.31",
        "201812": "32.59",
        "201901": "32.47",
        "201902": "33.70",
        "201903": "34.40",
        "201904": "34.76",
        "201905": "38.98",
        "201906": "40.23",
        "201907": "40.25",
        "201908": "39.73",
        "201909": "37.84",
        "201910": "37.51",
        "201911": "37.64",
        "201912": "37.71",
        "202001": "37.81",
        "202002": "37.66",
        "202003": "35.98",
        "202004": "37.35",
        "202005": "38.48",
        "202006": "39.01",
        "202007": "38.27",
        "202008": "39.74",
        "202009": "40.60",
        "202010": "40.17",
        "202011": "41.87",
        "202012": "42.52",
        "202101": "41.86",
        "202102": "42.32",
        "202103": "44.45",
        "202104": "46.18",
        "202105": "45.94",
        "202106": "48.50",
        "202107": "52.14",
        "202108": "50.31",
        "202109": "49.62",
        "202110": "48.65",
        "202111": "49.35",
        "202112": "49.81",
        "202201": "50.49",
        "202202": "50.55",
        "202203": "51.74",
        "202204": "51.81",
        "202205": "51.86",
        "202206": "51.07",
        "202207": "48.25",
        "202208": "50.41",
        "202209": "50.27",
        "202210": "49.91",
        "202211": "50.27",
        "202212": "50.16",
        "202301": "50.64",
        "202302": "53.10",
        "202303": "57.91",
        "202304": "62.24",
        "202305": "62.08",
        "202306": "60.33",
        "202307": "54.42",
        "202308": "52.24",
        "202309": "52.42",
        "202310": "50.08",
        "202311": "50.80",
        "202312": "53.23",
        "202401": "50.94",
        "202402": "50.53",
        "202403": "48.26",
        "202404": "無"
    },
    "quarters": {
        "20011": {
            "year_quarter": 20011,
            "year": 2001,
            "quarter": 1,
            "eps": null,
            "eps_growth_year": null,
            "eps_4q": null,
            "eps_4q_growth_year": null,
            "roe": null,
            "roe_4q": 0,
            "gross_profit": null,
            "gross_margin": null,
            "gross_margin_4q_avg": 0,
            "net_income": null,
            "net_income_4q": null,
            "revenue": null,
            "revenue_4q": null,
            "common_shares": null,
            "book_valuer_per_share": null,
            "book_valuer_per_share_4q_avg": 0,
            "equity": null,
            "current_ratio": null,
            "debt_ratio": null,
            "inventory_turnover_ratio": null,
            "account_receivable_turnover_ratio": null,
            "reinvestment_rate": null,
            "research_to_sale_ratio": null,
            "price_fair": 0,
            "eps_avg_yearly": 0,
            "eps_latest_yearly": 0,
            "eps_growth_yearly": 0
        },
        "20012": {
            "year_quarter": 20012,
            "year": 2001,
            "quarter": 2,
            "eps": null,
            "eps_growth_year": null,
            "eps_4q": null,
            "eps_4q_growth_year": null,
            "roe": null,
            "roe_4q": 0,
            "gross_profit": null,
            "gross_margin": null,
            "gross_margin_4q_avg": 0,
            "net_income": null,
            "net_income_4q": null,
            "revenue": null,
            "revenue_4q": null,
            "common_shares": null,
            "book_valuer_per_share": null,
            "book_valuer_per_share_4q_avg": 0,
            "equity": null,
            "current_ratio": null,
            "debt_ratio": null,
            "inventory_turnover_ratio": null,
            "account_receivable_turnover_ratio": null,
            "reinvestment_rate": null,
            "research_to_sale_ratio": null,
            "price_fair": 0,
            "eps_avg_yearly": 0,
            "eps_latest_yearly": 0,
            "eps_growth_yearly": 0
        },
        "20013": {
            "year_quarter": 20013,
            "year": 2001,
            "quarter": 3,
            "eps": null,
            "eps_growth_year": null,
            "eps_4q": null,
            "eps_4q_growth_year": null,
            "roe": null,
            "roe_4q": 0,
            "gross_profit": null,
            "gross_margin": null,
            "gross_margin_4q_avg": 0,
            "net_income": null,
            "net_income_4q": null,
            "revenue": null,
            "revenue_4q": null,
            "common_shares": null,
            "book_valuer_per_share": null,
            "book_valuer_per_share_4q_avg": 0,
            "equity": null,
            "current_ratio": null,
            "debt_ratio": null,
            "inventory_turnover_ratio": null,
            "account_receivable_turnover_ratio": null,
            "reinvestment_rate": null,
            "research_to_sale_ratio": null,
            "price_fair": 0,
            "eps_avg_yearly": 0,
            "eps_latest_yearly": 0,
            "eps_growth_yearly": 0
        },
        "20014": {
            "year_quarter": 20014,
            "year": 2001,
            "quarter": 4,
            "eps": null,
            "eps_growth_year": null,
            "eps_4q": null,
            "eps_4q_growth_year": null,
            "roe": null,
            "roe_4q": 0,
            "gross_profit": null,
            "gross_margin": null,
            "gross_margin_4q_avg": 0,
            "net_income": null,
            "net_income_4q": null,
            "revenue": null,
            "revenue_4q": null,
            "common_shares": 40000,
            "book_valuer_per_share": 10.35,
            "book_valuer_per_share_4q_avg": 2.59,
            "equity": 41400,
            "current_ratio": 143.81,
            "debt_ratio": 67.41,
            "inventory_turnover_ratio": null,
            "account_receivable_turnover_ratio": null,
            "reinvestment_rate": null,
            "research_to_sale_ratio": null,
            "price_fair": 0,
            "eps_avg_yearly": 0,
            "eps_latest_yearly": 0,
            "eps_growth_yearly": 0
        },
        "20021": {
            "year_quarter": 20021,
            "year": 2002,
            "quarter": 1,
            "eps": null,
            "eps_growth_year": null,
            "eps_4q": null,
            "eps_4q_growth_year": null,
            "roe": null,
            "roe_4q": 0,
            "gross_profit": null,
            "gross_margin": null,
            "gross_margin_4q_avg": 0,
            "net_income": null,
            "net_income_4q": null,
            "revenue": null,
            "revenue_4q": null,
            "common_shares": null,
            "book_valuer_per_share": null,
            "book_valuer_per_share_4q_avg": 2.59,
            "equity": null,
            "current_ratio": null,
            "debt_ratio": null,
            "inventory_turnover_ratio": null,
            "account_receivable_turnover_ratio": null,
            "reinvestment_rate": null,
            "research_to_sale_ratio": null,
            "price_fair": 0,
            "eps_avg_yearly": 0,
            "eps_latest_yearly": 0,
            "eps_growth_yearly": 0
        },
        "20022": {
            "year_quarter": 20022,
            "year": 2002,
            "quarter": 2,
            "eps": null,
            "eps_growth_year": null,
            "eps_4q": null,
            "eps_4q_growth_year": null,
            "roe": null,
            "roe_4q": 0,
            "gross_profit": null,
            "gross_margin": null,
            "gross_margin_4q_avg": 0,
            "net_income": null,
            "net_income_4q": null,
            "revenue": null,
            "revenue_4q": null,
            "common_shares": null,
            "book_valuer_per_share": null,
            "book_valuer_per_share_4q_avg": 2.59,
            "equity": null,
            "current_ratio": null,
            "debt_ratio": null,
            "inventory_turnover_ratio": null,
            "account_receivable_turnover_ratio": null,
            "reinvestment_rate": null,
            "research_to_sale_ratio": null,
            "price_fair": 0,
            "eps_avg_yearly": 0,
            "eps_latest_yearly": 0,
            "eps_growth_yearly": 0
        },
        "20023": {
            "year_quarter": 20023,
            "year": 2002,
            "quarter": 3,
            "eps": null,
            "eps_growth_year": null,
            "eps_4q": null,
            "eps_4q_growth_year": null,
            "roe": null,
            "roe_4q": 0,
            "gross_profit": null,
            "gross_margin": null,
            "gross_margin_4q_avg": 0,
            "net_income": null,
            "net_income_4q": null,
            "revenue": null,
            "revenue_4q": null,
            "common_shares": null,
            "book_valuer_per_share": null,
            "book_valuer_per_share_4q_avg": 2.59,
            "equity": null,
            "current_ratio": null,
            "debt_ratio": null,
            "inventory_turnover_ratio": null,
            "account_receivable_turnover_ratio": null,
            "reinvestment_rate": null,
            "research_to_sale_ratio": null,
            "price_fair": 0,
            "eps_avg_yearly": 0,
            "eps_latest_yearly": 0,
            "eps_growth_yearly": 0
        },
        "20024": {
            "year_quarter": 20024,
            "year": 2002,
            "quarter": 4,
            "eps": null,
            "eps_growth_year": null,
            "eps_4q": null,
            "eps_4q_growth_year": null,
            "roe": null,
            "roe_4q": 0,
            "gross_profit": null,
            "gross_margin": null,
            "gross_margin_4q_avg": 0,
            "net_income": null,
            "net_income_4q": null,
            "revenue": null,
            "revenue_4q": null,
            "common_shares": 40000,
            "book_valuer_per_share": 10.71,
            "book_valuer_per_share_4q_avg": 2.68,
            "equity": 42823,
            "current_ratio": 118.62,
            "debt_ratio": 79.5,
            "inventory_turnover_ratio": null,
            "account_receivable_turnover_ratio": null,
            "reinvestment_rate": null,
            "research_to_sale_ratio": null,
            "price_fair": 0,
            "eps_avg_yearly": 0,
            "eps_latest_yearly": 0,
            "eps_growth_yearly": 0
        },
        "20031": {
            "year_quarter": 20031,
            "year": 2003,
            "quarter": 1,
            "eps": null,
            "eps_growth_year": null,
            "eps_4q": null,
            "eps_4q_growth_year": null,
            "roe": null,
            "roe_4q": 0,
            "gross_profit": null,
            "gross_margin": null,
            "gross_margin_4q_avg": 0,
            "net_income": null,
            "net_income_4q": null,
            "revenue": null,
            "revenue_4q": null,
            "common_shares": null,
            "book_valuer_per_share": null,
            "book_valuer_per_share_4q_avg": 2.68,
            "equity": null,
            "current_ratio": null,
            "debt_ratio": null,
            "inventory_turnover_ratio": null,
            "account_receivable_turnover_ratio": null,
            "reinvestment_rate": null,
            "research_to_sale_ratio": null,
            "price_fair": 0,
            "eps_avg_yearly": 0,
            "eps_latest_yearly": 0,
            "eps_growth_yearly": 0
        },
        "20032": {
            "year_quarter": 20032,
            "year": 2003,
            "quarter": 2,
            "eps": null,
            "eps_growth_year": null,
            "eps_4q": null,
            "eps_4q_growth_year": null,
            "roe": null,
            "roe_4q": 0,
            "gross_profit": null,
            "gross_margin": null,
            "gross_margin_4q_avg": 0,
            "net_income": null,
            "net_income_4q": null,
            "revenue": null,
            "revenue_4q": null,
            "common_shares": null,
            "book_valuer_per_share": null,
            "book_valuer_per_share_4q_avg": 2.68,
            "equity": null,
            "current_ratio": null,
            "debt_ratio": null,
            "inventory_turnover_ratio": null,
            "account_receivable_turnover_ratio": null,
            "reinvestment_rate": null,
            "research_to_sale_ratio": null,
            "price_fair": 0,
            "eps_avg_yearly": 0,
            "eps_latest_yearly": 0,
            "eps_growth_yearly": 0
        },
        "20033": {
            "year_quarter": 20033,
            "year": 2003,
            "quarter": 3,
            "eps": null,
            "eps_growth_year": null,
            "eps_4q": null,
            "eps_4q_growth_year": null,
            "roe": null,
            "roe_4q": 0,
            "gross_profit": null,
            "gross_margin": null,
            "gross_margin_4q_avg": 0,
            "net_income": null,
            "net_income_4q": null,
            "revenue": null,
            "revenue_4q": null,
            "common_shares": null,
            "book_valuer_per_share": null,
            "book_valuer_per_share_4q_avg": 2.68,
            "equity": null,
            "current_ratio": null,
            "debt_ratio": null,
            "inventory_turnover_ratio": null,
            "account_receivable_turnover_ratio": null,
            "reinvestment_rate": null,
            "research_to_sale_ratio": null,
            "price_fair": 0,
            "eps_avg_yearly": 0,
            "eps_latest_yearly": 0,
            "eps_growth_yearly": 0
        },
        "20034": {
            "year_quarter": 20034,
            "year": 2003,
            "quarter": 4,
            "eps": null,
            "eps_growth_year": null,
            "eps_4q": null,
            "eps_4q_growth_year": null,
            "roe": null,
            "roe_4q": 0,
            "gross_profit": null,
            "gross_margin": null,
            "gross_margin_4q_avg": 0,
            "net_income": null,
            "net_income_4q": null,
            "revenue": null,
            "revenue_4q": null,
            "common_shares": 70000,
            "book_valuer_per_share": 11.09,
            "book_valuer_per_share_4q_avg": 2.77,
            "equity": 77627,
            "current_ratio": 127.74,
            "debt_ratio": 74.12,
            "inventory_turnover_ratio": null,
            "account_receivable_turnover_ratio": null,
            "reinvestment_rate": null,
            "research_to_sale_ratio": null,
            "price_fair": 0,
            "eps_avg_yearly": 0,
            "eps_latest_yearly": 0,
            "eps_growth_yearly": 0
        },
        "20041": {
            "year_quarter": 20041,
            "year": 2004,
            "quarter": 1,
            "eps": null,
            "eps_growth_year": null,
            "eps_4q": null,
            "eps_4q_growth_year": null,
            "roe": null,
            "roe_4q": 0,
            "gross_profit": null,
            "gross_margin": null,
            "gross_margin_4q_avg": 0,
            "net_income": null,
            "net_income_4q": null,
            "revenue": null,
            "revenue_4q": null,
            "common_shares": null,
            "book_valuer_per_share": null,
            "book_valuer_per_share_4q_avg": 2.77,
            "equity": null,
            "current_ratio": null,
            "debt_ratio": null,
            "inventory_turnover_ratio": null,
            "account_receivable_turnover_ratio": null,
            "reinvestment_rate": null,
            "research_to_sale_ratio": null,
            "price_fair": 0,
            "eps_avg_yearly": 0,
            "eps_latest_yearly": 0,
            "eps_growth_yearly": 0
        },
        "20042": {
            "year_quarter": 20042,
            "year": 2004,
            "quarter": 2,
            "eps": null,
            "eps_growth_year": null,
            "eps_4q": null,
            "eps_4q_growth_year": null,
            "roe": null,
            "roe_4q": 0,
            "gross_profit": null,
            "gross_margin": null,
            "gross_margin_4q_avg": 0,
            "net_income": null,
            "net_income_4q": null,
            "revenue": null,
            "revenue_4q": null,
            "common_shares": null,
            "book_valuer_per_share": null,
            "book_valuer_per_share_4q_avg": 2.77,
            "equity": null,
            "current_ratio": null,
            "debt_ratio": null,
            "inventory_turnover_ratio": null,
            "account_receivable_turnover_ratio": null,
            "reinvestment_rate": null,
            "research_to_sale_ratio": null,
            "price_fair": 0,
            "eps_avg_yearly": 0,
            "eps_latest_yearly": 0,
            "eps_growth_yearly": 0
        },
        "20043": {
            "year_quarter": 20043,
            "year": 2004,
            "quarter": 3,
            "eps": null,
            "eps_growth_year": null,
            "eps_4q": null,
            "eps_4q_growth_year": null,
            "roe": null,
            "roe_4q": 0,
            "gross_profit": null,
            "gross_margin": null,
            "gross_margin_4q_avg": 0,
            "net_income": null,
            "net_income_4q": null,
            "revenue": null,
            "revenue_4q": null,
            "common_shares": null,
            "book_valuer_per_share": null,
            "book_valuer_per_share_4q_avg": 2.77,
            "equity": null,
            "current_ratio": null,
            "debt_ratio": null,
            "inventory_turnover_ratio": null,
            "account_receivable_turnover_ratio": null,
            "reinvestment_rate": null,
            "research_to_sale_ratio": null,
            "price_fair": 0,
            "eps_avg_yearly": 0,
            "eps_latest_yearly": 0,
            "eps_growth_yearly": 0
        },
        "20044": {
            "year_quarter": 20044,
            "year": 2004,
            "quarter": 4,
            "eps": null,
            "eps_growth_year": null,
            "eps_4q": null,
            "eps_4q_growth_year": null,
            "roe": null,
            "roe_4q": 0,
            "gross_profit": null,
            "gross_margin": null,
            "gross_margin_4q_avg": 0,
            "net_income": null,
            "net_income_4q": null,
            "revenue": null,
            "revenue_4q": null,
            "common_shares": 100000,
            "book_valuer_per_share": 12.39,
            "book_valuer_per_share_4q_avg": 3.1,
            "equity": 123879,
            "current_ratio": 149.98,
            "debt_ratio": 64.38,
            "inventory_turnover_ratio": null,
            "account_receivable_turnover_ratio": null,
            "reinvestment_rate": null,
            "research_to_sale_ratio": null,
            "price_fair": 0,
            "eps_avg_yearly": 0,
            "eps_latest_yearly": 0,
            "eps_growth_yearly": 0
        },
        "20051": {
            "year_quarter": 20051,
            "year": 2005,
            "quarter": 1,
            "eps": null,
            "eps_growth_year": null,
            "eps_4q": null,
            "eps_4q_growth_year": null,
            "roe": null,
            "roe_4q": 0,
            "gross_profit": null,
            "gross_margin": null,
            "gross_margin_4q_avg": 0,
            "net_income": null,
            "net_income_4q": null,
            "revenue": null,
            "revenue_4q": null,
            "common_shares": null,
            "book_valuer_per_share": null,
            "book_valuer_per_share_4q_avg": 3.1,
            "equity": null,
            "current_ratio": null,
            "debt_ratio": null,
            "inventory_turnover_ratio": null,
            "account_receivable_turnover_ratio": null,
            "reinvestment_rate": null,
            "research_to_sale_ratio": null,
            "price_fair": 0,
            "eps_avg_yearly": 0,
            "eps_latest_yearly": 0,
            "eps_growth_yearly": 0
        },
        "20052": {
            "year_quarter": 20052,
            "year": 2005,
            "quarter": 2,
            "eps": null,
            "eps_growth_year": null,
            "eps_4q": null,
            "eps_4q_growth_year": null,
            "roe": null,
            "roe_4q": 0,
            "gross_profit": null,
            "gross_margin": null,
            "gross_margin_4q_avg": 0,
            "net_income": null,
            "net_income_4q": null,
            "revenue": null,
            "revenue_4q": null,
            "common_shares": null,
            "book_valuer_per_share": null,
            "book_valuer_per_share_4q_avg": 3.1,
            "equity": null,
            "current_ratio": null,
            "debt_ratio": null,
            "inventory_turnover_ratio": null,
            "account_receivable_turnover_ratio": null,
            "reinvestment_rate": null,
            "research_to_sale_ratio": null,
            "price_fair": 0,
            "eps_avg_yearly": 0,
            "eps_latest_yearly": 0,
            "eps_growth_yearly": 0
        },
        "20053": {
            "year_quarter": 20053,
            "year": 2005,
            "quarter": 3,
            "eps": null,
            "eps_growth_year": null,
            "eps_4q": null,
            "eps_4q_growth_year": null,
            "roe": null,
            "roe_4q": 0,
            "gross_profit": null,
            "gross_margin": null,
            "gross_margin_4q_avg": 0,
            "net_income": null,
            "net_income_4q": null,
            "revenue": null,
            "revenue_4q": null,
            "common_shares": null,
            "book_valuer_per_share": null,
            "book_valuer_per_share_4q_avg": 3.1,
            "equity": null,
            "current_ratio": null,
            "debt_ratio": null,
            "inventory_turnover_ratio": null,
            "account_receivable_turnover_ratio": null,
            "reinvestment_rate": null,
            "research_to_sale_ratio": null,
            "price_fair": 0,
            "eps_avg_yearly": 0,
            "eps_latest_yearly": 0,
            "eps_growth_yearly": 0
        },
        "20054": {
            "year_quarter": 20054,
            "year": 2005,
            "quarter": 4,
            "eps": null,
            "eps_growth_year": null,
            "eps_4q": null,
            "eps_4q_growth_year": null,
            "roe": null,
            "roe_4q": 0,
            "gross_profit": null,
            "gross_margin": null,
            "gross_margin_4q_avg": 0,
            "net_income": null,
            "net_income_4q": null,
            "revenue": null,
            "revenue_4q": null,
            "common_shares": 125000,
            "book_valuer_per_share": 12.73,
            "book_valuer_per_share_4q_avg": 3.18,
            "equity": 159168,
            "current_ratio": 134.4,
            "debt_ratio": 71.87,
            "inventory_turnover_ratio": null,
            "account_receivable_turnover_ratio": null,
            "reinvestment_rate": null,
            "research_to_sale_ratio": null,
            "price_fair": 0,
            "eps_avg_yearly": 0,
            "eps_latest_yearly": 0,
            "eps_growth_yearly": 0
        },
        "20061": {
            "year_quarter": 20061,
            "year": 2006,
            "quarter": 1,
            "eps": null,
            "eps_growth_year": null,
            "eps_4q": null,
            "eps_4q_growth_year": null,
            "roe": null,
            "roe_4q": 0,
            "gross_profit": null,
            "gross_margin": null,
            "gross_margin_4q_avg": 0,
            "net_income": null,
            "net_income_4q": null,
            "revenue": null,
            "revenue_4q": null,
            "common_shares": null,
            "book_valuer_per_share": null,
            "book_valuer_per_share_4q_avg": 3.18,
            "equity": null,
            "current_ratio": null,
            "debt_ratio": null,
            "inventory_turnover_ratio": null,
            "account_receivable_turnover_ratio": null,
            "reinvestment_rate": null,
            "research_to_sale_ratio": null,
            "price_fair": 0,
            "eps_avg_yearly": 0,
            "eps_latest_yearly": 0,
            "eps_growth_yearly": 0
        },
        "20062": {
            "year_quarter": 20062,
            "year": 2006,
            "quarter": 2,
            "eps": null,
            "eps_growth_year": null,
            "eps_4q": null,
            "eps_4q_growth_year": null,
            "roe": null,
            "roe_4q": 0,
            "gross_profit": null,
            "gross_margin": null,
            "gross_margin_4q_avg": 0,
            "net_income": null,
            "net_income_4q": null,
            "revenue": null,
            "revenue_4q": null,
            "common_shares": null,
            "book_valuer_per_share": null,
            "book_valuer_per_share_4q_avg": 3.18,
            "equity": null,
            "current_ratio": null,
            "debt_ratio": null,
            "inventory_turnover_ratio": null,
            "account_receivable_turnover_ratio": null,
            "reinvestment_rate": null,
            "research_to_sale_ratio": null,
            "price_fair": 0,
            "eps_avg_yearly": 0,
            "eps_latest_yearly": 0,
            "eps_growth_yearly": 0
        },
        "20063": {
            "year_quarter": 20063,
            "year": 2006,
            "quarter": 3,
            "eps": null,
            "eps_growth_year": null,
            "eps_4q": null,
            "eps_4q_growth_year": null,
            "roe": null,
            "roe_4q": 0,
            "gross_profit": null,
            "gross_margin": null,
            "gross_margin_4q_avg": 0,
            "net_income": null,
            "net_income_4q": null,
            "revenue": null,
            "revenue_4q": null,
            "common_shares": null,
            "book_valuer_per_share": null,
            "book_valuer_per_share_4q_avg": 3.18,
            "equity": null,
            "current_ratio": null,
            "debt_ratio": null,
            "inventory_turnover_ratio": null,
            "account_receivable_turnover_ratio": null,
            "reinvestment_rate": null,
            "research_to_sale_ratio": null,
            "price_fair": 0,
            "eps_avg_yearly": 0,
            "eps_latest_yearly": 0,
            "eps_growth_yearly": 0
        },
        "20064": {
            "year_quarter": 20064,
            "year": 2006,
            "quarter": 4,
            "eps": null,
            "eps_growth_year": null,
            "eps_4q": null,
            "eps_4q_growth_year": null,
            "roe": null,
            "roe_4q": 0,
            "gross_profit": null,
            "gross_margin": null,
            "gross_margin_4q_avg": 0,
            "net_income": null,
            "net_income_4q": null,
            "revenue": null,
            "revenue_4q": null,
            "common_shares": 175000,
            "book_valuer_per_share": 14.13,
            "book_valuer_per_share_4q_avg": 3.53,
            "equity": 247231,
            "current_ratio": 142.34,
            "debt_ratio": 68.14,
            "inventory_turnover_ratio": null,
            "account_receivable_turnover_ratio": null,
            "reinvestment_rate": null,
            "research_to_sale_ratio": null,
            "price_fair": 0,
            "eps_avg_yearly": 0,
            "eps_latest_yearly": 0,
            "eps_growth_yearly": 0
        },
        "20071": {
            "year_quarter": 20071,
            "year": 2007,
            "quarter": 1,
            "eps": null,
            "eps_growth_year": null,
            "eps_4q": null,
            "eps_4q_growth_year": null,
            "roe": null,
            "roe_4q": 0,
            "gross_profit": null,
            "gross_margin": null,
            "gross_margin_4q_avg": 0,
            "net_income": null,
            "net_income_4q": null,
            "revenue": null,
            "revenue_4q": null,
            "common_shares": null,
            "book_valuer_per_share": null,
            "book_valuer_per_share_4q_avg": 3.53,
            "equity": null,
            "current_ratio": null,
            "debt_ratio": null,
            "inventory_turnover_ratio": null,
            "account_receivable_turnover_ratio": null,
            "reinvestment_rate": null,
            "research_to_sale_ratio": null,
            "price_fair": 0,
            "eps_avg_yearly": 0,
            "eps_latest_yearly": 0,
            "eps_growth_yearly": 0
        },
        "20072": {
            "year_quarter": 20072,
            "year": 2007,
            "quarter": 2,
            "eps": null,
            "eps_growth_year": null,
            "eps_4q": null,
            "eps_4q_growth_year": null,
            "roe": null,
            "roe_4q": 0,
            "gross_profit": null,
            "gross_margin": null,
            "gross_margin_4q_avg": 0,
            "net_income": null,
            "net_income_4q": null,
            "revenue": null,
            "revenue_4q": null,
            "common_shares": null,
            "book_valuer_per_share": null,
            "book_valuer_per_share_4q_avg": 3.53,
            "equity": null,
            "current_ratio": null,
            "debt_ratio": null,
            "inventory_turnover_ratio": null,
            "account_receivable_turnover_ratio": null,
            "reinvestment_rate": null,
            "research_to_sale_ratio": null,
            "price_fair": 0,
            "eps_avg_yearly": 0,
            "eps_latest_yearly": 0,
            "eps_growth_yearly": 0
        },
        "20073": {
            "year_quarter": 20073,
            "year": 2007,
            "quarter": 3,
            "eps": null,
            "eps_growth_year": null,
            "eps_4q": null,
            "eps_4q_growth_year": null,
            "roe": null,
            "roe_4q": 0,
            "gross_profit": null,
            "gross_margin": null,
            "gross_margin_4q_avg": 0,
            "net_income": null,
            "net_income_4q": null,
            "revenue": null,
            "revenue_4q": null,
            "common_shares": null,
            "book_valuer_per_share": null,
            "book_valuer_per_share_4q_avg": 3.53,
            "equity": null,
            "current_ratio": null,
            "debt_ratio": null,
            "inventory_turnover_ratio": null,
            "account_receivable_turnover_ratio": null,
            "reinvestment_rate": null,
            "research_to_sale_ratio": null,
            "price_fair": 0,
            "eps_avg_yearly": 0,
            "eps_latest_yearly": 0,
            "eps_growth_yearly": 0
        },
        "20074": {
            "year_quarter": 20074,
            "year": 2007,
            "quarter": 4,
            "eps": null,
            "eps_growth_year": null,
            "eps_4q": null,
            "eps_4q_growth_year": null,
            "roe": null,
            "roe_4q": 0,
            "gross_profit": null,
            "gross_margin": null,
            "gross_margin_4q_avg": 0,
            "net_income": null,
            "net_income_4q": null,
            "revenue": null,
            "revenue_4q": null,
            "common_shares": 260000,
            "book_valuer_per_share": 16.58,
            "book_valuer_per_share_4q_avg": 4.15,
            "equity": 430960,
            "current_ratio": 184.56,
            "debt_ratio": 52.77,
            "inventory_turnover_ratio": null,
            "account_receivable_turnover_ratio": null,
            "reinvestment_rate": null,
            "research_to_sale_ratio": null,
            "price_fair": 0,
            "eps_avg_yearly": 0,
            "eps_latest_yearly": 0,
            "eps_growth_yearly": 0
        },
        "20081": {
            "year_quarter": 20081,
            "year": 2008,
            "quarter": 1,
            "eps": null,
            "eps_growth_year": null,
            "eps_4q": null,
            "eps_4q_growth_year": null,
            "roe": null,
            "roe_4q": 0,
            "gross_profit": null,
            "gross_margin": null,
            "gross_margin_4q_avg": 0,
            "net_income": null,
            "net_income_4q": null,
            "revenue": null,
            "revenue_4q": null,
            "common_shares": null,
            "book_valuer_per_share": null,
            "book_valuer_per_share_4q_avg": 4.15,
            "equity": null,
            "current_ratio": null,
            "debt_ratio": null,
            "inventory_turnover_ratio": null,
            "account_receivable_turnover_ratio": null,
            "reinvestment_rate": null,
            "research_to_sale_ratio": null,
            "price_fair": 0,
            "eps_avg_yearly": 0,
            "eps_latest_yearly": 0,
            "eps_growth_yearly": 0
        },
        "20082": {
            "year_quarter": 20082,
            "year": 2008,
            "quarter": 2,
            "eps": null,
            "eps_growth_year": null,
            "eps_4q": null,
            "eps_4q_growth_year": null,
            "roe": null,
            "roe_4q": 0,
            "gross_profit": null,
            "gross_margin": null,
            "gross_margin_4q_avg": 0,
            "net_income": null,
            "net_income_4q": null,
            "revenue": null,
            "revenue_4q": null,
            "common_shares": null,
            "book_valuer_per_share": null,
            "book_valuer_per_share_4q_avg": 4.15,
            "equity": null,
            "current_ratio": null,
            "debt_ratio": null,
            "inventory_turnover_ratio": null,
            "account_receivable_turnover_ratio": null,
            "reinvestment_rate": null,
            "research_to_sale_ratio": null,
            "price_fair": 0,
            "eps_avg_yearly": 0,
            "eps_latest_yearly": 0,
            "eps_growth_yearly": 0
        },
        "20083": {
            "year_quarter": 20083,
            "year": 2008,
            "quarter": 3,
            "eps": null,
            "eps_growth_year": null,
            "eps_4q": null,
            "eps_4q_growth_year": null,
            "roe": null,
            "roe_4q": 0,
            "gross_profit": null,
            "gross_margin": null,
            "gross_margin_4q_avg": 0,
            "net_income": null,
            "net_income_4q": null,
            "revenue": null,
            "revenue_4q": null,
            "common_shares": null,
            "book_valuer_per_share": null,
            "book_valuer_per_share_4q_avg": 4.15,
            "equity": null,
            "current_ratio": null,
            "debt_ratio": null,
            "inventory_turnover_ratio": null,
            "account_receivable_turnover_ratio": null,
            "reinvestment_rate": null,
            "research_to_sale_ratio": null,
            "price_fair": 0,
            "eps_avg_yearly": 0,
            "eps_latest_yearly": 0,
            "eps_growth_yearly": 0
        },
        "20084": {
            "year_quarter": 20084,
            "year": 2008,
            "quarter": 4,
            "eps": null,
            "eps_growth_year": null,
            "eps_4q": null,
            "eps_4q_growth_year": null,
            "roe": null,
            "roe_4q": 0,
            "gross_profit": null,
            "gross_margin": null,
            "gross_margin_4q_avg": 0,
            "net_income": null,
            "net_income_4q": null,
            "revenue": null,
            "revenue_4q": null,
            "common_shares": 289500,
            "book_valuer_per_share": 16.03,
            "book_valuer_per_share_4q_avg": 4.01,
            "equity": 463933,
            "current_ratio": 185.1,
            "debt_ratio": 52.38,
            "inventory_turnover_ratio": null,
            "account_receivable_turnover_ratio": null,
            "reinvestment_rate": null,
            "research_to_sale_ratio": null,
            "price_fair": 0,
            "eps_avg_yearly": 0,
            "eps_latest_yearly": 0,
            "eps_growth_yearly": 0
        },
        "20091": {
            "year_quarter": 20091,
            "year": 2009,
            "quarter": 1,
            "eps": null,
            "eps_growth_year": null,
            "eps_4q": null,
            "eps_4q_growth_year": null,
            "roe": null,
            "roe_4q": 0,
            "gross_profit": null,
            "gross_margin": null,
            "gross_margin_4q_avg": 0,
            "net_income": null,
            "net_income_4q": null,
            "revenue": null,
            "revenue_4q": null,
            "common_shares": null,
            "book_valuer_per_share": null,
            "book_valuer_per_share_4q_avg": 4.01,
            "equity": null,
            "current_ratio": null,
            "debt_ratio": null,
            "inventory_turnover_ratio": null,
            "account_receivable_turnover_ratio": null,
            "reinvestment_rate": null,
            "research_to_sale_ratio": null,
            "price_fair": 0,
            "eps_avg_yearly": 0,
            "eps_latest_yearly": 0,
            "eps_growth_yearly": 0
        },
        "20092": {
            "year_quarter": 20092,
            "year": 2009,
            "quarter": 2,
            "eps": null,
            "eps_growth_year": null,
            "eps_4q": null,
            "eps_4q_growth_year": null,
            "roe": null,
            "roe_4q": 0,
            "gross_profit": null,
            "gross_margin": null,
            "gross_margin_4q_avg": 0,
            "net_income": null,
            "net_income_4q": null,
            "revenue": null,
            "revenue_4q": null,
            "common_shares": 289500,
            "book_valuer_per_share": null,
            "book_valuer_per_share_4q_avg": 4.01,
            "equity": 445879,
            "current_ratio": null,
            "debt_ratio": null,
            "inventory_turnover_ratio": null,
            "account_receivable_turnover_ratio": null,
            "reinvestment_rate": null,
            "research_to_sale_ratio": null,
            "price_fair": 0,
            "eps_avg_yearly": 0,
            "eps_latest_yearly": 0,
            "eps_growth_yearly": 0
        },
        "20093": {
            "year_quarter": 20093,
            "year": 2009,
            "quarter": 3,
            "eps": 0.85,
            "eps_growth_year": null,
            "eps_4q": null,
            "eps_4q_growth_year": null,
            "roe": 5.77,
            "roe_4q": 5.77,
            "gross_profit": 76806,
            "gross_margin": 11.39,
            "gross_margin_4q_avg": 2.85,
            "net_income": 27246,
            "net_income_4q": null,
            "revenue": 674180,
            "revenue_4q": null,
            "common_shares": 331781,
            "book_valuer_per_share": 15.01,
            "book_valuer_per_share_4q_avg": 7.76,
            "equity": 497931,
            "current_ratio": 167.6,
            "debt_ratio": 56.19,
            "inventory_turnover_ratio": 2.78,
            "account_receivable_turnover_ratio": 3.49,
            "reinvestment_rate": null,
            "research_to_sale_ratio": null,
            "price_fair": 0,
            "eps_avg_yearly": 0,
            "eps_latest_yearly": 0,
            "eps_growth_yearly": 0
        },
        "20094": {
            "year_quarter": 20094,
            "year": 2009,
            "quarter": 4,
            "eps": 1.03,
            "eps_growth_year": null,
            "eps_4q": null,
            "eps_4q_growth_year": null,
            "roe": 6.06,
            "roe_4q": 11.829999999999998,
            "gross_profit": 86435,
            "gross_margin": 12.44,
            "gross_margin_4q_avg": 5.96,
            "net_income": 32260,
            "net_income_4q": null,
            "revenue": 694816,
            "revenue_4q": null,
            "common_shares": 337673,
            "book_valuer_per_share": 16.78,
            "book_valuer_per_share_4q_avg": 7.95,
            "equity": 566781,
            "current_ratio": 175.51,
            "debt_ratio": 54.42,
            "inventory_turnover_ratio": 2.56,
            "account_receivable_turnover_ratio": 1.95,
            "reinvestment_rate": null,
            "research_to_sale_ratio": null,
            "price_fair": 144.2,
            "eps_avg_yearly": 4.12,
            "eps_latest_yearly": 4.12,
            "eps_growth_yearly": 84.71
        },
        "20101": {
            "year_quarter": 20101,
            "year": 2010,
            "quarter": 1,
            "eps": null,
            "eps_growth_year": null,
            "eps_4q": null,
            "eps_4q_growth_year": null,
            "roe": null,
            "roe_4q": 11.829999999999998,
            "gross_profit": 111753,
            "gross_margin": null,
            "gross_margin_4q_avg": 5.96,
            "net_income": 55807,
            "net_income_4q": null,
            "revenue": 873745,
            "revenue_4q": null,
            "common_shares": 337673,
            "book_valuer_per_share": 18.44,
            "book_valuer_per_share_4q_avg": 12.56,
            "equity": 622588,
            "current_ratio": 150.27,
            "debt_ratio": 63.69,
            "inventory_turnover_ratio": null,
            "account_receivable_turnover_ratio": null,
            "reinvestment_rate": null,
            "research_to_sale_ratio": null,
            "price_fair": 144.2,
            "eps_avg_yearly": 4.12,
            "eps_latest_yearly": 4.12,
            "eps_growth_yearly": 84.71
        },
        "20102": {
            "year_quarter": 20102,
            "year": 2010,
            "quarter": 2,
            "eps": 1.37,
            "eps_growth_year": null,
            "eps_4q": 2.96,
            "eps_4q_growth_year": null,
            "roe": 8.29,
            "roe_4q": 20.119999999999997,
            "gross_profit": 148467,
            "gross_margin": 14.58,
            "gross_margin_4q_avg": 9.6,
            "net_income": 51166,
            "net_income_4q": null,
            "revenue": 1018069,
            "revenue_4q": null,
            "common_shares": 337673,
            "book_valuer_per_share": 18.1,
            "book_valuer_per_share_4q_avg": 17.08,
            "equity": 611255,
            "current_ratio": 136.46,
            "debt_ratio": 71.05,
            "inventory_turnover_ratio": 1.89,
            "account_receivable_turnover_ratio": 1.54,
            "reinvestment_rate": null,
            "research_to_sale_ratio": null,
            "price_fair": 144.2,
            "eps_avg_yearly": 4.12,
            "eps_latest_yearly": 4.12,
            "eps_growth_yearly": 84.71
        },
        "20103": {
            "year_quarter": 20103,
            "year": 2010,
            "quarter": 3,
            "eps": 1.49,
            "eps_growth_year": 75.44,
            "eps_4q": 3.71,
            "eps_4q_growth_year": null,
            "roe": 8.7,
            "roe_4q": 23.049999999999997,
            "gross_profit": 145682,
            "gross_margin": 14.2,
            "gross_margin_4q_avg": 10.31,
            "net_income": 55980,
            "net_income_4q": null,
            "revenue": 1025944,
            "revenue_4q": null,
            "common_shares": 375385,
            "book_valuer_per_share": 18.01,
            "book_valuer_per_share_4q_avg": 17.83,
            "equity": 675912,
            "current_ratio": 147.51,
            "debt_ratio": 65.46,
            "inventory_turnover_ratio": 1.6,
            "account_receivable_turnover_ratio": 0.84,
            "reinvestment_rate": null,
            "research_to_sale_ratio": 1.33,
            "price_fair": 176.4,
            "eps_avg_yearly": 5.04,
            "eps_latest_yearly": 5.96,
            "eps_growth_yearly": 59.87
        },
        "20104": {
            "year_quarter": 20104,
            "year": 2010,
            "quarter": 4,
            "eps": 1.04,
            "eps_growth_year": 0.94,
            "eps_4q": 3.84,
            "eps_4q_growth_year": null,
            "roe": 5.7,
            "roe_4q": 22.689999999999998,
            "gross_profit": 106334,
            "gross_margin": 13.35,
            "gross_margin_4q_avg": 10.53,
            "net_income": 39717,
            "net_income_4q": null,
            "revenue": 796798,
            "revenue_4q": null,
            "common_shares": 382030,
            "book_valuer_per_share": 18.8,
            "book_valuer_per_share_4q_avg": 18.34,
            "equity": 718138,
            "current_ratio": 153.85,
            "debt_ratio": 63.01,
            "inventory_turnover_ratio": 1.07,
            "account_receivable_turnover_ratio": 0.85,
            "reinvestment_rate": null,
            "research_to_sale_ratio": 1.94,
            "price_fair": 14.24,
            "eps_avg_yearly": 4.75,
            "eps_latest_yearly": 4.16,
            "eps_growth_yearly": -0.35
        },
        "20111": {
            "year_quarter": 20111,
            "year": 2011,
            "quarter": 1,
            "eps": 1.11,
            "eps_growth_year": null,
            "eps_4q": 4.95,
            "eps_4q_growth_year": null,
            "roe": 5.71,
            "roe_4q": 28.4,
            "gross_profit": 93799,
            "gross_margin": 11.24,
            "gross_margin_4q_avg": 13.34,
            "net_income": 42351,
            "net_income_4q": null,
            "revenue": 834452,
            "revenue_4q": null,
            "common_shares": 382030,
            "book_valuer_per_share": 20,
            "book_valuer_per_share_4q_avg": 18.73,
            "equity": 764168,
            "current_ratio": 175.85,
            "debt_ratio": 54.69,
            "inventory_turnover_ratio": 1.17,
            "account_receivable_turnover_ratio": 1.16,
            "reinvestment_rate": null,
            "research_to_sale_ratio": 1.36,
            "price_fair": 76.89,
            "eps_avg_yearly": 4.67,
            "eps_latest_yearly": 4.44,
            "eps_growth_yearly": 6.47
        },
        "20112": {
            "year_quarter": 20112,
            "year": 2011,
            "quarter": 2,
            "eps": 0.95,
            "eps_growth_year": -30.75,
            "eps_4q": 3.89,
            "eps_4q_growth_year": 31.74,
            "roe": 5.33,
            "roe_4q": 25.439999999999998,
            "gross_profit": 108087,
            "gross_margin": 14.62,
            "gross_margin_4q_avg": 13.35,
            "net_income": 44323,
            "net_income_4q": null,
            "revenue": 739182,
            "revenue_4q": null,
            "common_shares": 430160,
            "book_valuer_per_share": 20.88,
            "book_valuer_per_share_4q_avg": 19.42,
            "equity": 898241,
            "current_ratio": 191.42,
            "debt_ratio": 50.54,
            "inventory_turnover_ratio": 1.1,
            "account_receivable_turnover_ratio": 1.06,
            "reinvestment_rate": null,
            "research_to_sale_ratio": 1.42,
            "price_fair": 13.49,
            "eps_avg_yearly": 4.5,
            "eps_latest_yearly": 3.8,
            "eps_growth_yearly": -6.36
        },
        "20113": {
            "year_quarter": 20113,
            "year": 2011,
            "quarter": 3,
            "eps": 0.67,
            "eps_growth_year": -55.34,
            "eps_4q": 3.36,
            "eps_4q_growth_year": -9.4,
            "roe": 3.46,
            "roe_4q": 20.2,
            "gross_profit": 86109,
            "gross_margin": 12.52,
            "gross_margin_4q_avg": 12.93,
            "net_income": 31191,
            "net_income_4q": null,
            "revenue": 687751,
            "revenue_4q": null,
            "common_shares": 468363,
            "book_valuer_per_share": 19.31,
            "book_valuer_per_share_4q_avg": 19.75,
            "equity": 904546,
            "current_ratio": 214.29,
            "debt_ratio": 45.06,
            "inventory_turnover_ratio": 0.99,
            "account_receivable_turnover_ratio": 1.03,
            "reinvestment_rate": null,
            "research_to_sale_ratio": 1.32,
            "price_fair": 12.58,
            "eps_avg_yearly": 4.19,
            "eps_latest_yearly": 2.68,
            "eps_growth_yearly": -24.95
        },
        "20114": {
            "year_quarter": 20114,
            "year": 2011,
            "quarter": 4,
            "eps": 0.39,
            "eps_growth_year": -62.91,
            "eps_4q": 2.94,
            "eps_4q_growth_year": -23.58,
            "roe": 1.95,
            "roe_4q": 16.45,
            "gross_profit": 81822,
            "gross_margin": 13.97,
            "gross_margin_4q_avg": 13.09,
            "net_income": 17809,
            "net_income_4q": null,
            "revenue": 585715,
            "revenue_4q": null,
            "common_shares": 469298,
            "book_valuer_per_share": 0,
            "book_valuer_per_share_4q_avg": 15.05,
            "equity": 918005,
            "current_ratio": 246.88,
            "debt_ratio": 39.16,
            "inventory_turnover_ratio": 0.92,
            "account_receivable_turnover_ratio": 1.02,
            "reinvestment_rate": null,
            "research_to_sale_ratio": 1.71,
            "price_fair": 11.45,
            "eps_avg_yearly": 3.82,
            "eps_latest_yearly": 1.56,
            "eps_growth_yearly": -45.27
        },
        "20121": {
            "year_quarter": 20121,
            "year": 2012,
            "quarter": 1,
            "eps": 0.56,
            "eps_growth_year": -49.55,
            "eps_4q": 2.57,
            "eps_4q_growth_year": -48.03,
            "roe": 2.77,
            "roe_4q": 13.51,
            "gross_profit": 77193,
            "gross_margin": 12.66,
            "gross_margin_4q_avg": 13.44,
            "net_income": 25976,
            "net_income_4q": null,
            "revenue": 609681,
            "revenue_4q": null,
            "common_shares": 470983,
            "book_valuer_per_share": 20.72,
            "book_valuer_per_share_4q_avg": 15.23,
            "equity": 960536,
            "current_ratio": 277.68,
            "debt_ratio": 34.5,
            "inventory_turnover_ratio": 1.22,
            "account_receivable_turnover_ratio": 1.11,
            "reinvestment_rate": null,
            "research_to_sale_ratio": 1.78,
            "price_fair": 10.86,
            "eps_avg_yearly": 3.62,
            "eps_latest_yearly": 2.24,
            "eps_growth_yearly": -17.81
        },
        "20122": {
            "year_quarter": 20122,
            "year": 2012,
            "quarter": 2,
            "eps": 0.9,
            "eps_growth_year": -4.56,
            "eps_4q": 2.4,
            "eps_4q_growth_year": -38.34,
            "roe": 4.84,
            "roe_4q": 13.02,
            "gross_profit": 96959,
            "gross_margin": 13.31,
            "gross_margin_4q_avg": 13.12,
            "net_income": 45208,
            "net_income_4q": null,
            "revenue": 728560,
            "revenue_4q": null,
            "common_shares": 470983,
            "book_valuer_per_share": 19.62,
            "book_valuer_per_share_4q_avg": 14.91,
            "equity": 909387,
            "current_ratio": 232.36,
            "debt_ratio": 41.52,
            "inventory_turnover_ratio": 1.63,
            "account_receivable_turnover_ratio": 1.18,
            "reinvestment_rate": null,
            "research_to_sale_ratio": 1.57,
            "price_fair": 76.52,
            "eps_avg_yearly": 3.62,
            "eps_latest_yearly": 3.6,
            "eps_growth_yearly": 11.15
        },
        "20123": {
            "year_quarter": 20123,
            "year": 2012,
            "quarter": 3,
            "eps": 0.94,
            "eps_growth_year": 40.64,
            "eps_4q": 2.71,
            "eps_4q_growth_year": -19.33,
            "roe": 5.01,
            "roe_4q": 14.569999999999999,
            "gross_profit": 111097,
            "gross_margin": 15.86,
            "gross_margin_4q_avg": 13.95,
            "net_income": 46889,
            "net_income_4q": null,
            "revenue": 700638,
            "revenue_4q": null,
            "common_shares": 508132,
            "book_valuer_per_share": 19.19,
            "book_valuer_per_share_4q_avg": 14.88,
            "equity": 960865,
            "current_ratio": 278.99,
            "debt_ratio": 34.49,
            "inventory_turnover_ratio": 1.57,
            "account_receivable_turnover_ratio": 1.07,
            "reinvestment_rate": null,
            "research_to_sale_ratio": 1.63,
            "price_fair": 79.23,
            "eps_avg_yearly": 3.63,
            "eps_latest_yearly": 3.76,
            "eps_growth_yearly": 11.81
        },
        "20124": {
            "year_quarter": 20124,
            "year": 2012,
            "quarter": 4,
            "eps": 0.49,
            "eps_growth_year": 28.16,
            "eps_4q": 2.85,
            "eps_4q_growth_year": -2.92,
            "roe": 2.54,
            "roe_4q": 15.16,
            "gross_profit": 75120,
            "gross_margin": 12.85,
            "gross_margin_4q_avg": 13.67,
            "net_income": 24751,
            "net_income_4q": null,
            "revenue": 584540,
            "revenue_4q": null,
            "common_shares": 508282,
            "book_valuer_per_share": 19.74,
            "book_valuer_per_share_4q_avg": 19.82,
            "equity": 988390,
            "current_ratio": 303.79,
            "debt_ratio": 31.68,
            "inventory_turnover_ratio": 1.42,
            "account_receivable_turnover_ratio": 1,
            "reinvestment_rate": null,
            "research_to_sale_ratio": 1.93,
            "price_fair": 10.44,
            "eps_avg_yearly": 3.48,
            "eps_latest_yearly": 1.96,
            "eps_growth_yearly": -6.67
        },
        "20131": {
            "year_quarter": 20131,
            "year": 2013,
            "quarter": 1,
            "eps": 0.54,
            "eps_growth_year": -3.57,
            "eps_4q": 2.83,
            "eps_4q_growth_year": 10.06,
            "roe": 2.7,
            "roe_4q": 15.09,
            "gross_profit": 74810,
            "gross_margin": 13.12,
            "gross_margin_4q_avg": 13.79,
            "net_income": 27172,
            "net_income_4q": null,
            "revenue": 570368,
            "revenue_4q": null,
            "common_shares": 508382,
            "book_valuer_per_share": 20.09,
            "book_valuer_per_share_4q_avg": 19.66,
            "equity": 1021455,
            "current_ratio": 302.38,
            "debt_ratio": 31.92,
            "inventory_turnover_ratio": 1.43,
            "account_receivable_turnover_ratio": 1.07,
            "reinvestment_rate": null,
            "research_to_sale_ratio": 1.87,
            "price_fair": 10.11,
            "eps_avg_yearly": 3.37,
            "eps_latest_yearly": 2.16,
            "eps_growth_yearly": -2.71
        },
        "20132": {
            "year_quarter": 20132,
            "year": 2013,
            "quarter": 2,
            "eps": 0.73,
            "eps_growth_year": -19.17,
            "eps_4q": 2.61,
            "eps_4q_growth_year": 8.64,
            "roe": 3.87,
            "roe_4q": 14.12,
            "gross_profit": 95621,
            "gross_margin": 14.55,
            "gross_margin_4q_avg": 14.1,
            "net_income": 38371,
            "net_income_4q": null,
            "revenue": 657272,
            "revenue_4q": null,
            "common_shares": 533426,
            "book_valuer_per_share": 18.29,
            "book_valuer_per_share_4q_avg": 19.33,
            "equity": 962178,
            "current_ratio": 246.64,
            "debt_ratio": 39.22,
            "inventory_turnover_ratio": 1.51,
            "account_receivable_turnover_ratio": 1.11,
            "reinvestment_rate": 7.98,
            "research_to_sale_ratio": 1.77,
            "price_fair": 61.12,
            "eps_avg_yearly": 3.34,
            "eps_latest_yearly": 2.92,
            "eps_growth_yearly": 8.32
        },
        "20133": {
            "year_quarter": 20133,
            "year": 2013,
            "quarter": 3,
            "eps": 0.85,
            "eps_growth_year": -9.25,
            "eps_4q": 2.57,
            "eps_4q_growth_year": -5.43,
            "roe": 4.51,
            "roe_4q": 13.619999999999997,
            "gross_profit": 107366,
            "gross_margin": 15.44,
            "gross_margin_4q_avg": 13.99,
            "net_income": 44701,
            "net_income_4q": null,
            "revenue": 695463,
            "revenue_4q": null,
            "common_shares": 533426,
            "book_valuer_per_share": 19.37,
            "book_valuer_per_share_4q_avg": 19.37,
            "equity": 1018912,
            "current_ratio": 250.14,
            "debt_ratio": 38.52,
            "inventory_turnover_ratio": 1.35,
            "account_receivable_turnover_ratio": 1.11,
            "reinvestment_rate": 9.65,
            "research_to_sale_ratio": 1.75,
            "price_fair": 74.9,
            "eps_avg_yearly": 3.34,
            "eps_latest_yearly": 3.4,
            "eps_growth_yearly": 12.43
        },
        "20134": {
            "year_quarter": 20134,
            "year": 2013,
            "quarter": 4,
            "eps": 0.69,
            "eps_growth_year": 39.37,
            "eps_4q": 2.79,
            "eps_4q_growth_year": -2.35,
            "roe": 3.5,
            "roe_4q": 14.579999999999998,
            "gross_profit": 90484,
            "gross_margin": 14.55,
            "gross_margin_4q_avg": 14.42,
            "net_income": 36227,
            "net_income_4q": null,
            "revenue": 622032,
            "revenue_4q": null,
            "common_shares": 533426,
            "book_valuer_per_share": 19.98,
            "book_valuer_per_share_4q_avg": 19.43,
            "equity": 1051020,
            "current_ratio": 257.24,
            "debt_ratio": 37.67,
            "inventory_turnover_ratio": 1.1,
            "account_receivable_turnover_ratio": 1.07,
            "reinvestment_rate": 3.34,
            "research_to_sale_ratio": 1.98,
            "price_fair": 32.43,
            "eps_avg_yearly": 3.24,
            "eps_latest_yearly": 2.76,
            "eps_growth_yearly": 1
        },
        "20141": {
            "year_quarter": 20141,
            "year": 2014,
            "quarter": 1,
            "eps": 0.73,
            "eps_growth_year": 35.19,
            "eps_4q": 2.96,
            "eps_4q_growth_year": 4.56,
            "roe": 3.56,
            "roe_4q": 15.440000000000001,
            "gross_profit": 105944,
            "gross_margin": 16.15,
            "gross_margin_4q_avg": 15.17,
            "net_income": 38714,
            "net_income_4q": null,
            "revenue": 655994,
            "revenue_4q": null,
            "common_shares": 533426,
            "book_valuer_per_share": 21.02,
            "book_valuer_per_share_4q_avg": 19.67,
            "equity": 1121513,
            "current_ratio": 283.05,
            "debt_ratio": 34.23,
            "inventory_turnover_ratio": 1.17,
            "account_receivable_turnover_ratio": 1.16,
            "reinvestment_rate": 9.25,
            "research_to_sale_ratio": 1.84,
            "price_fair": 40.19,
            "eps_avg_yearly": 3.22,
            "eps_latest_yearly": 2.92,
            "eps_growth_yearly": 2.48
        },
        "20142": {
            "year_quarter": 20142,
            "year": 2014,
            "quarter": 2,
            "eps": 1.01,
            "eps_growth_year": 38.36,
            "eps_4q": 3.18,
            "eps_4q_growth_year": 22.04,
            "roe": 5.05,
            "roe_4q": 16.619999999999997,
            "gross_profit": 121683,
            "gross_margin": 13.62,
            "gross_margin_4q_avg": 14.94,
            "net_income": 55259,
            "net_income_4q": null,
            "revenue": 893398,
            "revenue_4q": null,
            "common_shares": 533426,
            "book_valuer_per_share": 19.97,
            "book_valuer_per_share_4q_avg": 20.09,
            "equity": 1065101,
            "current_ratio": 196.74,
            "debt_ratio": 49.23,
            "inventory_turnover_ratio": 1.27,
            "account_receivable_turnover_ratio": 1.29,
            "reinvestment_rate": -3.6,
            "research_to_sale_ratio": 1.55,
            "price_fair": 71.7,
            "eps_avg_yearly": 3.27,
            "eps_latest_yearly": 4.04,
            "eps_growth_yearly": 11.91
        },
        "20143": {
            "year_quarter": 20143,
            "year": 2014,
            "quarter": 3,
            "eps": 0.89,
            "eps_growth_year": 4.71,
            "eps_4q": 3.26,
            "eps_4q_growth_year": 27.1,
            "roe": 4.46,
            "roe_4q": 16.57,
            "gross_profit": 113396,
            "gross_margin": 12.74,
            "gross_margin_4q_avg": 14.27,
            "net_income": 49041,
            "net_income_4q": null,
            "revenue": 890283,
            "revenue_4q": null,
            "common_shares": 549429,
            "book_valuer_per_share": 20.6,
            "book_valuer_per_share_4q_avg": 20.39,
            "equity": 1132051,
            "current_ratio": 181.56,
            "debt_ratio": 53.04,
            "inventory_turnover_ratio": 0.98,
            "account_receivable_turnover_ratio": 1.09,
            "reinvestment_rate": -4.08,
            "research_to_sale_ratio": 1.66,
            "price_fair": 52.3,
            "eps_avg_yearly": 3.12,
            "eps_latest_yearly": 3.56,
            "eps_growth_yearly": 6.75
        },
        "20144": {
            "year_quarter": 20144,
            "year": 2014,
            "quarter": 4,
            "eps": 0.58,
            "eps_growth_year": -15.58,
            "eps_4q": 3.18,
            "eps_4q_growth_year": 14.34,
            "roe": 2.79,
            "roe_4q": 15.860000000000001,
            "gross_profit": 119005,
            "gross_margin": 15.85,
            "gross_margin_4q_avg": 14.59,
            "net_income": 31950,
            "net_income_4q": null,
            "revenue": 750877,
            "revenue_4q": null,
            "common_shares": 549429,
            "book_valuer_per_share": 21.06,
            "book_valuer_per_share_4q_avg": 20.66,
            "equity": 1156884,
            "current_ratio": 189.17,
            "debt_ratio": 51.09,
            "inventory_turnover_ratio": 0.78,
            "account_receivable_turnover_ratio": 0.99,
            "reinvestment_rate": -4.81,
            "research_to_sale_ratio": 2.31,
            "price_fair": 46.9,
            "eps_avg_yearly": 3.01,
            "eps_latest_yearly": 2.32,
            "eps_growth_yearly": 5.59
        },
        "20151": {
            "year_quarter": 20151,
            "year": 2015,
            "quarter": 1,
            "eps": 1.02,
            "eps_growth_year": 39.73,
            "eps_4q": 3.5,
            "eps_4q_growth_year": 18.19,
            "roe": 4.75,
            "roe_4q": 17.05,
            "gross_profit": 133396,
            "gross_margin": 16.69,
            "gross_margin_4q_avg": 14.73,
            "net_income": 56111,
            "net_income_4q": null,
            "revenue": 799028,
            "revenue_4q": null,
            "common_shares": 549429,
            "book_valuer_per_share": 21.93,
            "book_valuer_per_share_4q_avg": 20.89,
            "equity": 1205082,
            "current_ratio": 199.55,
            "debt_ratio": 48.73,
            "inventory_turnover_ratio": 0.75,
            "account_receivable_turnover_ratio": 1.16,
            "reinvestment_rate": -7.23,
            "research_to_sale_ratio": 1.85,
            "price_fair": 98.13,
            "eps_avg_yearly": 2.99,
            "eps_latest_yearly": 4.08,
            "eps_growth_yearly": 22.88
        },
        "20152": {
            "year_quarter": 20152,
            "year": 2015,
            "quarter": 2,
            "eps": 0.84,
            "eps_growth_year": -16.83,
            "eps_4q": 3.27,
            "eps_4q_growth_year": 2.57,
            "roe": 4.08,
            "roe_4q": 16.080000000000002,
            "gross_profit": 114325,
            "gross_margin": 13.15,
            "gross_margin_4q_avg": 14.61,
            "net_income": 47680,
            "net_income_4q": null,
            "revenue": 869666,
            "revenue_4q": null,
            "common_shares": 549429,
            "book_valuer_per_share": 20.57,
            "book_valuer_per_share_4q_avg": 21.04,
            "equity": 1130285,
            "current_ratio": 188.38,
            "debt_ratio": 51.58,
            "inventory_turnover_ratio": 0.81,
            "account_receivable_turnover_ratio": 1.2,
            "reinvestment_rate": -7.31,
            "research_to_sale_ratio": 1.75,
            "price_fair": 94.84,
            "eps_avg_yearly": 2.96,
            "eps_latest_yearly": 3.36,
            "eps_growth_yearly": 22.07
        },
        "20153": {
            "year_quarter": 20153,
            "year": 2015,
            "quarter": 3,
            "eps": 0.9,
            "eps_growth_year": 1.12,
            "eps_4q": 3.29,
            "eps_4q_growth_year": 1,
            "roe": 4.41,
            "roe_4q": 16.03,
            "gross_profit": 146423,
            "gross_margin": 17.37,
            "gross_margin_4q_avg": 15.77,
            "net_income": 50721,
            "net_income_4q": null,
            "revenue": 842915,
            "revenue_4q": null,
            "common_shares": 565911,
            "book_valuer_per_share": 20.69,
            "book_valuer_per_share_4q_avg": 21.06,
            "equity": 1170918,
            "current_ratio": 188.98,
            "debt_ratio": 51.68,
            "inventory_turnover_ratio": 0.74,
            "account_receivable_turnover_ratio": 1.1,
            "reinvestment_rate": -7.65,
            "research_to_sale_ratio": 1.87,
            "price_fair": 105.53,
            "eps_avg_yearly": 3.02,
            "eps_latest_yearly": 3.6,
            "eps_growth_yearly": 31.22
        },
        "20154": {
            "year_quarter": 20154,
            "year": 2015,
            "quarter": 4,
            "eps": 0.68,
            "eps_growth_year": 17.47,
            "eps_4q": 3.41,
            "eps_4q_growth_year": 7.19,
            "roe": 3.26,
            "roe_4q": 16.5,
            "gross_profit": 104261,
            "gross_margin": 14.03,
            "gross_margin_4q_avg": 15.31,
            "net_income": 38658,
            "net_income_4q": null,
            "revenue": 743128,
            "revenue_4q": null,
            "common_shares": 565911,
            "book_valuer_per_share": 21.24,
            "book_valuer_per_share_4q_avg": 21.11,
            "equity": 1201924,
            "current_ratio": 213.62,
            "debt_ratio": 45.84,
            "inventory_turnover_ratio": 0.67,
            "account_receivable_turnover_ratio": 1.05,
            "reinvestment_rate": 1.66,
            "research_to_sale_ratio": 1.99,
            "price_fair": 108.06,
            "eps_avg_yearly": 3.09,
            "eps_latest_yearly": 2.72,
            "eps_growth_yearly": 35.56
        },
        "20161": {
            "year_quarter": 20161,
            "year": 2016,
            "quarter": 1,
            "eps": 0.86,
            "eps_growth_year": -15.69,
            "eps_4q": 3.07,
            "eps_4q_growth_year": -12.36,
            "roe": 4.02,
            "roe_4q": 15.77,
            "gross_profit": 128726,
            "gross_margin": 17,
            "gross_margin_4q_avg": 15.39,
            "net_income": 51918,
            "net_income_4q": null,
            "revenue": 757101,
            "revenue_4q": null,
            "common_shares": 615911,
            "book_valuer_per_share": 22.38,
            "book_valuer_per_share_4q_avg": 21.22,
            "equity": 1378226,
            "current_ratio": 242.42,
            "debt_ratio": 40.18,
            "inventory_turnover_ratio": 0.74,
            "account_receivable_turnover_ratio": 1.27,
            "reinvestment_rate": 2.58,
            "research_to_sale_ratio": 1.88,
            "price_fair": 110.69,
            "eps_avg_yearly": 3.16,
            "eps_latest_yearly": 3.44,
            "eps_growth_yearly": 31.28
        },
        "20162": {
            "year_quarter": 20162,
            "year": 2016,
            "quarter": 2,
            "eps": 0.7,
            "eps_growth_year": -16.67,
            "eps_4q": 2.94,
            "eps_4q_growth_year": -10.01,
            "roe": 3.26,
            "roe_4q": 14.95,
            "gross_profit": 104905,
            "gross_margin": 13.04,
            "gross_margin_4q_avg": 15.36,
            "net_income": 43307,
            "net_income_4q": null,
            "revenue": 804769,
            "revenue_4q": null,
            "common_shares": 615911,
            "book_valuer_per_share": 20.8,
            "book_valuer_per_share_4q_avg": 21.28,
            "equity": 1281150,
            "current_ratio": 206.46,
            "debt_ratio": 47.06,
            "inventory_turnover_ratio": 0.82,
            "account_receivable_turnover_ratio": 1.28,
            "reinvestment_rate": 4.29,
            "research_to_sale_ratio": 1.89,
            "price_fair": 66.76,
            "eps_avg_yearly": 3.11,
            "eps_latest_yearly": 2.8,
            "eps_growth_yearly": 11.45
        },
        "20163": {
            "year_quarter": 20163,
            "year": 2016,
            "quarter": 3,
            "eps": 0.6,
            "eps_growth_year": -33.33,
            "eps_4q": 2.72,
            "eps_4q_growth_year": -17.48,
            "roe": 2.88,
            "roe_4q": 13.42,
            "gross_profit": 100816,
            "gross_margin": 12.05,
            "gross_margin_4q_avg": 14.03,
            "net_income": 37645,
            "net_income_4q": null,
            "revenue": 836652,
            "revenue_4q": null,
            "common_shares": 630854,
            "book_valuer_per_share": 21.06,
            "book_valuer_per_share_4q_avg": 21.37,
            "equity": 1328753,
            "current_ratio": 231.98,
            "debt_ratio": 41.83,
            "inventory_turnover_ratio": 0.77,
            "account_receivable_turnover_ratio": 1.18,
            "reinvestment_rate": 3.94,
            "research_to_sale_ratio": 1.72,
            "price_fair": 50.76,
            "eps_avg_yearly": 3.03,
            "eps_latest_yearly": 2.4,
            "eps_growth_yearly": 6.77
        },
        "20164": {
            "year_quarter": 20164,
            "year": 2016,
            "quarter": 4,
            "eps": 0.52,
            "eps_growth_year": -24.07,
            "eps_4q": 2.62,
            "eps_4q_growth_year": -23.15,
            "roe": 2.43,
            "roe_4q": 12.59,
            "gross_profit": 91341,
            "gross_margin": 13.01,
            "gross_margin_4q_avg": 13.78,
            "net_income": 32750,
            "net_income_4q": null,
            "revenue": 701918,
            "revenue_4q": null,
            "common_shares": 631364,
            "book_valuer_per_share": 21.65,
            "book_valuer_per_share_4q_avg": 21.47,
            "equity": 1367199,
            "current_ratio": 255.4,
            "debt_ratio": 37.73,
            "inventory_turnover_ratio": 0.61,
            "account_receivable_turnover_ratio": 1.01,
            "reinvestment_rate": 5.86,
            "research_to_sale_ratio": 1.92,
            "price_fair": 77.09,
            "eps_avg_yearly": 3.04,
            "eps_latest_yearly": 2.08,
            "eps_growth_yearly": 15.4
        },
        "20171": {
            "year_quarter": 20171,
            "year": 2017,
            "quarter": 1,
            "eps": 0.63,
            "eps_growth_year": -26.74,
            "eps_4q": 2.43,
            "eps_4q_growth_year": -20.73,
            "roe": 2.84,
            "roe_4q": 11.409999999999998,
            "gross_profit": 111221,
            "gross_margin": 12.97,
            "gross_margin_4q_avg": 12.77,
            "net_income": 39855,
            "net_income_4q": null,
            "revenue": 857755,
            "revenue_4q": null,
            "common_shares": 631364,
            "book_valuer_per_share": 22.73,
            "book_valuer_per_share_4q_avg": 21.56,
            "equity": 1434806,
            "current_ratio": 258.53,
            "debt_ratio": 36.96,
            "inventory_turnover_ratio": 0.73,
            "account_receivable_turnover_ratio": 1.21,
            "reinvestment_rate": 7.34,
            "research_to_sale_ratio": 1.81,
            "price_fair": 86.03,
            "eps_avg_yearly": 3.06,
            "eps_latest_yearly": 2.52,
            "eps_growth_yearly": 18.14
        },
        "20172": {
            "year_quarter": 20172,
            "year": 2017,
            "quarter": 2,
            "eps": 0.82,
            "eps_growth_year": 17.14,
            "eps_4q": 2.55,
            "eps_4q_growth_year": -13.17,
            "roe": 3.79,
            "roe_4q": 11.940000000000001,
            "gross_profit": 128707,
            "gross_margin": 13.19,
            "gross_margin_4q_avg": 12.81,
            "net_income": 52446,
            "net_income_4q": null,
            "revenue": 976134,
            "revenue_4q": null,
            "common_shares": 631364,
            "book_valuer_per_share": 21.1,
            "book_valuer_per_share_4q_avg": 21.64,
            "equity": 1332314,
            "current_ratio": 207.96,
            "debt_ratio": 46.01,
            "inventory_turnover_ratio": 0.87,
            "account_receivable_turnover_ratio": 1.2,
            "reinvestment_rate": 7.45,
            "research_to_sale_ratio": 1.77,
            "price_fair": 82.8,
            "eps_avg_yearly": 3.08,
            "eps_latest_yearly": 3.28,
            "eps_growth_yearly": 16.88
        },
        "20173": {
            "year_quarter": 20173,
            "year": 2017,
            "quarter": 3,
            "eps": 0.55,
            "eps_growth_year": -8.33,
            "eps_4q": 2.51,
            "eps_4q_growth_year": -7.83,
            "roe": 2.61,
            "roe_4q": 11.67,
            "gross_profit": 113329,
            "gross_margin": 10.85,
            "gross_margin_4q_avg": 12.51,
            "net_income": 35320,
            "net_income_4q": null,
            "revenue": 1044513,
            "revenue_4q": null,
            "common_shares": 639925,
            "book_valuer_per_share": 21.44,
            "book_valuer_per_share_4q_avg": 21.73,
            "equity": 1372198,
            "current_ratio": 204.86,
            "debt_ratio": 46.88,
            "inventory_turnover_ratio": 0.98,
            "account_receivable_turnover_ratio": 1.11,
            "reinvestment_rate": 5.43,
            "research_to_sale_ratio": 1.57,
            "price_fair": 43.7,
            "eps_avg_yearly": 3.01,
            "eps_latest_yearly": 2.2,
            "eps_growth_yearly": 4.54
        },
        "20174": {
            "year_quarter": 20174,
            "year": 2017,
            "quarter": 4,
            "eps": 0.57,
            "eps_growth_year": 10.64,
            "eps_4q": 2.57,
            "eps_4q_growth_year": -2.19,
            "roe": 2.64,
            "roe_4q": 11.879999999999999,
            "gross_profit": 104025,
            "gross_margin": 11.03,
            "gross_margin_4q_avg": 12.01,
            "net_income": 36770,
            "net_income_4q": null,
            "revenue": 942874,
            "revenue_4q": null,
            "common_shares": 640713,
            "book_valuer_per_share": 22.05,
            "book_valuer_per_share_4q_avg": 21.83,
            "equity": 1413013,
            "current_ratio": 197.25,
            "debt_ratio": 48.74,
            "inventory_turnover_ratio": 0.79,
            "account_receivable_turnover_ratio": 0.95,
            "reinvestment_rate": 6.08,
            "research_to_sale_ratio": 1.66,
            "price_fair": 59.96,
            "eps_avg_yearly": 2.98,
            "eps_latest_yearly": 2.28,
            "eps_growth_yearly": 10.16
        },
        "20181": {
            "year_quarter": 20181,
            "year": 2018,
            "quarter": 1,
            "eps": 0.64,
            "eps_growth_year": 1.59,
            "eps_4q": 2.58,
            "eps_4q_growth_year": 6.28,
            "roe": 2.87,
            "roe_4q": 11.91,
            "gross_profit": 119166,
            "gross_margin": 11.42,
            "gross_margin_4q_avg": 11.62,
            "net_income": 41088,
            "net_income_4q": null,
            "revenue": 1043630,
            "revenue_4q": null,
            "common_shares": 640713,
            "book_valuer_per_share": 22.68,
            "book_valuer_per_share_4q_avg": 21.82,
            "equity": 1453238,
            "current_ratio": 194.12,
            "debt_ratio": 49.69,
            "inventory_turnover_ratio": 0.77,
            "account_receivable_turnover_ratio": 1.03,
            "reinvestment_rate": -5.83,
            "research_to_sale_ratio": 1.7,
            "price_fair": 64.3,
            "eps_avg_yearly": 2.95,
            "eps_latest_yearly": 2.56,
            "eps_growth_yearly": 11.78
        },
        "20182": {
            "year_quarter": 20182,
            "year": 2018,
            "quarter": 2,
            "eps": 0.83,
            "eps_growth_year": 1.22,
            "eps_4q": 2.58,
            "eps_4q_growth_year": 1,
            "roe": 3.93,
            "roe_4q": 12.05,
            "gross_profit": 169757,
            "gross_margin": 14.75,
            "gross_margin_4q_avg": 12.01,
            "net_income": 55221,
            "net_income_4q": null,
            "revenue": 1150763,
            "revenue_4q": null,
            "common_shares": 640713,
            "book_valuer_per_share": 21.16,
            "book_valuer_per_share_4q_avg": 21.83,
            "equity": 1355436,
            "current_ratio": 166.57,
            "debt_ratio": 58.15,
            "inventory_turnover_ratio": 0.79,
            "account_receivable_turnover_ratio": 1.04,
            "reinvestment_rate": -5.36,
            "research_to_sale_ratio": 1.6,
            "price_fair": 57.01,
            "eps_avg_yearly": 2.91,
            "eps_latest_yearly": 3.32,
            "eps_growth_yearly": 9.61
        },
        "20183": {
            "year_quarter": 20183,
            "year": 2018,
            "quarter": 3,
            "eps": 0.68,
            "eps_growth_year": 23.64,
            "eps_4q": 2.7,
            "eps_4q_growth_year": 7.93,
            "roe": 3.22,
            "roe_4q": 12.66,
            "gross_profit": 153427,
            "gross_margin": 14.78,
            "gross_margin_4q_avg": 13,
            "net_income": 44358,
            "net_income_4q": null,
            "revenue": 1038420,
            "revenue_4q": null,
            "common_shares": 655972,
            "book_valuer_per_share": 21.4,
            "book_valuer_per_share_4q_avg": 21.82,
            "equity": 1403607,
            "current_ratio": 182.11,
            "debt_ratio": 53.32,
            "inventory_turnover_ratio": 0.72,
            "account_receivable_turnover_ratio": 0.92,
            "reinvestment_rate": -8.91,
            "research_to_sale_ratio": 1.76,
            "price_fair": 51.57,
            "eps_avg_yearly": 2.86,
            "eps_latest_yearly": 2.72,
            "eps_growth_yearly": 8.06
        },
        "20184": {
            "year_quarter": 20184,
            "year": 2018,
            "quarter": 4,
            "eps": 0.56,
            "eps_growth_year": -2.46,
            "eps_4q": 2.7,
            "eps_4q_growth_year": 5.4,
            "roe": 2.58,
            "roe_4q": 12.600000000000001,
            "gross_profit": 132379,
            "gross_margin": 14.88,
            "gross_margin_4q_avg": 13.96,
            "net_income": 36721,
            "net_income_4q": null,
            "revenue": 889934,
            "revenue_4q": null,
            "common_shares": 655972,
            "book_valuer_per_share": 22.05,
            "book_valuer_per_share_4q_avg": 21.82,
            "equity": 1446683,
            "current_ratio": 178.67,
            "debt_ratio": 54.54,
            "inventory_turnover_ratio": 0.57,
            "account_receivable_turnover_ratio": 0.91,
            "reinvestment_rate": -8.63,
            "research_to_sale_ratio": 2,
            "price_fair": 63.72,
            "eps_avg_yearly": 2.85,
            "eps_latest_yearly": 2.24,
            "eps_growth_yearly": 12.36
        },
        "20191": {
            "year_quarter": 20191,
            "year": 2019,
            "quarter": 1,
            "eps": 0.66,
            "eps_growth_year": 3.12,
            "eps_4q": 2.74,
            "eps_4q_growth_year": 6.02,
            "roe": 2.96,
            "roe_4q": 12.69,
            "gross_profit": 134360,
            "gross_margin": 14.62,
            "gross_margin_4q_avg": 14.76,
            "net_income": 43483,
            "net_income_4q": null,
            "revenue": 919256,
            "revenue_4q": null,
            "common_shares": 655972,
            "book_valuer_per_share": 22.75,
            "book_valuer_per_share_4q_avg": 21.84,
            "equity": 1492562,
            "current_ratio": 173.1,
            "debt_ratio": 56.39,
            "inventory_turnover_ratio": 0.53,
            "account_receivable_turnover_ratio": 1.01,
            "reinvestment_rate": -7.61,
            "research_to_sale_ratio": 1.72,
            "price_fair": 8.28,
            "eps_avg_yearly": 2.76,
            "eps_latest_yearly": 2.64,
            "eps_growth_yearly": -2.14
        },
        "20192": {
            "year_quarter": 20192,
            "year": 2019,
            "quarter": 2,
            "eps": 0.75,
            "eps_growth_year": -9.64,
            "eps_4q": 2.65,
            "eps_4q_growth_year": 2.83,
            "roe": 3.44,
            "roe_4q": 12.200000000000001,
            "gross_profit": 145903,
            "gross_margin": 13.97,
            "gross_margin_4q_avg": 14.56,
            "net_income": 49247,
            "net_income_4q": null,
            "revenue": 1044266,
            "revenue_4q": null,
            "common_shares": 655972,
            "book_valuer_per_share": 20.89,
            "book_valuer_per_share_4q_avg": 21.77,
            "equity": 1370100,
            "current_ratio": 151.66,
            "debt_ratio": 64.41,
            "inventory_turnover_ratio": 0.55,
            "account_receivable_turnover_ratio": 1.02,
            "reinvestment_rate": -6.82,
            "research_to_sale_ratio": 1.84,
            "price_fair": 42.92,
            "eps_avg_yearly": 2.74,
            "eps_latest_yearly": 3,
            "eps_growth_yearly": 5.68
        },
        "20193": {
            "year_quarter": 20193,
            "year": 2019,
            "quarter": 3,
            "eps": 0.61,
            "eps_growth_year": -10.29,
            "eps_4q": 2.58,
            "eps_4q_growth_year": -4.57,
            "roe": 2.87,
            "roe_4q": 11.85,
            "gross_profit": 130763,
            "gross_margin": 12.25,
            "gross_margin_4q_avg": 13.93,
            "net_income": 39879,
            "net_income_4q": null,
            "revenue": 1067061,
            "revenue_4q": null,
            "common_shares": 655972,
            "book_valuer_per_share": 21.42,
            "book_valuer_per_share_4q_avg": 21.78,
            "equity": 1405123,
            "current_ratio": 165.41,
            "debt_ratio": 59.13,
            "inventory_turnover_ratio": 0.59,
            "account_receivable_turnover_ratio": 0.96,
            "reinvestment_rate": -5.88,
            "research_to_sale_ratio": 1.66,
            "price_fair": 8,
            "eps_avg_yearly": 2.67,
            "eps_latest_yearly": 2.44,
            "eps_growth_yearly": -0.77
        },
        "20194": {
            "year_quarter": 20194,
            "year": 2019,
            "quarter": 4,
            "eps": 0.75,
            "eps_growth_year": 33.9,
            "eps_4q": 2.77,
            "eps_4q_growth_year": 2.45,
            "roe": 3.43,
            "roe_4q": 12.7,
            "gross_profit": 127948,
            "gross_margin": 11.76,
            "gross_margin_4q_avg": 13.15,
            "net_income": 49185,
            "net_income_4q": null,
            "revenue": 1087958,
            "revenue_4q": null,
            "common_shares": 656160,
            "book_valuer_per_share": 22.29,
            "book_valuer_per_share_4q_avg": 21.84,
            "equity": 1462900,
            "current_ratio": 177.75,
            "debt_ratio": 55.14,
            "inventory_turnover_ratio": 0.69,
            "account_receivable_turnover_ratio": 1.04,
            "reinvestment_rate": -3.76,
            "research_to_sale_ratio": 1.83,
            "price_fair": 56.53,
            "eps_avg_yearly": 2.68,
            "eps_latest_yearly": 3,
            "eps_growth_yearly": 11.07
        },
        "20201": {
            "year_quarter": 20201,
            "year": 2020,
            "quarter": 1,
            "eps": 0.57,
            "eps_growth_year": -13.64,
            "eps_4q": 2.68,
            "eps_4q_growth_year": -2.25,
            "roe": 2.69,
            "roe_4q": 12.43,
            "gross_profit": 128383,
            "gross_margin": 10.7,
            "gross_margin_4q_avg": 12.17,
            "net_income": 37473,
            "net_income_4q": null,
            "revenue": 1199332,
            "revenue_4q": null,
            "common_shares": 656160,
            "book_valuer_per_share": 20.2,
            "book_valuer_per_share_4q_avg": 21.2,
            "equity": 1325399,
            "current_ratio": 164.55,
            "debt_ratio": 59.4,
            "inventory_turnover_ratio": 0.84,
            "account_receivable_turnover_ratio": 1.16,
            "reinvestment_rate": -7.06,
            "research_to_sale_ratio": 1.32,
            "price_fair": 7.83,
            "eps_avg_yearly": 2.61,
            "eps_latest_yearly": 2.28,
            "eps_growth_yearly": -1.54
        },
        "20202": {
            "year_quarter": 20202,
            "year": 2020,
            "quarter": 2,
            "eps": 1.11,
            "eps_growth_year": 48,
            "eps_4q": 3.04,
            "eps_4q_growth_year": 14.6,
            "roe": 5.35,
            "roe_4q": 14.34,
            "gross_profit": 161241,
            "gross_margin": 11.74,
            "gross_margin_4q_avg": 11.61,
            "net_income": 72701,
            "net_income_4q": null,
            "revenue": 1373596,
            "revenue_4q": null,
            "common_shares": 656160,
            "book_valuer_per_share": 21.23,
            "book_valuer_per_share_4q_avg": 21.29,
            "equity": 1392758,
            "current_ratio": 160.74,
            "debt_ratio": 61.12,
            "inventory_turnover_ratio": 1.09,
            "account_receivable_turnover_ratio": 1.22,
            "reinvestment_rate": -6.63,
            "research_to_sale_ratio": 1.54,
            "price_fair": 94.94,
            "eps_avg_yearly": 2.71,
            "eps_latest_yearly": 4.44,
            "eps_growth_yearly": 26.79
        },
        "20203": {
            "year_quarter": 20203,
            "year": 2020,
            "quarter": 3,
            "eps": 0.9,
            "eps_growth_year": 47.54,
            "eps_4q": 3.33,
            "eps_4q_growth_year": 28.99,
            "roe": 4.16,
            "roe_4q": 15.629999999999999,
            "gross_profit": 156144,
            "gross_margin": 12.53,
            "gross_margin_4q_avg": 11.68,
            "net_income": 59128,
            "net_income_4q": null,
            "revenue": 1246433,
            "revenue_4q": null,
            "common_shares": 656160,
            "book_valuer_per_share": 22.11,
            "book_valuer_per_share_4q_avg": 21.46,
            "equity": 1451075,
            "current_ratio": 166.37,
            "debt_ratio": 59.15,
            "inventory_turnover_ratio": 0.97,
            "account_receivable_turnover_ratio": 1.11,
            "reinvestment_rate": -7.2,
            "research_to_sale_ratio": 1.72,
            "price_fair": 97.56,
            "eps_avg_yearly": 2.79,
            "eps_latest_yearly": 3.6,
            "eps_growth_yearly": 25.63
        },
        "20204": {
            "year_quarter": 20204,
            "year": 2020,
            "quarter": 4,
            "eps": 0.6,
            "eps_growth_year": -19.45,
            "eps_4q": 3.18,
            "eps_4q_growth_year": 14.92,
            "roe": 2.67,
            "roe_4q": 14.87,
            "gross_profit": 101586,
            "gross_margin": 8.8,
            "gross_margin_4q_avg": 10.94,
            "net_income": 39620,
            "net_income_4q": null,
            "revenue": 1153867,
            "revenue_4q": null,
            "common_shares": 656160,
            "book_valuer_per_share": 23.08,
            "book_valuer_per_share_4q_avg": 21.66,
            "equity": 1514646,
            "current_ratio": 180.19,
            "debt_ratio": 54.21,
            "inventory_turnover_ratio": 0.83,
            "account_receivable_turnover_ratio": 1.11,
            "reinvestment_rate": -8.35,
            "research_to_sale_ratio": 1.75,
            "price_fair": 86,
            "eps_avg_yearly": 2.81,
            "eps_latest_yearly": 2.4,
            "eps_growth_yearly": 20.63
        },
        "20211": {
            "year_quarter": 20211,
            "year": 2021,
            "quarter": 1,
            "eps": 1.2,
            "eps_growth_year": 110.53,
            "eps_4q": 3.82,
            "eps_4q_growth_year": 42.47,
            "roe": 5.38,
            "roe_4q": 17.560000000000002,
            "gross_profit": 195548,
            "gross_margin": 12.73,
            "gross_margin_4q_avg": 11.45,
            "net_income": 78998,
            "net_income_4q": null,
            "revenue": 1536025,
            "revenue_4q": null,
            "common_shares": 656160,
            "book_valuer_per_share": 21.71,
            "book_valuer_per_share_4q_avg": 22.03,
            "equity": 1424735,
            "current_ratio": 157.79,
            "debt_ratio": 61.5,
            "inventory_turnover_ratio": 0.97,
            "account_receivable_turnover_ratio": 1.37,
            "reinvestment_rate": -13.48,
            "research_to_sale_ratio": 1.45,
            "price_fair": 103.25,
            "eps_avg_yearly": 2.95,
            "eps_latest_yearly": 4.8,
            "eps_growth_yearly": 40.34
        },
        "20212": {
            "year_quarter": 20212,
            "year": 2021,
            "quarter": 2,
            "eps": 1.06,
            "eps_growth_year": -4.5,
            "eps_4q": 3.77,
            "eps_4q_growth_year": 24.11,
            "roe": 4.74,
            "roe_4q": 16.950000000000003,
            "gross_profit": 165722,
            "gross_margin": 9.77,
            "gross_margin_4q_avg": 10.96,
            "net_income": 69532,
            "net_income_4q": null,
            "revenue": 1695486,
            "revenue_4q": null,
            "common_shares": 656160,
            "book_valuer_per_share": 23.01,
            "book_valuer_per_share_4q_avg": 22.48,
            "equity": 1510049,
            "current_ratio": 154.24,
            "debt_ratio": 63.03,
            "inventory_turnover_ratio": 1.09,
            "account_receivable_turnover_ratio": 1.21,
            "reinvestment_rate": -12.57,
            "research_to_sale_ratio": 1.39,
            "price_fair": 105.35,
            "eps_avg_yearly": 3.01,
            "eps_latest_yearly": 4.24,
            "eps_growth_yearly": 29.89
        },
        "20213": {
            "year_quarter": 20213,
            "year": 2021,
            "quarter": 3,
            "eps": 1.14,
            "eps_growth_year": 26.67,
            "eps_4q": 4.01,
            "eps_4q_growth_year": 20.33,
            "roe": 4.81,
            "roe_4q": 17.6,
            "gross_profit": 190080,
            "gross_margin": 12.15,
            "gross_margin_4q_avg": 10.86,
            "net_income": 74754,
            "net_income_4q": null,
            "revenue": 1564271,
            "revenue_4q": null,
            "common_shares": 656160,
            "book_valuer_per_share": 24.4,
            "book_valuer_per_share_4q_avg": 23.05,
            "equity": 1600719,
            "current_ratio": 153.49,
            "debt_ratio": 63.21,
            "inventory_turnover_ratio": 0.86,
            "account_receivable_turnover_ratio": 1.07,
            "reinvestment_rate": -11.54,
            "research_to_sale_ratio": 1.69,
            "price_fair": 110.51,
            "eps_avg_yearly": 3.16,
            "eps_latest_yearly": 4.56,
            "eps_growth_yearly": 40.01
        },
        "20214": {
            "year_quarter": 20214,
            "year": 2021,
            "quarter": 4,
            "eps": 1.16,
            "eps_growth_year": 92.35,
            "eps_4q": 4.54,
            "eps_4q_growth_year": 42.55,
            "roe": 4.46,
            "roe_4q": 19.39,
            "gross_profit": 207937,
            "gross_margin": 14.01,
            "gross_margin_4q_avg": 12.17,
            "net_income": 76784,
            "net_income_4q": null,
            "revenue": 1484091,
            "revenue_4q": null,
            "common_shares": 661095,
            "book_valuer_per_share": 27.92,
            "book_valuer_per_share_4q_avg": 24.26,
            "equity": 1846034,
            "current_ratio": 149.56,
            "debt_ratio": 63.21,
            "inventory_turnover_ratio": 0.61,
            "account_receivable_turnover_ratio": 1.06,
            "reinvestment_rate": -11.22,
            "research_to_sale_ratio": 1.87,
            "price_fair": 115.68,
            "eps_avg_yearly": 3.31,
            "eps_latest_yearly": 4.64,
            "eps_growth_yearly": 39.54
        },
        "20221": {
            "year_quarter": 20221,
            "year": 2022,
            "quarter": 1,
            "eps": 1.26,
            "eps_growth_year": 5,
            "eps_4q": 4.6,
            "eps_4q_growth_year": 20.55,
            "roe": 4.67,
            "roe_4q": 18.68,
            "gross_profit": 231844,
            "gross_margin": 15.4,
            "gross_margin_4q_avg": 12.83,
            "net_income": 83112,
            "net_income_4q": null,
            "revenue": 1505099,
            "revenue_4q": null,
            "common_shares": 661095,
            "book_valuer_per_share": 25.93,
            "book_valuer_per_share_4q_avg": 25.32,
            "equity": 1714420,
            "current_ratio": 148.63,
            "debt_ratio": 62.63,
            "inventory_turnover_ratio": 0.61,
            "account_receivable_turnover_ratio": 1.06,
            "reinvestment_rate": -2.12,
            "research_to_sale_ratio": 1.35,
            "price_fair": 121.1,
            "eps_avg_yearly": 3.46,
            "eps_latest_yearly": 5.04,
            "eps_growth_yearly": 38.62
        },
        "20222": {
            "year_quarter": 20222,
            "year": 2022,
            "quarter": 2,
            "eps": 1.76,
            "eps_growth_year": 66.04,
            "eps_4q": 5.31,
            "eps_4q_growth_year": 40.85,
            "roe": 6.6,
            "roe_4q": 20.54,
            "gross_profit": 319642,
            "gross_margin": 18.74,
            "gross_margin_4q_avg": 15.08,
            "net_income": 116269,
            "net_income_4q": null,
            "revenue": 1705497,
            "revenue_4q": null,
            "common_shares": 661095,
            "book_valuer_per_share": 27.37,
            "book_valuer_per_share_4q_avg": 26.41,
            "equity": 1809630,
            "current_ratio": 142.8,
            "debt_ratio": 65.97,
            "inventory_turnover_ratio": 0.67,
            "account_receivable_turnover_ratio": 1.12,
            "reinvestment_rate": -1.88,
            "research_to_sale_ratio": 1.7,
            "price_fair": 129.24,
            "eps_avg_yearly": 3.69,
            "eps_latest_yearly": 7.04,
            "eps_growth_yearly": 41.12
        },
        "20223": {
            "year_quarter": 20223,
            "year": 2022,
            "quarter": 3,
            "eps": 0.79,
            "eps_growth_year": -30.7,
            "eps_4q": 4.97,
            "eps_4q_growth_year": 23.92,
            "roe": 2.85,
            "roe_4q": 18.58,
            "gross_profit": 289056,
            "gross_margin": 16.86,
            "gross_margin_4q_avg": 16.25,
            "net_income": 52089,
            "net_income_4q": null,
            "revenue": 1714748,
            "revenue_4q": null,
            "common_shares": 661095,
            "book_valuer_per_share": 27.88,
            "book_valuer_per_share_4q_avg": 27.28,
            "equity": 1843061,
            "current_ratio": 151.52,
            "debt_ratio": 64.79,
            "inventory_turnover_ratio": 0.64,
            "account_receivable_turnover_ratio": 1.05,
            "reinvestment_rate": -1.64,
            "research_to_sale_ratio": 1.03,
            "price_fair": 130.2,
            "eps_avg_yearly": 3.72,
            "eps_latest_yearly": 3.16,
            "eps_growth_yearly": 31.86
        },
        "20224": {
            "year_quarter": 20224,
            "year": 2022,
            "quarter": 4,
            "eps": 1.85,
            "eps_growth_year": 58.94,
            "eps_4q": 5.64,
            "eps_4q_growth_year": 24.15,
            "roe": 6.44,
            "roe_4q": 20.560000000000002,
            "gross_profit": 174025,
            "gross_margin": 11.74,
            "gross_margin_4q_avg": 15.69,
            "net_income": 122515,
            "net_income_4q": null,
            "revenue": 1481834,
            "revenue_4q": null,
            "common_shares": 663660,
            "book_valuer_per_share": 29.57,
            "book_valuer_per_share_4q_avg": 27.69,
            "equity": 1962655,
            "current_ratio": 138.28,
            "debt_ratio": 70.87,
            "inventory_turnover_ratio": 0.43,
            "account_receivable_turnover_ratio": 0.93,
            "reinvestment_rate": -0.48,
            "research_to_sale_ratio": 2.46,
            "price_fair": 141.49,
            "eps_avg_yearly": 4.04,
            "eps_latest_yearly": 7.4,
            "eps_growth_yearly": 69.82
        },
        "20231": {
            "year_quarter": 20231,
            "year": 2023,
            "quarter": 1,
            "eps": 0.8,
            "eps_growth_year": -36.51,
            "eps_4q": 5.18,
            "eps_4q_growth_year": 12.57,
            "roe": 2.84,
            "roe_4q": 18.73,
            "gross_profit": 186767,
            "gross_margin": 10.21,
            "gross_margin_4q_avg": 14.39,
            "net_income": 52873,
            "net_income_4q": null,
            "revenue": 1829654,
            "revenue_4q": null,
            "common_shares": 663660,
            "book_valuer_per_share": 26.56,
            "book_valuer_per_share_4q_avg": 27.85,
            "equity": 1762835,
            "current_ratio": 125.75,
            "debt_ratio": 77.91,
            "inventory_turnover_ratio": 0.41,
            "account_receivable_turnover_ratio": 1.12,
            "reinvestment_rate": 0.22,
            "research_to_sale_ratio": 1.01,
            "price_fair": 142.71,
            "eps_avg_yearly": 4.08,
            "eps_latest_yearly": 3.2,
            "eps_growth_yearly": 51.16
        },
        "20232": {
            "year_quarter": 20232,
            "year": 2023,
            "quarter": 2,
            "eps": 0.31,
            "eps_growth_year": -82.39,
            "eps_4q": 3.74,
            "eps_4q_growth_year": -29.63,
            "roe": 1.15,
            "roe_4q": 13.28,
            "gross_profit": 199932,
            "gross_margin": 11.35,
            "gross_margin_4q_avg": 12.54,
            "net_income": 20414,
            "net_income_4q": null,
            "revenue": 1761023,
            "revenue_4q": null,
            "common_shares": 663660,
            "book_valuer_per_share": 27.16,
            "book_valuer_per_share_4q_avg": 27.79,
            "equity": 1802214,
            "current_ratio": 127.99,
            "debt_ratio": 75.94,
            "inventory_turnover_ratio": 0.4,
            "account_receivable_turnover_ratio": 1.03,
            "reinvestment_rate": 0.62,
            "research_to_sale_ratio": 0.44,
            "price_fair": 138.86,
            "eps_avg_yearly": 3.97,
            "eps_latest_yearly": 1.24,
            "eps_growth_yearly": 32.44
        },
        "20233": {
            "year_quarter": 20233,
            "year": 2023,
            "quarter": 3,
            "eps": -0.15,
            "eps_growth_year": -118.99,
            "eps_4q": 2.8,
            "eps_4q_growth_year": -43.65,
            "roe": -0.57,
            "roe_4q": 9.86,
            "gross_profit": 193193,
            "gross_margin": 12.49,
            "gross_margin_4q_avg": 11.45,
            "net_income": -10102,
            "net_income_4q": null,
            "revenue": 1547309,
            "revenue_4q": null,
            "common_shares": 663660,
            "book_valuer_per_share": 26.66,
            "book_valuer_per_share_4q_avg": 27.49,
            "equity": 1769023,
            "current_ratio": 130.93,
            "debt_ratio": 74.07,
            "inventory_turnover_ratio": 0.35,
            "account_receivable_turnover_ratio": 0.89,
            "reinvestment_rate": 0.82,
            "research_to_sale_ratio": 0.72,
            "price_fair": 142.43,
            "eps_avg_yearly": 4.07,
            "eps_latest_yearly": 1.24,
            "eps_growth_yearly": 39.58
        },
        "20234": {
            "year_quarter": 20234,
            "year": 2023,
            "quarter": 4,
            "eps": 0.7,
            "eps_growth_year": -62.08,
            "eps_4q": 1.65,
            "eps_4q_growth_year": -70.75,
            "roe": 2.61,
            "roe_4q": 6.029999999999999,
            "gross_profit": 115680,
            "gross_margin": 9.99,
            "gross_margin_4q_avg": 11.01,
            "net_income": 46644,
            "net_income_4q": null,
            "revenue": 1158372,
            "revenue_4q": null,
            "common_shares": 666260,
            "book_valuer_per_share": 27.15,
            "book_valuer_per_share_4q_avg": 26.88,
            "equity": 1809199,
            "current_ratio": 135.86,
            "debt_ratio": 71.59,
            "inventory_turnover_ratio": 0.28,
            "account_receivable_turnover_ratio": 0.71,
            "reinvestment_rate": 0.01,
            "research_to_sale_ratio": 1.29,
            "price_fair": 145.1,
            "eps_avg_yearly": 4.15,
            "eps_latest_yearly": 1.24,
            "eps_growth_yearly": 35.85
        }
    },
    "months": {
        "2008-01": {
            "month": "2008-01",
            "price": "35.12",
            "revenue": 170231
        },
        "2008-02": {
            "month": "2008-02",
            "price": "35.27",
            "revenue": 122410
        },
        "2008-03": {
            "month": "2008-03",
            "price": "34.12",
            "revenue": 160545
        },
        "2008-04": {
            "month": "2008-04",
            "price": "37.57",
            "revenue": 179902
        },
        "2008-05": {
            "month": "2008-05",
            "price": "47.05",
            "revenue": 172802
        },
        "2008-06": {
            "month": "2008-06",
            "price": "47.60",
            "revenue": 172277
        },
        "2008-07": {
            "month": "2008-07",
            "price": "46.43",
            "revenue": 196943
        },
        "2008-08": {
            "month": "2008-08",
            "price": "45.60",
            "revenue": 141220
        },
        "2008-09": {
            "month": "2008-09",
            "price": "43.15",
            "revenue": 144820
        },
        "2008-10": {
            "month": "2008-10",
            "price": "38.46",
            "revenue": 137602
        },
        "2008-11": {
            "month": "2008-11",
            "price": "34.49",
            "revenue": 119331
        },
        "2008-12": {
            "month": "2008-12",
            "price": "32.29",
            "revenue": 83856
        },
        "2009-03": {
            "month": "2009-03",
            "price": "31.03",
            "revenue": 125960
        },
        "2009-04": {
            "month": "2009-04",
            "price": "30.64",
            "revenue": 130704
        },
        "2009-05": {
            "month": "2009-05",
            "price": "32.58",
            "revenue": 137833
        },
        "2009-06": {
            "month": "2009-06",
            "price": "30.17",
            "revenue": 181645
        },
        "2009-07": {
            "month": "2009-07",
            "price": "29.87",
            "revenue": 229135
        },
        "2009-08": {
            "month": "2009-08",
            "price": "30.56",
            "revenue": 197721
        },
        "2009-09": {
            "month": "2009-09",
            "price": "30.83",
            "revenue": 247323
        },
        "2009-10": {
            "month": "2009-10",
            "price": "27.25",
            "revenue": 232580
        },
        "2009-11": {
            "month": "2009-11",
            "price": "30.00",
            "revenue": 248302
        },
        "2009-12": {
            "month": "2009-12",
            "price": "30.00",
            "revenue": 213934
        },
        "2010-01": {
            "month": "2010-01",
            "price": "29.66",
            "revenue": 291965
        },
        "2010-02": {
            "month": "2010-02",
            "price": "31.06",
            "revenue": 202564
        },
        "2010-03": {
            "month": "2010-03",
            "price": "36.32",
            "revenue": 379816
        },
        "2010-04": {
            "month": "2010-04",
            "price": "45.48",
            "revenue": 428242
        },
        "2010-05": {
            "month": "2010-05",
            "price": "48.13",
            "revenue": 289282
        },
        "2010-06": {
            "month": "2010-06",
            "price": "43.54",
            "revenue": 297499
        },
        "2010-07": {
            "month": "2010-07",
            "price": "42.85",
            "revenue": 372225
        },
        "2010-08": {
            "month": "2010-08",
            "price": "43.55",
            "revenue": 303562
        },
        "2010-09": {
            "month": "2010-09",
            "price": "47.30",
            "revenue": 336840
        },
        "2010-10": {
            "month": "2010-10",
            "price": "51.20",
            "revenue": 296684
        },
        "2010-11": {
            "month": "2010-11",
            "price": "49.60",
            "revenue": 296543
        },
        "2010-12": {
            "month": "2010-12",
            "price": "51.96",
            "revenue": 201437
        },
        "2011-01": {
            "month": "2011-01",
            "price": "52.40",
            "revenue": 320101
        },
        "2011-02": {
            "month": "2011-02",
            "price": "52.59",
            "revenue": 184868
        },
        "2011-03": {
            "month": "2011-03",
            "price": "52.02",
            "revenue": 331040
        },
        "2011-04": {
            "month": "2011-04",
            "price": "50.45",
            "revenue": 252593
        },
        "2011-05": {
            "month": "2011-05",
            "price": "42.52",
            "revenue": 225299
        },
        "2011-06": {
            "month": "2011-06",
            "price": "39.43",
            "revenue": 262303
        },
        "2011-07": {
            "month": "2011-07",
            "price": "33.98",
            "revenue": 260674
        },
        "2011-08": {
            "month": "2011-08",
            "price": "34.32",
            "revenue": 213045
        },
        "2011-09": {
            "month": "2011-09",
            "price": "33.96",
            "revenue": 214237
        },
        "2011-10": {
            "month": "2011-10",
            "price": "29.92",
            "revenue": 208829
        },
        "2011-11": {
            "month": "2011-11",
            "price": "28.01",
            "revenue": 197424
        },
        "2011-12": {
            "month": "2011-12",
            "price": "25.85",
            "revenue": 176687
        },
        "2012-01": {
            "month": "2012-01",
            "price": "24.99",
            "revenue": 170429
        },
        "2012-02": {
            "month": "2012-02",
            "price": "28.62",
            "revenue": 213301
        },
        "2012-03": {
            "month": "2012-03",
            "price": "30.72",
            "revenue": 225913
        },
        "2012-04": {
            "month": "2012-04",
            "price": "29.79",
            "revenue": 241286
        },
        "2012-05": {
            "month": "2012-05",
            "price": "28.59",
            "revenue": 243151
        },
        "2012-06": {
            "month": "2012-06",
            "price": "28.26",
            "revenue": 244161
        },
        "2012-07": {
            "month": "2012-07",
            "price": "25.17",
            "revenue": 249211
        },
        "2012-08": {
            "month": "2012-08",
            "price": "25.81",
            "revenue": 234239
        },
        "2012-09": {
            "month": "2012-09",
            "price": "26.94",
            "revenue": 217188
        },
        "2012-10": {
            "month": "2012-10",
            "price": "26.48",
            "revenue": 205228
        },
        "2012-11": {
            "month": "2012-11",
            "price": "25.87",
            "revenue": 200383
        },
        "2012-12": {
            "month": "2012-12",
            "price": "26.24",
            "revenue": 178930
        },
        "2013-01": {
            "month": "2013-01",
            "price": "26.92",
            "revenue": 196464
        },
        "2013-02": {
            "month": "2013-02",
            "price": "27.30",
            "revenue": 149227
        },
        "2013-03": {
            "month": "2013-03",
            "price": "28.85",
            "revenue": 224678
        },
        "2013-04": {
            "month": "2013-04",
            "price": "29.67",
            "revenue": 212617
        },
        "2013-05": {
            "month": "2013-05",
            "price": "30.85",
            "revenue": 236334
        },
        "2013-06": {
            "month": "2013-06",
            "price": "30.40",
            "revenue": 208321
        },
        "2013-07": {
            "month": "2013-07",
            "price": "27.14",
            "revenue": 246164
        },
        "2013-08": {
            "month": "2013-08",
            "price": "27.18",
            "revenue": 235614
        },
        "2013-09": {
            "month": "2013-09",
            "price": "28.04",
            "revenue": 213685
        },
        "2013-10": {
            "month": "2013-10",
            "price": "28.26",
            "revenue": 210898
        },
        "2013-11": {
            "month": "2013-11",
            "price": "27.88",
            "revenue": 208952
        },
        "2013-12": {
            "month": "2013-12",
            "price": "28.55",
            "revenue": 202188
        },
        "2014-01": {
            "month": "2014-01",
            "price": "32.01",
            "revenue": 205715
        },
        "2014-02": {
            "month": "2014-02",
            "price": "32.41",
            "revenue": 208874
        },
        "2014-03": {
            "month": "2014-03",
            "price": "33.73",
            "revenue": 241405
        },
        "2014-04": {
            "month": "2014-04",
            "price": "35.07",
            "revenue": 258656
        },
        "2014-05": {
            "month": "2014-05",
            "price": "36.85",
            "revenue": 332749
        },
        "2014-06": {
            "month": "2014-06",
            "price": "40.38",
            "revenue": 301993
        },
        "2014-07": {
            "month": "2014-07",
            "price": "39.77",
            "revenue": 315192
        },
        "2014-08": {
            "month": "2014-08",
            "price": "39.04",
            "revenue": 292000
        },
        "2014-09": {
            "month": "2014-09",
            "price": "38.65",
            "revenue": 283092
        },
        "2014-10": {
            "month": "2014-10",
            "price": "37.07",
            "revenue": 278561
        },
        "2014-11": {
            "month": "2014-11",
            "price": "35.84",
            "revenue": 245688
        },
        "2014-12": {
            "month": "2014-12",
            "price": "35.28",
            "revenue": 226628
        },
        "2015-01": {
            "month": "2015-01",
            "price": "35.58",
            "revenue": 324927
        },
        "2015-02": {
            "month": "2015-02",
            "price": "36.19",
            "revenue": 184600
        },
        "2015-03": {
            "month": "2015-03",
            "price": "38.11",
            "revenue": 289501
        },
        "2015-04": {
            "month": "2015-04",
            "price": "38.04",
            "revenue": 308175
        },
        "2015-05": {
            "month": "2015-05",
            "price": "39.98",
            "revenue": 303239
        },
        "2015-06": {
            "month": "2015-06",
            "price": "40.13",
            "revenue": 258251
        },
        "2015-07": {
            "month": "2015-07",
            "price": "32.59",
            "revenue": 304061
        },
        "2015-08": {
            "month": "2015-08",
            "price": "29.31",
            "revenue": 273039
        },
        "2015-09": {
            "month": "2015-09",
            "price": "29.18",
            "revenue": 265816
        },
        "2015-10": {
            "month": "2015-10",
            "price": "30.21",
            "revenue": 274785
        },
        "2015-11": {
            "month": "2015-11",
            "price": "30.89",
            "revenue": 263895
        },
        "2015-12": {
            "month": "2015-12",
            "price": "29.93",
            "revenue": 204447
        },
        "2016-01": {
            "month": "2016-01",
            "price": "27.07",
            "revenue": 309341
        },
        "2016-02": {
            "month": "2016-02",
            "price": "29.55",
            "revenue": 189167
        },
        "2016-03": {
            "month": "2016-03",
            "price": "32.20",
            "revenue": 258593
        },
        "2016-04": {
            "month": "2016-04",
            "price": "31.61",
            "revenue": 276299
        },
        "2016-05": {
            "month": "2016-05",
            "price": "31.26",
            "revenue": 263081
        },
        "2016-06": {
            "month": "2016-06",
            "price": "31.46",
            "revenue": 265389
        },
        "2016-07": {
            "month": "2016-07",
            "price": "30.88",
            "revenue": 295396
        },
        "2016-08": {
            "month": "2016-08",
            "price": "30.12",
            "revenue": 272686
        },
        "2016-09": {
            "month": "2016-09",
            "price": "30.16",
            "revenue": 268569
        },
        "2016-10": {
            "month": "2016-10",
            "price": "29.90",
            "revenue": 249928
        },
        "2016-11": {
            "month": "2016-11",
            "price": "29.12",
            "revenue": 242449
        },
        "2016-12": {
            "month": "2016-12",
            "price": "28.95",
            "revenue": 209542
        },
        "2017-01": {
            "month": "2017-01",
            "price": "29.30",
            "revenue": 277608
        },
        "2017-02": {
            "month": "2017-02",
            "price": "30.04",
            "revenue": 281586
        },
        "2017-03": {
            "month": "2017-03",
            "price": "31.97",
            "revenue": 298561
        },
        "2017-04": {
            "month": "2017-04",
            "price": "32.64",
            "revenue": 325447
        },
        "2017-05": {
            "month": "2017-05",
            "price": "33.86",
            "revenue": 321141
        },
        "2017-06": {
            "month": "2017-06",
            "price": "34.58",
            "revenue": 329546
        },
        "2017-07": {
            "month": "2017-07",
            "price": "32.71",
            "revenue": 339774
        },
        "2017-08": {
            "month": "2017-08",
            "price": "34.28",
            "revenue": 350015
        },
        "2017-09": {
            "month": "2017-09",
            "price": "35.96",
            "revenue": 354724
        },
        "2017-10": {
            "month": "2017-10",
            "price": "36.57",
            "revenue": 303172
        },
        "2017-11": {
            "month": "2017-11",
            "price": "35.03",
            "revenue": 333356
        },
        "2017-12": {
            "month": "2017-12",
            "price": "34.06",
            "revenue": 306346
        },
        "2018-01": {
            "month": "2018-01",
            "price": "34.72",
            "revenue": 404075
        },
        "2018-02": {
            "month": "2018-02",
            "price": "34.32",
            "revenue": 260208
        },
        "2018-03": {
            "month": "2018-03",
            "price": "35.53",
            "revenue": 379347
        },
        "2018-04": {
            "month": "2018-04",
            "price": "36.11",
            "revenue": 404659
        },
        "2018-05": {
            "month": "2018-05",
            "price": "36.30",
            "revenue": 411366
        },
        "2018-06": {
            "month": "2018-06",
            "price": "36.78",
            "revenue": 334738
        },
        "2018-07": {
            "month": "2018-07",
            "price": "34.48",
            "revenue": 356068
        },
        "2018-08": {
            "month": "2018-08",
            "price": "33.96",
            "revenue": 340729
        },
        "2018-09": {
            "month": "2018-09",
            "price": "33.50",
            "revenue": 341622
        },
        "2018-10": {
            "month": "2018-10",
            "price": "32.68",
            "revenue": 326257
        },
        "2018-11": {
            "month": "2018-11",
            "price": "32.31",
            "revenue": 318661
        },
        "2018-12": {
            "month": "2018-12",
            "price": "32.59",
            "revenue": 245016
        },
        "2019-01": {
            "month": "2019-01",
            "price": "32.47",
            "revenue": 379152
        },
        "2019-02": {
            "month": "2019-02",
            "price": "33.70",
            "revenue": 196589
        },
        "2019-03": {
            "month": "2019-03",
            "price": "34.40",
            "revenue": 343514
        },
        "2019-04": {
            "month": "2019-04",
            "price": "34.76",
            "revenue": 349865
        },
        "2019-05": {
            "month": "2019-05",
            "price": "38.98",
            "revenue": 351479
        },
        "2019-06": {
            "month": "2019-06",
            "price": "40.23",
            "revenue": 342923
        },
        "2019-07": {
            "month": "2019-07",
            "price": "40.25",
            "revenue": 367765
        },
        "2019-08": {
            "month": "2019-08",
            "price": "39.73",
            "revenue": 345429
        },
        "2019-09": {
            "month": "2019-09",
            "price": "37.84",
            "revenue": 353867
        },
        "2019-10": {
            "month": "2019-10",
            "price": "37.51",
            "revenue": 341839
        },
        "2019-11": {
            "month": "2019-11",
            "price": "37.64",
            "revenue": 367920
        },
        "2019-12": {
            "month": "2019-12",
            "price": "37.71",
            "revenue": 378198
        },
        "2020-01": {
            "month": "2020-01",
            "price": "37.81",
            "revenue": 389910
        },
        "2020-02": {
            "month": "2020-02",
            "price": "37.66",
            "revenue": 344564
        },
        "2020-03": {
            "month": "2020-03",
            "price": "35.98",
            "revenue": 464859
        },
        "2020-04": {
            "month": "2020-04",
            "price": "37.35",
            "revenue": 418447
        },
        "2020-05": {
            "month": "2020-05",
            "price": "38.48",
            "revenue": 399241
        },
        "2020-06": {
            "month": "2020-06",
            "price": "39.01",
            "revenue": 555907
        },
        "2020-07": {
            "month": "2020-07",
            "price": "38.27",
            "revenue": 389156
        },
        "2020-08": {
            "month": "2020-08",
            "price": "39.74",
            "revenue": 375080
        },
        "2020-09": {
            "month": "2020-09",
            "price": "40.60",
            "revenue": 482196
        },
        "2020-10": {
            "month": "2020-10",
            "price": "40.17",
            "revenue": 396441
        },
        "2020-11": {
            "month": "2020-11",
            "price": "41.87",
            "revenue": 420370
        },
        "2020-12": {
            "month": "2020-12",
            "price": "42.52",
            "revenue": 337056
        },
        "2021-01": {
            "month": "2021-01",
            "price": "41.86",
            "revenue": 609730
        },
        "2021-02": {
            "month": "2021-02",
            "price": "42.32",
            "revenue": 372673
        },
        "2021-03": {
            "month": "2021-03",
            "price": "44.45",
            "revenue": 553622
        },
        "2021-04": {
            "month": "2021-04",
            "price": "46.18",
            "revenue": 563122
        },
        "2021-05": {
            "month": "2021-05",
            "price": "45.94",
            "revenue": 610081
        },
        "2021-06": {
            "month": "2021-06",
            "price": "48.50",
            "revenue": 522284
        },
        "2021-07": {
            "month": "2021-07",
            "price": "52.14",
            "revenue": 574780
        },
        "2021-08": {
            "month": "2021-08",
            "price": "50.31",
            "revenue": 541974
        },
        "2021-09": {
            "month": "2021-09",
            "price": "49.62",
            "revenue": 447517
        },
        "2021-10": {
            "month": "2021-10",
            "price": "48.65",
            "revenue": 588553
        },
        "2021-11": {
            "month": "2021-11",
            "price": "49.35",
            "revenue": 498453
        },
        "2021-12": {
            "month": "2021-12",
            "price": "49.81",
            "revenue": 397085
        },
        "2022-01": {
            "month": "2022-01",
            "price": "50.49",
            "revenue": 515432
        },
        "2022-02": {
            "month": "2022-02",
            "price": "50.55",
            "revenue": 418778
        },
        "2022-03": {
            "month": "2022-03",
            "price": "51.74",
            "revenue": 570889
        },
        "2022-04": {
            "month": "2022-04",
            "price": "51.81",
            "revenue": 610528
        },
        "2022-05": {
            "month": "2022-05",
            "price": "51.86",
            "revenue": 542734
        },
        "2022-06": {
            "month": "2022-06",
            "price": "51.07",
            "revenue": 552235
        },
        "2022-07": {
            "month": "2022-07",
            "price": "48.25",
            "revenue": 580146
        },
        "2022-08": {
            "month": "2022-08",
            "price": "50.41",
            "revenue": 551377
        },
        "2022-09": {
            "month": "2022-09",
            "price": "50.27",
            "revenue": 583226
        },
        "2022-10": {
            "month": "2022-10",
            "price": "49.91",
            "revenue": 507304
        },
        "2022-11": {
            "month": "2022-11",
            "price": "50.27",
            "revenue": 511866
        },
        "2022-12": {
            "month": "2022-12",
            "price": "50.16",
            "revenue": 462664
        },
        "2023-01": {
            "month": "2023-01",
            "price": "50.64",
            "revenue": 655735
        },
        "2023-02": {
            "month": "2023-02",
            "price": "53.10",
            "revenue": 527085
        },
        "2023-03": {
            "month": "2023-03",
            "price": "57.91",
            "revenue": 646834
        },
        "2023-04": {
            "month": "2023-04",
            "price": "62.24",
            "revenue": 674461
        },
        "2023-05": {
            "month": "2023-05",
            "price": "62.08",
            "revenue": 585424
        },
        "2023-06": {
            "month": "2023-06",
            "price": "60.33",
            "revenue": 501138
        },
        "2023-07": {
            "month": "2023-07",
            "price": "54.42",
            "revenue": 523949
        },
        "2023-08": {
            "month": "2023-08",
            "price": "52.24",
            "revenue": 531717
        },
        "2023-09": {
            "month": "2023-09",
            "price": "52.42",
            "revenue": 491643
        },
        "2023-10": {
            "month": "2023-10",
            "price": "50.08",
            "revenue": 466275
        },
        "2023-11": {
            "month": "2023-11",
            "price": "50.80",
            "revenue": 417935
        },
        "2023-12": {
            "month": "2023-12",
            "price": "53.23",
            "revenue": 274162
        },
        "2024-01": {
            "month": "2024-01",
            "price": "50.94",
            "revenue": 508219
        },
        "2024-02": {
            "month": "2024-02",
            "price": "50.53",
            "revenue": 316551
        }
    }
}
