{
    "summary": {
        "stock_name": "力旺",
        "stock_id": "3529",
        "category": "半導體",
        "main_business": "嵌入式非揮發記憶體IP授權及技術服務",
        "website_url": "https://www.ememory.com.tw",
        "ceo": "何明洲",
        "pe_ratio": 92,
        "report_year_from": 2006,
        "report_year_to": 2023,
        "age": 17,
        "eps_negative_percentage": 0,
        "eps_growth_avg": {
            "last_all": 21.34,
            "last_2y": 43.9,
            "last_4y": 24.91,
            "last_8y": 22.81,
            "last_12y": 22.83,
            "last_16y": null,
            "last_20y": null,
            "at_2006_last_3y": null,
            "at_2007_last_3y": null,
            "at_2008_last_3y": null,
            "at_2009_last_3y": null,
            "at_2010_last_3y": null,
            "at_2011_last_3y": null,
            "at_2012_last_3y": 3.79,
            "at_2013_last_3y": 22.9,
            "at_2014_last_3y": 24.67,
            "at_2015_last_3y": 35.46,
            "at_2016_last_3y": 36.79,
            "at_2017_last_3y": 20.18,
            "at_2018_last_3y": 10.28,
            "at_2019_last_3y": 4.11,
            "at_2020_last_3y": 8.74,
            "at_2021_last_3y": 19.56,
            "at_2022_last_3y": 30.37,
            "at_2023_last_3y": 30.37,
            "at_2006_last_all": null,
            "at_2007_last_all": null,
            "at_2008_last_all": null,
            "at_2009_last_all": null,
            "at_2010_last_all": 18.74,
            "at_2011_last_all": 2.94,
            "at_2012_last_all": 3.79,
            "at_2013_last_all": 18.7,
            "at_2014_last_all": 22.69,
            "at_2015_last_all": 21.52,
            "at_2016_last_all": 20.29,
            "at_2017_last_all": 19.36,
            "at_2018_last_all": 17.73,
            "at_2019_last_all": 15.19,
            "at_2020_last_all": 16.44,
            "at_2021_last_all": 19.42,
            "at_2022_last_all": 21.34,
            "at_2023_last_all": 21.34
        },
        "latest_eps": 20.89,
        "latest_price": 1930,
        "latest_roe": 49.2,
        "latest_gross_margin": 100,
        "latest_equity": 3414339,
        "latest_revenue": 667751,
        "latest_gross_profit": 667751,
        "latest_net_income": 307558,
        "latest_debt_ratio": 19.18,
        "latest_current_ratio": 459,
        "latest_account_receivable_turnover_ratio": 3.15,
        "latest_inventory_turnover_ratio": null,
        "latest_reinvestment_rate": -0.46,
        "latest_research_to_sale_ratio": 27.88
    },
    "eps_dividends": {
        "2001": {
            "cash": 0,
            "stock": 0,
            "eps": 0
        },
        "2002": {
            "cash": 0,
            "stock": 0,
            "eps": 0
        },
        "2003": {
            "cash": 0,
            "stock": 0,
            "eps": 0
        },
        "2004": {
            "cash": 0,
            "stock": 0,
            "eps": 0
        },
        "2005": {
            "cash": 0,
            "stock": 0,
            "eps": 0
        },
        "2006": {
            "cash": 0,
            "stock": 0,
            "eps": 0
        },
        "2007": {
            "cash": 0.69,
            "stock": 1.04,
            "eps": 0
        },
        "2008": {
            "cash": 0.5,
            "stock": 1.4,
            "eps": 2.07
        },
        "2009": {
            "cash": 1,
            "stock": 1,
            "eps": 2.11
        },
        "2010": {
            "cash": 2.5,
            "stock": 0.3,
            "eps": 2.86
        },
        "2011": {
            "cash": 2.5,
            "stock": 0,
            "eps": 2.04
        },
        "2012": {
            "cash": 2.5,
            "stock": 0,
            "eps": 2.17
        },
        "2013": {
            "cash": 2.7,
            "stock": 0,
            "eps": 3.87
        },
        "2014": {
            "cash": 4,
            "stock": 0,
            "eps": 5.52
        },
        "2015": {
            "cash": 6,
            "stock": 0,
            "eps": 6.32
        },
        "2016": {
            "cash": 6,
            "stock": 0,
            "eps": 7.06
        },
        "2017": {
            "cash": 6.5,
            "stock": 0,
            "eps": 7.9
        },
        "2018": {
            "cash": 7.5,
            "stock": 0,
            "eps": 8.14
        },
        "2019": {
            "cash": 8,
            "stock": 0,
            "eps": 7.31
        },
        "2020": {
            "cash": 7,
            "stock": 0,
            "eps": 9.52
        },
        "2021": {
            "cash": 9,
            "stock": 0,
            "eps": 14.77
        },
        "2022": {
            "cash": 14,
            "stock": 0,
            "eps": 21.61
        },
        "2023": {
            "cash": 20.5,
            "stock": 0,
            "eps": 4.2
        }
    },
    "dividends": {
        "2007-05-16": {
            "cash": 0.69,
            "stock": 1.04
        },
        "2008-02-21": {
            "cash": 0.5,
            "stock": 1.4
        },
        "2009-03-02": {
            "cash": 1,
            "stock": 1
        },
        "2010-02-25": {
            "cash": 2.5,
            "stock": 0.3
        },
        "2011-03-17": {
            "cash": 2.5,
            "stock": 0
        },
        "2012-06-19": {
            "cash": 2.5,
            "stock": 0
        },
        "2013-06-14": {
            "cash": 2.7,
            "stock": 0
        },
        "2014-06-18": {
            "cash": 4,
            "stock": 0
        },
        "2015-07-15": {
            "cash": 6,
            "stock": 0
        },
        "2016-07-22": {
            "cash": 6,
            "stock": 0
        },
        "2017-07-21": {
            "cash": 6.5,
            "stock": 0
        },
        "2018-07-27": {
            "cash": 7.5,
            "stock": 0
        },
        "2019-07-26": {
            "cash": 8,
            "stock": 0
        },
        "2020-07-23": {
            "cash": 7,
            "stock": 0
        },
        "2021-08-06": {
            "cash": 9,
            "stock": 0
        },
        "2022-07-22": {
            "cash": 14,
            "stock": 0
        },
        "2023-02-22": {
            "cash": 20.5,
            "stock": 0
        }
    },
    "prices": {
        "200101": "無",
        "200102": "無",
        "200103": "無",
        "200104": "無",
        "200105": "無",
        "200106": "無",
        "200107": "無",
        "200108": "無",
        "200109": "無",
        "200110": "無",
        "200111": "無",
        "200112": "無",
        "200201": "無",
        "200202": "無",
        "200203": "無",
        "200204": "無",
        "200205": "無",
        "200206": "無",
        "200207": "無",
        "200208": "無",
        "200209": "無",
        "200210": "無",
        "200211": "無",
        "200212": "無",
        "200301": "無",
        "200302": "無",
        "200303": "無",
        "200304": "無",
        "200305": "無",
        "200306": "無",
        "200307": "無",
        "200308": "無",
        "200309": "無",
        "200310": "無",
        "200311": "無",
        "200312": "無",
        "200401": "無",
        "200402": "無",
        "200403": "無",
        "200404": "無",
        "200405": "無",
        "200406": "無",
        "200407": "無",
        "200408": "無",
        "200409": "無",
        "200410": "無",
        "200411": "無",
        "200412": "無",
        "200501": "無",
        "200502": "無",
        "200503": "無",
        "200504": "無",
        "200505": "無",
        "200506": "無",
        "200507": "無",
        "200508": "無",
        "200509": "無",
        "200510": "無",
        "200511": "無",
        "200512": "無",
        "200601": "無",
        "200602": "無",
        "200603": "無",
        "200604": "無",
        "200605": "無",
        "200606": "無",
        "200607": "無",
        "200608": "無",
        "200609": "無",
        "200610": "無",
        "200611": "無",
        "200612": "無",
        "200701": "無",
        "200702": "無",
        "200703": "144.90",
        "200704": "123.39",
        "200705": "121.53",
        "200706": "126.94",
        "200707": "120.47",
        "200708": "118.99",
        "200709": "116.65",
        "200710": "113.46",
        "200711": "90.20",
        "200712": "75.24",
        "200801": "66.02",
        "200802": "58.94",
        "200803": "64.08",
        "200804": "72.07",
        "200805": "66.95",
        "200806": "57.27",
        "200807": "48.80",
        "200808": "43.74",
        "200809": "38.34",
        "200810": "34.39",
        "200811": "25.87",
        "200812": "25.06",
        "200901": "24.74",
        "200902": "26.92",
        "200903": "38.25",
        "200904": "52.85",
        "200905": "64.63",
        "200906": "66.55",
        "200907": "69.52",
        "200908": "76.87",
        "200909": "78.53",
        "200910": "100.94",
        "200911": "112.54",
        "200912": "93.21",
        "201001": "87.71",
        "201002": "87.51",
        "201003": "91.37",
        "201004": "88.55",
        "201005": "89.10",
        "201006": "84.77",
        "201007": "88.42",
        "201008": "97.15",
        "201009": "109.68",
        "201010": "109.61",
        "201011": "105.57",
        "201012": "111.63",
        "201101": "116.00",
        "201102": "117.50",
        "201103": "100.93",
        "201104": "84.77",
        "201105": "76.99",
        "201106": "74.31",
        "201107": "65.15",
        "201108": "74.38",
        "201109": "65.20",
        "201110": "75.14",
        "201111": "74.34",
        "201112": "69.00",
        "201201": "67.61",
        "201202": "87.26",
        "201203": "82.80",
        "201204": "73.45",
        "201205": "67.78",
        "201206": "61.17",
        "201207": "64.63",
        "201208": "69.69",
        "201209": "66.00",
        "201210": "60.22",
        "201211": "55.55",
        "201212": "61.75",
        "201301": "64.75",
        "201302": "64.53",
        "201303": "62.88",
        "201304": "69.86",
        "201305": "70.70",
        "201306": "77.27",
        "201307": "81.49",
        "201308": "78.88",
        "201309": "74.32",
        "201310": "70.67",
        "201311": "72.16",
        "201312": "76.94",
        "201401": "88.68",
        "201402": "107.76",
        "201403": "165.90",
        "201404": "216.52",
        "201405": "242.26",
        "201406": "326.70",
        "201407": "313.80",
        "201408": "256.69",
        "201409": "329.36",
        "201410": "324.27",
        "201411": "322.15",
        "201412": "363.54",
        "201501": "330.48",
        "201502": "321.92",
        "201503": "330.02",
        "201504": "334.10",
        "201505": "368.32",
        "201506": "449.40",
        "201507": "398.84",
        "201508": "312.79",
        "201509": "320.68",
        "201510": "331.14",
        "201511": "340.26",
        "201512": "369.24",
        "201601": "358.29",
        "201602": "362.27",
        "201603": "367.39",
        "201604": "366.03",
        "201605": "330.00",
        "201606": "323.60",
        "201607": "311.55",
        "201608": "326.91",
        "201609": "334.61",
        "201610": "334.82",
        "201611": "314.68",
        "201612": "368.32",
        "201701": "412.53",
        "201702": "432.42",
        "201703": "429.46",
        "201704": "416.78",
        "201705": "387.98",
        "201706": "392.74",
        "201707": "420.45",
        "201708": "422.22",
        "201709": "403.41",
        "201710": "376.53",
        "201711": "380.36",
        "201712": "384.98",
        "201801": "431.30",
        "201802": "385.54",
        "201803": "366.57",
        "201804": "340.22",
        "201805": "346.52",
        "201806": "366.90",
        "201807": "348.39",
        "201808": "322.33",
        "201809": "297.53",
        "201810": "250.66",
        "201811": "213.57",
        "201812": "255.38",
        "201901": "272.64",
        "201902": "283.65",
        "201903": "295.50",
        "201904": "372.45",
        "201905": "360.27",
        "201906": "358.68",
        "201907": "378.54",
        "201908": "348.10",
        "201909": "340.29",
        "201910": "336.12",
        "201911": "323.00",
        "201912": "355.95",
        "202001": "348.77",
        "202002": "327.16",
        "202003": "245.27",
        "202004": "251.65",
        "202005": "317.80",
        "202006": "449.60",
        "202007": "521.50",
        "202008": "573.33",
        "202009": "509.75",
        "202010": "574.92",
        "202011": "579.57",
        "202012": "614.65",
        "202101": "665.30",
        "202102": "810.46",
        "202103": "827.14",
        "202104": "869.79",
        "202105": "924.76",
        "202106": "1186.38",
        "202107": "1366.59",
        "202108": "1342.05",
        "202109": "1815.75",
        "202110": "2151.25",
        "202111": "2331.14",
        "202112": "2035.68",
        "202201": "1823.61",
        "202202": "1734.67",
        "202203": "1783.48",
        "202204": "1401.84",
        "202205": "1353.57",
        "202206": "1312.86",
        "202207": "1064.57",
        "202208": "1302.61",
        "202209": "1274.52",
        "202210": "1082.50",
        "202211": "1372.95",
        "202212": "1416.82",
        "202301": "1488.46",
        "202302": "1682.78",
        "202303": "1944.35",
        "202304": "1938.82",
        "202305": "1861.90"
    },
    "quarters": {
        "20011": {
            "year_quarter": 20011,
            "year": 2001,
            "quarter": 1,
            "eps": null,
            "eps_growth_year": null,
            "eps_4q": null,
            "eps_4q_growth_year": null,
            "roe": null,
            "roe_4q": 0,
            "gross_profit": null,
            "gross_margin": null,
            "gross_margin_4q_avg": 0,
            "net_income": null,
            "revenue": null,
            "common_shares": null,
            "book_valuer_per_share": null,
            "book_valuer_per_share_4q_avg": 0,
            "equity": null,
            "current_ratio": null,
            "debt_ratio": null,
            "inventory_turnover_ratio": null,
            "account_receivable_turnover_ratio": null,
            "reinvestment_rate": null,
            "research_to_sale_ratio": null,
            "price_fair": 0,
            "eps_avg_yearly": 0,
            "eps_latest_yearly": 0,
            "eps_growth_yearly": 0
        },
        "20012": {
            "year_quarter": 20012,
            "year": 2001,
            "quarter": 2,
            "eps": null,
            "eps_growth_year": null,
            "eps_4q": null,
            "eps_4q_growth_year": null,
            "roe": null,
            "roe_4q": 0,
            "gross_profit": null,
            "gross_margin": null,
            "gross_margin_4q_avg": 0,
            "net_income": null,
            "revenue": null,
            "common_shares": null,
            "book_valuer_per_share": null,
            "book_valuer_per_share_4q_avg": 0,
            "equity": null,
            "current_ratio": null,
            "debt_ratio": null,
            "inventory_turnover_ratio": null,
            "account_receivable_turnover_ratio": null,
            "reinvestment_rate": null,
            "research_to_sale_ratio": null,
            "price_fair": 0,
            "eps_avg_yearly": 0,
            "eps_latest_yearly": 0,
            "eps_growth_yearly": 0
        },
        "20013": {
            "year_quarter": 20013,
            "year": 2001,
            "quarter": 3,
            "eps": null,
            "eps_growth_year": null,
            "eps_4q": null,
            "eps_4q_growth_year": null,
            "roe": null,
            "roe_4q": 0,
            "gross_profit": null,
            "gross_margin": null,
            "gross_margin_4q_avg": 0,
            "net_income": null,
            "revenue": null,
            "common_shares": null,
            "book_valuer_per_share": null,
            "book_valuer_per_share_4q_avg": 0,
            "equity": null,
            "current_ratio": null,
            "debt_ratio": null,
            "inventory_turnover_ratio": null,
            "account_receivable_turnover_ratio": null,
            "reinvestment_rate": null,
            "research_to_sale_ratio": null,
            "price_fair": 0,
            "eps_avg_yearly": 0,
            "eps_latest_yearly": 0,
            "eps_growth_yearly": 0
        },
        "20014": {
            "year_quarter": 20014,
            "year": 2001,
            "quarter": 4,
            "eps": null,
            "eps_growth_year": null,
            "eps_4q": null,
            "eps_4q_growth_year": null,
            "roe": null,
            "roe_4q": 0,
            "gross_profit": null,
            "gross_margin": null,
            "gross_margin_4q_avg": 0,
            "net_income": null,
            "revenue": null,
            "common_shares": 422762,
            "book_valuer_per_share": 8.48,
            "book_valuer_per_share_4q_avg": 2.12,
            "equity": 358332,
            "current_ratio": 2161.67,
            "debt_ratio": 2.83,
            "inventory_turnover_ratio": null,
            "account_receivable_turnover_ratio": null,
            "reinvestment_rate": null,
            "research_to_sale_ratio": null,
            "price_fair": 0,
            "eps_avg_yearly": 0,
            "eps_latest_yearly": 0,
            "eps_growth_yearly": 0
        },
        "20021": {
            "year_quarter": 20021,
            "year": 2002,
            "quarter": 1,
            "eps": null,
            "eps_growth_year": null,
            "eps_4q": null,
            "eps_4q_growth_year": null,
            "roe": null,
            "roe_4q": 0,
            "gross_profit": null,
            "gross_margin": null,
            "gross_margin_4q_avg": 0,
            "net_income": null,
            "revenue": null,
            "common_shares": null,
            "book_valuer_per_share": null,
            "book_valuer_per_share_4q_avg": 2.12,
            "equity": null,
            "current_ratio": null,
            "debt_ratio": null,
            "inventory_turnover_ratio": null,
            "account_receivable_turnover_ratio": null,
            "reinvestment_rate": null,
            "research_to_sale_ratio": null,
            "price_fair": 0,
            "eps_avg_yearly": 0,
            "eps_latest_yearly": 0,
            "eps_growth_yearly": 0
        },
        "20022": {
            "year_quarter": 20022,
            "year": 2002,
            "quarter": 2,
            "eps": null,
            "eps_growth_year": null,
            "eps_4q": null,
            "eps_4q_growth_year": null,
            "roe": null,
            "roe_4q": 0,
            "gross_profit": null,
            "gross_margin": null,
            "gross_margin_4q_avg": 0,
            "net_income": null,
            "revenue": null,
            "common_shares": null,
            "book_valuer_per_share": null,
            "book_valuer_per_share_4q_avg": 2.12,
            "equity": null,
            "current_ratio": null,
            "debt_ratio": null,
            "inventory_turnover_ratio": null,
            "account_receivable_turnover_ratio": null,
            "reinvestment_rate": null,
            "research_to_sale_ratio": null,
            "price_fair": 0,
            "eps_avg_yearly": 0,
            "eps_latest_yearly": 0,
            "eps_growth_yearly": 0
        },
        "20023": {
            "year_quarter": 20023,
            "year": 2002,
            "quarter": 3,
            "eps": null,
            "eps_growth_year": null,
            "eps_4q": null,
            "eps_4q_growth_year": null,
            "roe": null,
            "roe_4q": 0,
            "gross_profit": null,
            "gross_margin": null,
            "gross_margin_4q_avg": 0,
            "net_income": null,
            "revenue": null,
            "common_shares": null,
            "book_valuer_per_share": null,
            "book_valuer_per_share_4q_avg": 2.12,
            "equity": null,
            "current_ratio": null,
            "debt_ratio": null,
            "inventory_turnover_ratio": null,
            "account_receivable_turnover_ratio": null,
            "reinvestment_rate": null,
            "research_to_sale_ratio": null,
            "price_fair": 0,
            "eps_avg_yearly": 0,
            "eps_latest_yearly": 0,
            "eps_growth_yearly": 0
        },
        "20024": {
            "year_quarter": 20024,
            "year": 2002,
            "quarter": 4,
            "eps": null,
            "eps_growth_year": null,
            "eps_4q": null,
            "eps_4q_growth_year": null,
            "roe": null,
            "roe_4q": 0,
            "gross_profit": null,
            "gross_margin": null,
            "gross_margin_4q_avg": 0,
            "net_income": null,
            "revenue": null,
            "common_shares": 422762,
            "book_valuer_per_share": 7.13,
            "book_valuer_per_share_4q_avg": 1.78,
            "equity": 301410,
            "current_ratio": 1074.25,
            "debt_ratio": 4.81,
            "inventory_turnover_ratio": null,
            "account_receivable_turnover_ratio": null,
            "reinvestment_rate": null,
            "research_to_sale_ratio": null,
            "price_fair": 0,
            "eps_avg_yearly": 0,
            "eps_latest_yearly": 0,
            "eps_growth_yearly": 0
        },
        "20031": {
            "year_quarter": 20031,
            "year": 2003,
            "quarter": 1,
            "eps": null,
            "eps_growth_year": null,
            "eps_4q": null,
            "eps_4q_growth_year": null,
            "roe": null,
            "roe_4q": 0,
            "gross_profit": null,
            "gross_margin": null,
            "gross_margin_4q_avg": 0,
            "net_income": null,
            "revenue": null,
            "common_shares": null,
            "book_valuer_per_share": null,
            "book_valuer_per_share_4q_avg": 1.78,
            "equity": null,
            "current_ratio": null,
            "debt_ratio": null,
            "inventory_turnover_ratio": null,
            "account_receivable_turnover_ratio": null,
            "reinvestment_rate": null,
            "research_to_sale_ratio": null,
            "price_fair": 0,
            "eps_avg_yearly": 0,
            "eps_latest_yearly": 0,
            "eps_growth_yearly": 0
        },
        "20032": {
            "year_quarter": 20032,
            "year": 2003,
            "quarter": 2,
            "eps": null,
            "eps_growth_year": null,
            "eps_4q": null,
            "eps_4q_growth_year": null,
            "roe": null,
            "roe_4q": 0,
            "gross_profit": null,
            "gross_margin": null,
            "gross_margin_4q_avg": 0,
            "net_income": null,
            "revenue": null,
            "common_shares": null,
            "book_valuer_per_share": null,
            "book_valuer_per_share_4q_avg": 1.78,
            "equity": null,
            "current_ratio": null,
            "debt_ratio": null,
            "inventory_turnover_ratio": null,
            "account_receivable_turnover_ratio": null,
            "reinvestment_rate": null,
            "research_to_sale_ratio": null,
            "price_fair": 0,
            "eps_avg_yearly": 0,
            "eps_latest_yearly": 0,
            "eps_growth_yearly": 0
        },
        "20033": {
            "year_quarter": 20033,
            "year": 2003,
            "quarter": 3,
            "eps": null,
            "eps_growth_year": null,
            "eps_4q": null,
            "eps_4q_growth_year": null,
            "roe": null,
            "roe_4q": 0,
            "gross_profit": null,
            "gross_margin": null,
            "gross_margin_4q_avg": 0,
            "net_income": null,
            "revenue": null,
            "common_shares": null,
            "book_valuer_per_share": null,
            "book_valuer_per_share_4q_avg": 1.78,
            "equity": null,
            "current_ratio": null,
            "debt_ratio": null,
            "inventory_turnover_ratio": null,
            "account_receivable_turnover_ratio": null,
            "reinvestment_rate": null,
            "research_to_sale_ratio": null,
            "price_fair": 0,
            "eps_avg_yearly": 0,
            "eps_latest_yearly": 0,
            "eps_growth_yearly": 0
        },
        "20034": {
            "year_quarter": 20034,
            "year": 2003,
            "quarter": 4,
            "eps": null,
            "eps_growth_year": null,
            "eps_4q": null,
            "eps_4q_growth_year": null,
            "roe": null,
            "roe_4q": 0,
            "gross_profit": null,
            "gross_margin": null,
            "gross_margin_4q_avg": 0,
            "net_income": null,
            "revenue": null,
            "common_shares": 460000,
            "book_valuer_per_share": 6.71,
            "book_valuer_per_share_4q_avg": 1.68,
            "equity": 308642,
            "current_ratio": 1188.98,
            "debt_ratio": 5.93,
            "inventory_turnover_ratio": null,
            "account_receivable_turnover_ratio": null,
            "reinvestment_rate": null,
            "research_to_sale_ratio": null,
            "price_fair": 0,
            "eps_avg_yearly": 0,
            "eps_latest_yearly": 0,
            "eps_growth_yearly": 0
        },
        "20041": {
            "year_quarter": 20041,
            "year": 2004,
            "quarter": 1,
            "eps": null,
            "eps_growth_year": null,
            "eps_4q": null,
            "eps_4q_growth_year": null,
            "roe": null,
            "roe_4q": 0,
            "gross_profit": null,
            "gross_margin": null,
            "gross_margin_4q_avg": 0,
            "net_income": null,
            "revenue": null,
            "common_shares": null,
            "book_valuer_per_share": null,
            "book_valuer_per_share_4q_avg": 1.68,
            "equity": null,
            "current_ratio": null,
            "debt_ratio": null,
            "inventory_turnover_ratio": null,
            "account_receivable_turnover_ratio": null,
            "reinvestment_rate": null,
            "research_to_sale_ratio": null,
            "price_fair": 0,
            "eps_avg_yearly": 0,
            "eps_latest_yearly": 0,
            "eps_growth_yearly": 0
        },
        "20042": {
            "year_quarter": 20042,
            "year": 2004,
            "quarter": 2,
            "eps": null,
            "eps_growth_year": null,
            "eps_4q": null,
            "eps_4q_growth_year": null,
            "roe": null,
            "roe_4q": 0,
            "gross_profit": null,
            "gross_margin": null,
            "gross_margin_4q_avg": 0,
            "net_income": null,
            "revenue": null,
            "common_shares": null,
            "book_valuer_per_share": null,
            "book_valuer_per_share_4q_avg": 1.68,
            "equity": null,
            "current_ratio": null,
            "debt_ratio": null,
            "inventory_turnover_ratio": null,
            "account_receivable_turnover_ratio": null,
            "reinvestment_rate": null,
            "research_to_sale_ratio": null,
            "price_fair": 0,
            "eps_avg_yearly": 0,
            "eps_latest_yearly": 0,
            "eps_growth_yearly": 0
        },
        "20043": {
            "year_quarter": 20043,
            "year": 2004,
            "quarter": 3,
            "eps": null,
            "eps_growth_year": null,
            "eps_4q": null,
            "eps_4q_growth_year": null,
            "roe": null,
            "roe_4q": 0,
            "gross_profit": null,
            "gross_margin": null,
            "gross_margin_4q_avg": 0,
            "net_income": null,
            "revenue": null,
            "common_shares": null,
            "book_valuer_per_share": null,
            "book_valuer_per_share_4q_avg": 1.68,
            "equity": null,
            "current_ratio": null,
            "debt_ratio": null,
            "inventory_turnover_ratio": null,
            "account_receivable_turnover_ratio": null,
            "reinvestment_rate": null,
            "research_to_sale_ratio": null,
            "price_fair": 0,
            "eps_avg_yearly": 0,
            "eps_latest_yearly": 0,
            "eps_growth_yearly": 0
        },
        "20044": {
            "year_quarter": 20044,
            "year": 2004,
            "quarter": 4,
            "eps": null,
            "eps_growth_year": null,
            "eps_4q": null,
            "eps_4q_growth_year": null,
            "roe": null,
            "roe_4q": 0,
            "gross_profit": null,
            "gross_margin": null,
            "gross_margin_4q_avg": 0,
            "net_income": null,
            "revenue": null,
            "common_shares": 326889,
            "book_valuer_per_share": 10.66,
            "book_valuer_per_share_4q_avg": 2.67,
            "equity": 348481,
            "current_ratio": 1487.49,
            "debt_ratio": 5.27,
            "inventory_turnover_ratio": null,
            "account_receivable_turnover_ratio": null,
            "reinvestment_rate": null,
            "research_to_sale_ratio": null,
            "price_fair": 0,
            "eps_avg_yearly": 0,
            "eps_latest_yearly": 0,
            "eps_growth_yearly": 0
        },
        "20051": {
            "year_quarter": 20051,
            "year": 2005,
            "quarter": 1,
            "eps": null,
            "eps_growth_year": null,
            "eps_4q": null,
            "eps_4q_growth_year": null,
            "roe": null,
            "roe_4q": 0,
            "gross_profit": null,
            "gross_margin": null,
            "gross_margin_4q_avg": 0,
            "net_income": null,
            "revenue": null,
            "common_shares": null,
            "book_valuer_per_share": null,
            "book_valuer_per_share_4q_avg": 2.67,
            "equity": null,
            "current_ratio": null,
            "debt_ratio": null,
            "inventory_turnover_ratio": null,
            "account_receivable_turnover_ratio": null,
            "reinvestment_rate": null,
            "research_to_sale_ratio": null,
            "price_fair": 0,
            "eps_avg_yearly": 0,
            "eps_latest_yearly": 0,
            "eps_growth_yearly": 0
        },
        "20052": {
            "year_quarter": 20052,
            "year": 2005,
            "quarter": 2,
            "eps": null,
            "eps_growth_year": null,
            "eps_4q": null,
            "eps_4q_growth_year": null,
            "roe": null,
            "roe_4q": 0,
            "gross_profit": null,
            "gross_margin": null,
            "gross_margin_4q_avg": 0,
            "net_income": null,
            "revenue": null,
            "common_shares": null,
            "book_valuer_per_share": null,
            "book_valuer_per_share_4q_avg": 2.67,
            "equity": null,
            "current_ratio": null,
            "debt_ratio": null,
            "inventory_turnover_ratio": null,
            "account_receivable_turnover_ratio": null,
            "reinvestment_rate": null,
            "research_to_sale_ratio": null,
            "price_fair": 0,
            "eps_avg_yearly": 0,
            "eps_latest_yearly": 0,
            "eps_growth_yearly": 0
        },
        "20053": {
            "year_quarter": 20053,
            "year": 2005,
            "quarter": 3,
            "eps": null,
            "eps_growth_year": null,
            "eps_4q": null,
            "eps_4q_growth_year": null,
            "roe": null,
            "roe_4q": 0,
            "gross_profit": null,
            "gross_margin": null,
            "gross_margin_4q_avg": 0,
            "net_income": null,
            "revenue": null,
            "common_shares": null,
            "book_valuer_per_share": null,
            "book_valuer_per_share_4q_avg": 2.67,
            "equity": null,
            "current_ratio": null,
            "debt_ratio": null,
            "inventory_turnover_ratio": null,
            "account_receivable_turnover_ratio": null,
            "reinvestment_rate": null,
            "research_to_sale_ratio": null,
            "price_fair": 0,
            "eps_avg_yearly": 0,
            "eps_latest_yearly": 0,
            "eps_growth_yearly": 0
        },
        "20054": {
            "year_quarter": 20054,
            "year": 2005,
            "quarter": 4,
            "eps": null,
            "eps_growth_year": null,
            "eps_4q": null,
            "eps_4q_growth_year": null,
            "roe": null,
            "roe_4q": 0,
            "gross_profit": null,
            "gross_margin": null,
            "gross_margin_4q_avg": 0,
            "net_income": null,
            "revenue": null,
            "common_shares": 334999,
            "book_valuer_per_share": 12.8,
            "book_valuer_per_share_4q_avg": 3.2,
            "equity": 428636,
            "current_ratio": 1745.14,
            "debt_ratio": 4.68,
            "inventory_turnover_ratio": null,
            "account_receivable_turnover_ratio": null,
            "reinvestment_rate": null,
            "research_to_sale_ratio": null,
            "price_fair": 0,
            "eps_avg_yearly": 0,
            "eps_latest_yearly": 0,
            "eps_growth_yearly": 0
        },
        "20061": {
            "year_quarter": 20061,
            "year": 2006,
            "quarter": 1,
            "eps": null,
            "eps_growth_year": null,
            "eps_4q": null,
            "eps_4q_growth_year": null,
            "roe": null,
            "roe_4q": 0,
            "gross_profit": null,
            "gross_margin": null,
            "gross_margin_4q_avg": 0,
            "net_income": null,
            "revenue": null,
            "common_shares": null,
            "book_valuer_per_share": null,
            "book_valuer_per_share_4q_avg": 3.2,
            "equity": null,
            "current_ratio": null,
            "debt_ratio": null,
            "inventory_turnover_ratio": null,
            "account_receivable_turnover_ratio": null,
            "reinvestment_rate": null,
            "research_to_sale_ratio": null,
            "price_fair": 0,
            "eps_avg_yearly": 0,
            "eps_latest_yearly": 0,
            "eps_growth_yearly": 0
        },
        "20062": {
            "year_quarter": 20062,
            "year": 2006,
            "quarter": 2,
            "eps": null,
            "eps_growth_year": null,
            "eps_4q": null,
            "eps_4q_growth_year": null,
            "roe": null,
            "roe_4q": 0,
            "gross_profit": null,
            "gross_margin": null,
            "gross_margin_4q_avg": 0,
            "net_income": null,
            "revenue": null,
            "common_shares": null,
            "book_valuer_per_share": null,
            "book_valuer_per_share_4q_avg": 3.2,
            "equity": null,
            "current_ratio": null,
            "debt_ratio": null,
            "inventory_turnover_ratio": null,
            "account_receivable_turnover_ratio": null,
            "reinvestment_rate": null,
            "research_to_sale_ratio": null,
            "price_fair": 0,
            "eps_avg_yearly": 0,
            "eps_latest_yearly": 0,
            "eps_growth_yearly": 0
        },
        "20063": {
            "year_quarter": 20063,
            "year": 2006,
            "quarter": 3,
            "eps": null,
            "eps_growth_year": null,
            "eps_4q": null,
            "eps_4q_growth_year": null,
            "roe": null,
            "roe_4q": 0,
            "gross_profit": null,
            "gross_margin": null,
            "gross_margin_4q_avg": 0,
            "net_income": null,
            "revenue": null,
            "common_shares": null,
            "book_valuer_per_share": null,
            "book_valuer_per_share_4q_avg": 3.2,
            "equity": null,
            "current_ratio": null,
            "debt_ratio": null,
            "inventory_turnover_ratio": null,
            "account_receivable_turnover_ratio": null,
            "reinvestment_rate": null,
            "research_to_sale_ratio": null,
            "price_fair": 0,
            "eps_avg_yearly": 0,
            "eps_latest_yearly": 0,
            "eps_growth_yearly": 0
        },
        "20064": {
            "year_quarter": 20064,
            "year": 2006,
            "quarter": 4,
            "eps": null,
            "eps_growth_year": null,
            "eps_4q": null,
            "eps_4q_growth_year": null,
            "roe": null,
            "roe_4q": 0,
            "gross_profit": null,
            "gross_margin": null,
            "gross_margin_4q_avg": 0,
            "net_income": null,
            "revenue": null,
            "common_shares": 394515,
            "book_valuer_per_share": 13.55,
            "book_valuer_per_share_4q_avg": 3.39,
            "equity": 534378,
            "current_ratio": 780.44,
            "debt_ratio": 10.04,
            "inventory_turnover_ratio": null,
            "account_receivable_turnover_ratio": null,
            "reinvestment_rate": null,
            "research_to_sale_ratio": null,
            "price_fair": 0,
            "eps_avg_yearly": 0,
            "eps_latest_yearly": 0,
            "eps_growth_yearly": 0
        },
        "20071": {
            "year_quarter": 20071,
            "year": 2007,
            "quarter": 1,
            "eps": null,
            "eps_growth_year": null,
            "eps_4q": null,
            "eps_4q_growth_year": null,
            "roe": null,
            "roe_4q": 0,
            "gross_profit": null,
            "gross_margin": null,
            "gross_margin_4q_avg": 0,
            "net_income": null,
            "revenue": null,
            "common_shares": null,
            "book_valuer_per_share": null,
            "book_valuer_per_share_4q_avg": 3.39,
            "equity": null,
            "current_ratio": null,
            "debt_ratio": null,
            "inventory_turnover_ratio": null,
            "account_receivable_turnover_ratio": null,
            "reinvestment_rate": null,
            "research_to_sale_ratio": null,
            "price_fair": 0,
            "eps_avg_yearly": 0,
            "eps_latest_yearly": 0,
            "eps_growth_yearly": 0
        },
        "20072": {
            "year_quarter": 20072,
            "year": 2007,
            "quarter": 2,
            "eps": null,
            "eps_growth_year": null,
            "eps_4q": null,
            "eps_4q_growth_year": null,
            "roe": null,
            "roe_4q": 0,
            "gross_profit": null,
            "gross_margin": null,
            "gross_margin_4q_avg": 0,
            "net_income": null,
            "revenue": null,
            "common_shares": null,
            "book_valuer_per_share": null,
            "book_valuer_per_share_4q_avg": 3.39,
            "equity": null,
            "current_ratio": null,
            "debt_ratio": null,
            "inventory_turnover_ratio": null,
            "account_receivable_turnover_ratio": null,
            "reinvestment_rate": null,
            "research_to_sale_ratio": null,
            "price_fair": 0,
            "eps_avg_yearly": 0,
            "eps_latest_yearly": 0,
            "eps_growth_yearly": 0
        },
        "20073": {
            "year_quarter": 20073,
            "year": 2007,
            "quarter": 3,
            "eps": null,
            "eps_growth_year": null,
            "eps_4q": null,
            "eps_4q_growth_year": null,
            "roe": null,
            "roe_4q": 0,
            "gross_profit": null,
            "gross_margin": null,
            "gross_margin_4q_avg": 0,
            "net_income": null,
            "revenue": null,
            "common_shares": null,
            "book_valuer_per_share": null,
            "book_valuer_per_share_4q_avg": 3.39,
            "equity": null,
            "current_ratio": null,
            "debt_ratio": null,
            "inventory_turnover_ratio": null,
            "account_receivable_turnover_ratio": null,
            "reinvestment_rate": null,
            "research_to_sale_ratio": null,
            "price_fair": 0,
            "eps_avg_yearly": 0,
            "eps_latest_yearly": 0,
            "eps_growth_yearly": 0
        },
        "20074": {
            "year_quarter": 20074,
            "year": 2007,
            "quarter": 4,
            "eps": null,
            "eps_growth_year": null,
            "eps_4q": null,
            "eps_4q_growth_year": null,
            "roe": null,
            "roe_4q": 0,
            "gross_profit": null,
            "gross_margin": null,
            "gross_margin_4q_avg": 0,
            "net_income": null,
            "revenue": null,
            "common_shares": 455584,
            "book_valuer_per_share": 13.89,
            "book_valuer_per_share_4q_avg": 3.47,
            "equity": 632997,
            "current_ratio": 1651.21,
            "debt_ratio": 5.12,
            "inventory_turnover_ratio": null,
            "account_receivable_turnover_ratio": null,
            "reinvestment_rate": null,
            "research_to_sale_ratio": null,
            "price_fair": 0,
            "eps_avg_yearly": 0,
            "eps_latest_yearly": 0,
            "eps_growth_yearly": 0
        },
        "20081": {
            "year_quarter": 20081,
            "year": 2008,
            "quarter": 1,
            "eps": null,
            "eps_growth_year": null,
            "eps_4q": null,
            "eps_4q_growth_year": null,
            "roe": null,
            "roe_4q": 0,
            "gross_profit": null,
            "gross_margin": null,
            "gross_margin_4q_avg": 0,
            "net_income": null,
            "revenue": null,
            "common_shares": null,
            "book_valuer_per_share": null,
            "book_valuer_per_share_4q_avg": 3.47,
            "equity": null,
            "current_ratio": null,
            "debt_ratio": null,
            "inventory_turnover_ratio": null,
            "account_receivable_turnover_ratio": null,
            "reinvestment_rate": null,
            "research_to_sale_ratio": null,
            "price_fair": 0,
            "eps_avg_yearly": 0,
            "eps_latest_yearly": 0,
            "eps_growth_yearly": 0
        },
        "20082": {
            "year_quarter": 20082,
            "year": 2008,
            "quarter": 2,
            "eps": null,
            "eps_growth_year": null,
            "eps_4q": null,
            "eps_4q_growth_year": null,
            "roe": null,
            "roe_4q": 0,
            "gross_profit": null,
            "gross_margin": null,
            "gross_margin_4q_avg": 0,
            "net_income": null,
            "revenue": null,
            "common_shares": null,
            "book_valuer_per_share": null,
            "book_valuer_per_share_4q_avg": 3.47,
            "equity": null,
            "current_ratio": null,
            "debt_ratio": null,
            "inventory_turnover_ratio": null,
            "account_receivable_turnover_ratio": null,
            "reinvestment_rate": null,
            "research_to_sale_ratio": null,
            "price_fair": 0,
            "eps_avg_yearly": 0,
            "eps_latest_yearly": 0,
            "eps_growth_yearly": 0
        },
        "20083": {
            "year_quarter": 20083,
            "year": 2008,
            "quarter": 3,
            "eps": 1.34,
            "eps_growth_year": null,
            "eps_4q": null,
            "eps_4q_growth_year": null,
            "roe": 11.05,
            "roe_4q": 11.05,
            "gross_profit": 136750,
            "gross_margin": 86.72,
            "gross_margin_4q_avg": 21.68,
            "net_income": 77781,
            "revenue": 157686,
            "common_shares": 539664,
            "book_valuer_per_share": 13.04,
            "book_valuer_per_share_4q_avg": 6.73,
            "equity": 703892,
            "current_ratio": 804.58,
            "debt_ratio": 9.21,
            "inventory_turnover_ratio": null,
            "account_receivable_turnover_ratio": null,
            "reinvestment_rate": null,
            "research_to_sale_ratio": null,
            "price_fair": 0,
            "eps_avg_yearly": 0,
            "eps_latest_yearly": 0,
            "eps_growth_yearly": 0
        },
        "20084": {
            "year_quarter": 20084,
            "year": 2008,
            "quarter": 4,
            "eps": 0.73,
            "eps_growth_year": null,
            "eps_4q": null,
            "eps_4q_growth_year": null,
            "roe": 5.44,
            "roe_4q": 16.490000000000002,
            "gross_profit": 103827,
            "gross_margin": 90.42,
            "gross_margin_4q_avg": 44.29,
            "net_income": 39278,
            "revenue": 114830,
            "common_shares": 541164,
            "book_valuer_per_share": 13.67,
            "book_valuer_per_share_4q_avg": 6.68,
            "equity": 739812,
            "current_ratio": 779.9,
            "debt_ratio": 9.78,
            "inventory_turnover_ratio": null,
            "account_receivable_turnover_ratio": 4.48,
            "reinvestment_rate": null,
            "research_to_sale_ratio": null,
            "price_fair": 8.76,
            "eps_avg_yearly": 2.92,
            "eps_latest_yearly": 2.92,
            "eps_growth_yearly": -182.09
        },
        "20091": {
            "year_quarter": 20091,
            "year": 2009,
            "quarter": 1,
            "eps": 0.42,
            "eps_growth_year": null,
            "eps_4q": null,
            "eps_4q_growth_year": null,
            "roe": 3.39,
            "roe_4q": 19.880000000000003,
            "gross_profit": 91723,
            "gross_margin": 88.46,
            "gross_margin_4q_avg": 66.4,
            "net_income": 25290,
            "revenue": 103685,
            "common_shares": 543004,
            "book_valuer_per_share": 13.88,
            "book_valuer_per_share_4q_avg": 10.15,
            "equity": 753485,
            "current_ratio": 1255.99,
            "debt_ratio": 6.47,
            "inventory_turnover_ratio": null,
            "account_receivable_turnover_ratio": 4.05,
            "reinvestment_rate": null,
            "research_to_sale_ratio": null,
            "price_fair": 6.9,
            "eps_avg_yearly": 2.3,
            "eps_latest_yearly": 1.68,
            "eps_growth_yearly": -175.98
        },
        "20092": {
            "year_quarter": 20092,
            "year": 2009,
            "quarter": 2,
            "eps": -0.42,
            "eps_growth_year": null,
            "eps_4q": 2.16,
            "eps_4q_growth_year": null,
            "roe": -3.37,
            "roe_4q": 16.51,
            "gross_profit": 111153,
            "gross_margin": 80.58,
            "gross_margin_4q_avg": 86.55,
            "net_income": -25074,
            "revenue": 137942,
            "common_shares": 543804,
            "book_valuer_per_share": 13.5,
            "book_valuer_per_share_4q_avg": 13.52,
            "equity": 734376,
            "current_ratio": 571.92,
            "debt_ratio": 13.98,
            "inventory_turnover_ratio": null,
            "account_receivable_turnover_ratio": 7.07,
            "reinvestment_rate": null,
            "research_to_sale_ratio": null,
            "price_fair": 6.9,
            "eps_avg_yearly": 2.3,
            "eps_latest_yearly": 1.68,
            "eps_growth_yearly": -175.98
        },
        "20093": {
            "year_quarter": 20093,
            "year": 2009,
            "quarter": 3,
            "eps": 0.85,
            "eps_growth_year": -36.57,
            "eps_4q": 1.51,
            "eps_4q_growth_year": null,
            "roe": 6.64,
            "roe_4q": 12.100000000000001,
            "gross_profit": 145797,
            "gross_margin": 83.09,
            "gross_margin_4q_avg": 85.64,
            "net_income": 50864,
            "revenue": 175460,
            "common_shares": 604266,
            "book_valuer_per_share": 13.2,
            "book_valuer_per_share_4q_avg": 13.56,
            "equity": 797552,
            "current_ratio": 939.67,
            "debt_ratio": 9.01,
            "inventory_turnover_ratio": null,
            "account_receivable_turnover_ratio": 3.78,
            "reinvestment_rate": null,
            "research_to_sale_ratio": null,
            "price_fair": 6.9,
            "eps_avg_yearly": 2.3,
            "eps_latest_yearly": 1.68,
            "eps_growth_yearly": -175.98
        },
        "20094": {
            "year_quarter": 20094,
            "year": 2009,
            "quarter": 4,
            "eps": 1.26,
            "eps_growth_year": 72.6,
            "eps_4q": 2.04,
            "eps_4q_growth_year": null,
            "roe": 8.89,
            "roe_4q": 15.55,
            "gross_profit": 157216,
            "gross_margin": 79.42,
            "gross_margin_4q_avg": 82.89,
            "net_income": 76214,
            "revenue": 197948,
            "common_shares": 624220,
            "book_valuer_per_share": 14.68,
            "book_valuer_per_share_4q_avg": 13.82,
            "equity": 916291,
            "current_ratio": 961.24,
            "debt_ratio": 9.34,
            "inventory_turnover_ratio": null,
            "account_receivable_turnover_ratio": 4.03,
            "reinvestment_rate": null,
            "research_to_sale_ratio": null,
            "price_fair": 9.64,
            "eps_avg_yearly": 3.21,
            "eps_latest_yearly": 5.04,
            "eps_growth_yearly": -53
        },
        "20101": {
            "year_quarter": 20101,
            "year": 2010,
            "quarter": 1,
            "eps": null,
            "eps_growth_year": null,
            "eps_4q": null,
            "eps_4q_growth_year": null,
            "roe": null,
            "roe_4q": 12.16,
            "gross_profit": 125151,
            "gross_margin": null,
            "gross_margin_4q_avg": 60.77,
            "net_income": 39446,
            "revenue": 169506,
            "common_shares": 624520,
            "book_valuer_per_share": 15.31,
            "book_valuer_per_share_4q_avg": 14.17,
            "equity": 956360,
            "current_ratio": 258.23,
            "debt_ratio": 25.13,
            "inventory_turnover_ratio": null,
            "account_receivable_turnover_ratio": null,
            "reinvestment_rate": null,
            "research_to_sale_ratio": null,
            "price_fair": 9.64,
            "eps_avg_yearly": 3.21,
            "eps_latest_yearly": 5.04,
            "eps_growth_yearly": -53
        },
        "20102": {
            "year_quarter": 20102,
            "year": 2010,
            "quarter": 2,
            "eps": 1.17,
            "eps_growth_year": null,
            "eps_4q": 3.12,
            "eps_4q_growth_year": 44.54,
            "roe": 8.29,
            "roe_4q": 23.82,
            "gross_profit": 170515,
            "gross_margin": 73.9,
            "gross_margin_4q_avg": 59.1,
            "net_income": 76565,
            "revenue": 230748,
            "common_shares": 624590,
            "book_valuer_per_share": 14.25,
            "book_valuer_per_share_4q_avg": 14.36,
            "equity": 889818,
            "current_ratio": 261.06,
            "debt_ratio": 23.38,
            "inventory_turnover_ratio": null,
            "account_receivable_turnover_ratio": 5.33,
            "reinvestment_rate": null,
            "research_to_sale_ratio": null,
            "price_fair": 9.64,
            "eps_avg_yearly": 3.21,
            "eps_latest_yearly": 5.04,
            "eps_growth_yearly": -53
        },
        "20103": {
            "year_quarter": 20103,
            "year": 2010,
            "quarter": 3,
            "eps": 0.98,
            "eps_growth_year": 15.03,
            "eps_4q": 3.31,
            "eps_4q_growth_year": 119.51,
            "roe": 6.92,
            "roe_4q": 24.1,
            "gross_profit": 167545,
            "gross_margin": 71.01,
            "gross_margin_4q_avg": 56.08,
            "net_income": 63922,
            "revenue": 235959,
            "common_shares": 653777,
            "book_valuer_per_share": 14.63,
            "book_valuer_per_share_4q_avg": 14.72,
            "equity": 956354,
            "current_ratio": 512.9,
            "debt_ratio": 11.47,
            "inventory_turnover_ratio": null,
            "account_receivable_turnover_ratio": 2.41,
            "reinvestment_rate": null,
            "research_to_sale_ratio": 25.39,
            "price_fair": 10.17,
            "eps_avg_yearly": 3.39,
            "eps_latest_yearly": 3.92,
            "eps_growth_yearly": -55.99
        },
        "20104": {
            "year_quarter": 20104,
            "year": 2010,
            "quarter": 4,
            "eps": 0.71,
            "eps_growth_year": -44.04,
            "eps_4q": 2.83,
            "eps_4q_growth_year": 38.82,
            "roe": 4.75,
            "roe_4q": 19.96,
            "gross_profit": 164888,
            "gross_margin": 79.67,
            "gross_margin_4q_avg": 56.15,
            "net_income": 46595,
            "revenue": 206954,
            "common_shares": 660855,
            "book_valuer_per_share": 15.24,
            "book_valuer_per_share_4q_avg": 14.86,
            "equity": 1006966,
            "current_ratio": 535.58,
            "debt_ratio": 11.41,
            "inventory_turnover_ratio": null,
            "account_receivable_turnover_ratio": 2.5,
            "reinvestment_rate": null,
            "research_to_sale_ratio": 33.89,
            "price_fair": 9.84,
            "eps_avg_yearly": 3.28,
            "eps_latest_yearly": 2.84,
            "eps_growth_yearly": -66.83
        },
        "20111": {
            "year_quarter": 20111,
            "year": 2011,
            "quarter": 1,
            "eps": 0.4,
            "eps_growth_year": null,
            "eps_4q": 2.85,
            "eps_4q_growth_year": null,
            "roe": 2.15,
            "roe_4q": 22.11,
            "gross_profit": 120468,
            "gross_margin": 73.64,
            "gross_margin_4q_avg": 74.56,
            "net_income": 29442,
            "revenue": 163600,
            "common_shares": 760855,
            "book_valuer_per_share": 22.8,
            "book_valuer_per_share_4q_avg": 16.73,
            "equity": 1735006,
            "current_ratio": 1082.62,
            "debt_ratio": 7.13,
            "inventory_turnover_ratio": null,
            "account_receivable_turnover_ratio": 2.91,
            "reinvestment_rate": null,
            "research_to_sale_ratio": 37.71,
            "price_fair": 9,
            "eps_avg_yearly": 3,
            "eps_latest_yearly": 1.6,
            "eps_growth_yearly": -84.8
        },
        "20112": {
            "year_quarter": 20112,
            "year": 2011,
            "quarter": 2,
            "eps": 0.38,
            "eps_growth_year": -67.67,
            "eps_4q": 2.22,
            "eps_4q_growth_year": -28.83,
            "roe": 1.74,
            "roe_4q": 15.56,
            "gross_profit": 119623,
            "gross_margin": 65.86,
            "gross_margin_4q_avg": 72.55,
            "net_income": 28828,
            "revenue": 181632,
            "common_shares": 760855,
            "book_valuer_per_share": 20.63,
            "book_valuer_per_share_4q_avg": 18.33,
            "equity": 1569861,
            "current_ratio": 404.75,
            "debt_ratio": 17.16,
            "inventory_turnover_ratio": null,
            "account_receivable_turnover_ratio": 3.02,
            "reinvestment_rate": null,
            "research_to_sale_ratio": 32.4,
            "price_fair": 8.37,
            "eps_avg_yearly": 2.79,
            "eps_latest_yearly": 1.52,
            "eps_growth_yearly": -75.55
        },
        "20113": {
            "year_quarter": 20113,
            "year": 2011,
            "quarter": 3,
            "eps": 0.91,
            "eps_growth_year": -6.89,
            "eps_4q": 2.31,
            "eps_4q_growth_year": -30.4,
            "roe": 4.36,
            "roe_4q": 13,
            "gross_profit": 148146,
            "gross_margin": 89.19,
            "gross_margin_4q_avg": 77.09,
            "net_income": 68358,
            "revenue": 166106,
            "common_shares": 760855,
            "book_valuer_per_share": 20.89,
            "book_valuer_per_share_4q_avg": 19.89,
            "equity": 1568206,
            "current_ratio": 1346.2,
            "debt_ratio": 5.03,
            "inventory_turnover_ratio": null,
            "account_receivable_turnover_ratio": 2.89,
            "reinvestment_rate": null,
            "research_to_sale_ratio": 29.62,
            "price_fair": 39.47,
            "eps_avg_yearly": 2.9,
            "eps_latest_yearly": 3.64,
            "eps_growth_yearly": 3.63
        },
        "20114": {
            "year_quarter": 20114,
            "year": 2011,
            "quarter": 4,
            "eps": 0.35,
            "eps_growth_year": -50.23,
            "eps_4q": 2.03,
            "eps_4q_growth_year": -28.37,
            "roe": 1.67,
            "roe_4q": 9.92,
            "gross_profit": 132259,
            "gross_margin": 99.64,
            "gross_margin_4q_avg": 82.08,
            "net_income": 26501,
            "revenue": 132733,
            "common_shares": 765138,
            "book_valuer_per_share": 21.16,
            "book_valuer_per_share_4q_avg": 21.37,
            "equity": 1597749,
            "current_ratio": 1427.91,
            "debt_ratio": 4.9,
            "inventory_turnover_ratio": null,
            "account_receivable_turnover_ratio": 3.58,
            "reinvestment_rate": null,
            "research_to_sale_ratio": 42.39,
            "price_fair": 8.19,
            "eps_avg_yearly": 2.73,
            "eps_latest_yearly": 1.4,
            "eps_growth_yearly": -24.12
        },
        "20121": {
            "year_quarter": 20121,
            "year": 2012,
            "quarter": 1,
            "eps": 0.53,
            "eps_growth_year": 32.5,
            "eps_4q": 2.17,
            "eps_4q_growth_year": -23.82,
            "roe": 2.5,
            "roe_4q": 10.270000000000001,
            "gross_profit": 157678,
            "gross_margin": 99.71,
            "gross_margin_4q_avg": 88.6,
            "net_income": 40438,
            "revenue": 158140,
            "common_shares": 767058,
            "book_valuer_per_share": 21.67,
            "book_valuer_per_share_4q_avg": 21.09,
            "equity": 1640640,
            "current_ratio": 1405.54,
            "debt_ratio": 5.04,
            "inventory_turnover_ratio": null,
            "account_receivable_turnover_ratio": 3.8,
            "reinvestment_rate": null,
            "research_to_sale_ratio": 44.02,
            "price_fair": 8,
            "eps_avg_yearly": 2.67,
            "eps_latest_yearly": 2.12,
            "eps_growth_yearly": -1.14
        },
        "20122": {
            "year_quarter": 20122,
            "year": 2012,
            "quarter": 2,
            "eps": 0.44,
            "eps_growth_year": 15.81,
            "eps_4q": 2.23,
            "eps_4q_growth_year": 0.34,
            "roe": 2.12,
            "roe_4q": 10.65,
            "gross_profit": 146417,
            "gross_margin": 99.94,
            "gross_margin_4q_avg": 97.12,
            "net_income": 33218,
            "revenue": 146500,
            "common_shares": 767058,
            "book_valuer_per_share": 19.67,
            "book_valuer_per_share_4q_avg": 20.85,
            "equity": 1489266,
            "current_ratio": 452.09,
            "debt_ratio": 15.41,
            "inventory_turnover_ratio": null,
            "account_receivable_turnover_ratio": 3.11,
            "reinvestment_rate": 69.96,
            "research_to_sale_ratio": 44.66,
            "price_fair": 7.76,
            "eps_avg_yearly": 2.59,
            "eps_latest_yearly": 1.76,
            "eps_growth_yearly": -7.21
        },
        "20123": {
            "year_quarter": 20123,
            "year": 2012,
            "quarter": 3,
            "eps": 0.45,
            "eps_growth_year": -50.52,
            "eps_4q": 1.77,
            "eps_4q_growth_year": -23.21,
            "roe": 2.27,
            "roe_4q": 8.56,
            "gross_profit": 151485,
            "gross_margin": 100,
            "gross_margin_4q_avg": 99.82,
            "net_income": 34150,
            "revenue": 151485,
            "common_shares": 768098,
            "book_valuer_per_share": 20.12,
            "book_valuer_per_share_4q_avg": 20.66,
            "equity": 1524985,
            "current_ratio": 1529.13,
            "debt_ratio": 4.31,
            "inventory_turnover_ratio": null,
            "account_receivable_turnover_ratio": 4.19,
            "reinvestment_rate": 77.08,
            "research_to_sale_ratio": 43.62,
            "price_fair": 7.56,
            "eps_avg_yearly": 2.52,
            "eps_latest_yearly": 1.8,
            "eps_growth_yearly": -5.85
        },
        "20124": {
            "year_quarter": 20124,
            "year": 2012,
            "quarter": 4,
            "eps": 0.75,
            "eps_growth_year": 113.96,
            "eps_4q": 2.18,
            "eps_4q_growth_year": 7.67,
            "roe": 3.67,
            "roe_4q": 10.559999999999999,
            "gross_profit": 154960,
            "gross_margin": 99.9,
            "gross_margin_4q_avg": 99.89,
            "net_income": 56504,
            "revenue": 155110,
            "common_shares": 768323,
            "book_valuer_per_share": 20.6,
            "book_valuer_per_share_4q_avg": 20.52,
            "equity": 1550302,
            "current_ratio": 1341.5,
            "debt_ratio": 5.04,
            "inventory_turnover_ratio": null,
            "account_receivable_turnover_ratio": 5.48,
            "reinvestment_rate": 74.75,
            "research_to_sale_ratio": 41.07,
            "price_fair": 88.43,
            "eps_avg_yearly": 2.53,
            "eps_latest_yearly": 3,
            "eps_growth_yearly": 31.55
        },
        "20131": {
            "year_quarter": 20131,
            "year": 2013,
            "quarter": 1,
            "eps": 0.7,
            "eps_growth_year": 32.08,
            "eps_4q": 2.35,
            "eps_4q_growth_year": 8.55,
            "roe": 3.36,
            "roe_4q": 11.419999999999998,
            "gross_profit": 164912,
            "gross_margin": 100,
            "gross_margin_4q_avg": 99.96,
            "net_income": 52108,
            "revenue": 164912,
            "common_shares": 768323,
            "book_valuer_per_share": 20.72,
            "book_valuer_per_share_4q_avg": 20.28,
            "equity": 1549862,
            "current_ratio": 1048.66,
            "debt_ratio": 7.11,
            "inventory_turnover_ratio": null,
            "account_receivable_turnover_ratio": 5.39,
            "reinvestment_rate": 74.07,
            "research_to_sale_ratio": 40.71,
            "price_fair": 91.7,
            "eps_avg_yearly": 2.62,
            "eps_latest_yearly": 2.8,
            "eps_growth_yearly": 43.48
        },
        "20132": {
            "year_quarter": 20132,
            "year": 2013,
            "quarter": 2,
            "eps": 1.01,
            "eps_growth_year": 130.19,
            "eps_4q": 2.92,
            "eps_4q_growth_year": 31.19,
            "roe": 5.09,
            "roe_4q": 14.389999999999999,
            "gross_profit": 207440,
            "gross_margin": 100,
            "gross_margin_4q_avg": 99.98,
            "net_income": 75613,
            "revenue": 207440,
            "common_shares": 768323,
            "book_valuer_per_share": 19.04,
            "book_valuer_per_share_4q_avg": 20.12,
            "equity": 1423577,
            "current_ratio": 358.47,
            "debt_ratio": 19.41,
            "inventory_turnover_ratio": null,
            "account_receivable_turnover_ratio": 4.56,
            "reinvestment_rate": 64.45,
            "research_to_sale_ratio": 32.89,
            "price_fair": 95.52,
            "eps_avg_yearly": 2.73,
            "eps_latest_yearly": 4.04,
            "eps_growth_yearly": 53.76
        },
        "20133": {
            "year_quarter": 20133,
            "year": 2013,
            "quarter": 3,
            "eps": 0.96,
            "eps_growth_year": 113.11,
            "eps_4q": 3.38,
            "eps_4q_growth_year": 90.58,
            "roe": 4.79,
            "roe_4q": 16.909999999999997,
            "gross_profit": 205352,
            "gross_margin": 100,
            "gross_margin_4q_avg": 99.98,
            "net_income": 71651,
            "revenue": 205352,
            "common_shares": 768323,
            "book_valuer_per_share": 20.69,
            "book_valuer_per_share_4q_avg": 20.26,
            "equity": 1568050,
            "current_ratio": 992.8,
            "debt_ratio": 7.67,
            "inventory_turnover_ratio": null,
            "account_receivable_turnover_ratio": 3.98,
            "reinvestment_rate": 61.5,
            "research_to_sale_ratio": 36.86,
            "price_fair": 98.3,
            "eps_avg_yearly": 2.81,
            "eps_latest_yearly": 3.84,
            "eps_growth_yearly": 48.51
        },
        "20134": {
            "year_quarter": 20134,
            "year": 2013,
            "quarter": 4,
            "eps": 1.2,
            "eps_growth_year": 60.4,
            "eps_4q": 3.84,
            "eps_4q_growth_year": 75.65,
            "roe": 5.65,
            "roe_4q": 18.89,
            "gross_profit": 230554,
            "gross_margin": 100,
            "gross_margin_4q_avg": 100,
            "net_income": 91268,
            "revenue": 230554,
            "common_shares": 768323,
            "book_valuer_per_share": 21.94,
            "book_valuer_per_share_4q_avg": 20.6,
            "equity": 1662953,
            "current_ratio": 839.34,
            "debt_ratio": 9.05,
            "inventory_turnover_ratio": null,
            "account_receivable_turnover_ratio": 5.04,
            "reinvestment_rate": 54.02,
            "research_to_sale_ratio": 31.59,
            "price_fair": 97.7,
            "eps_avg_yearly": 2.79,
            "eps_latest_yearly": 4.8,
            "eps_growth_yearly": 41.87
        },
        "20141": {
            "year_quarter": 20141,
            "year": 2014,
            "quarter": 1,
            "eps": 1.46,
            "eps_growth_year": 108.57,
            "eps_4q": 4.61,
            "eps_4q_growth_year": 95.96,
            "roe": 6.44,
            "roe_4q": 21.97,
            "gross_profit": 246060,
            "gross_margin": 100,
            "gross_margin_4q_avg": 100,
            "net_income": 110936,
            "revenue": 246060,
            "common_shares": 768323,
            "book_valuer_per_share": 23.49,
            "book_valuer_per_share_4q_avg": 21.29,
            "equity": 1780202,
            "current_ratio": 777.32,
            "debt_ratio": 9.72,
            "inventory_turnover_ratio": null,
            "account_receivable_turnover_ratio": 4.73,
            "reinvestment_rate": 24.09,
            "research_to_sale_ratio": 31.91,
            "price_fair": 104.81,
            "eps_avg_yearly": 2.99,
            "eps_latest_yearly": 5.84,
            "eps_growth_yearly": 44.85
        },
        "20142": {
            "year_quarter": 20142,
            "year": 2014,
            "quarter": 2,
            "eps": 1.09,
            "eps_growth_year": 7.92,
            "eps_4q": 4.7,
            "eps_4q_growth_year": 60.98,
            "roe": 4.93,
            "roe_4q": 21.810000000000002,
            "gross_profit": 224929,
            "gross_margin": 100,
            "gross_margin_4q_avg": 100,
            "net_income": 82385,
            "revenue": 224929,
            "common_shares": 768323,
            "book_valuer_per_share": 20.58,
            "book_valuer_per_share_4q_avg": 21.68,
            "equity": 1559501,
            "current_ratio": 299.63,
            "debt_ratio": 24.36,
            "inventory_turnover_ratio": null,
            "account_receivable_turnover_ratio": 3.63,
            "reinvestment_rate": 17.21,
            "research_to_sale_ratio": 32.1,
            "price_fair": 107.8,
            "eps_avg_yearly": 3.08,
            "eps_latest_yearly": 4.36,
            "eps_growth_yearly": 35.72
        },
        "20143": {
            "year_quarter": 20143,
            "year": 2014,
            "quarter": 3,
            "eps": 1.64,
            "eps_growth_year": 70.83,
            "eps_4q": 5.4,
            "eps_4q_growth_year": 59.82,
            "roe": 7.67,
            "roe_4q": 24.689999999999998,
            "gross_profit": 274829,
            "gross_margin": 100,
            "gross_margin_4q_avg": 100,
            "net_income": 124352,
            "revenue": 274829,
            "common_shares": 768323,
            "book_valuer_per_share": 22.22,
            "book_valuer_per_share_4q_avg": 22.06,
            "equity": 1683825,
            "current_ratio": 788.23,
            "debt_ratio": 9.48,
            "inventory_turnover_ratio": null,
            "account_receivable_turnover_ratio": 5.29,
            "reinvestment_rate": 15.31,
            "research_to_sale_ratio": 30.35,
            "price_fair": 113.58,
            "eps_avg_yearly": 3.25,
            "eps_latest_yearly": 6.56,
            "eps_growth_yearly": 52.39
        },
        "20144": {
            "year_quarter": 20144,
            "year": 2014,
            "quarter": 4,
            "eps": 1.33,
            "eps_growth_year": 10.55,
            "eps_4q": 5.52,
            "eps_4q_growth_year": 44.02,
            "roe": 5.82,
            "roe_4q": 24.860000000000003,
            "gross_profit": 258159,
            "gross_margin": 100,
            "gross_margin_4q_avg": 100,
            "net_income": 100896,
            "revenue": 258159,
            "common_shares": 768323,
            "book_valuer_per_share": 23.56,
            "book_valuer_per_share_4q_avg": 22.46,
            "equity": 1785808,
            "current_ratio": 759.35,
            "debt_ratio": 9.94,
            "inventory_turnover_ratio": null,
            "account_receivable_turnover_ratio": 5.29,
            "reinvestment_rate": 15.87,
            "research_to_sale_ratio": 33.13,
            "price_fair": 119,
            "eps_avg_yearly": 3.4,
            "eps_latest_yearly": 5.32,
            "eps_growth_yearly": 54.55
        },
        "20151": {
            "year_quarter": 20151,
            "year": 2015,
            "quarter": 1,
            "eps": 1.51,
            "eps_growth_year": 3.42,
            "eps_4q": 5.57,
            "eps_4q_growth_year": 20.77,
            "roe": 6.19,
            "roe_4q": 24.61,
            "gross_profit": 258602,
            "gross_margin": 100,
            "gross_margin_4q_avg": 100,
            "net_income": 114423,
            "revenue": 258602,
            "common_shares": 768323,
            "book_valuer_per_share": 25.2,
            "book_valuer_per_share_4q_avg": 22.89,
            "equity": 1909669,
            "current_ratio": 777.3,
            "debt_ratio": 9.9,
            "inventory_turnover_ratio": null,
            "account_receivable_turnover_ratio": 4.57,
            "reinvestment_rate": 14.73,
            "research_to_sale_ratio": 31.29,
            "price_fair": 128.71,
            "eps_avg_yearly": 3.68,
            "eps_latest_yearly": 6.04,
            "eps_growth_yearly": 68.85
        },
        "20152": {
            "year_quarter": 20152,
            "year": 2015,
            "quarter": 2,
            "eps": 1.72,
            "eps_growth_year": 57.8,
            "eps_4q": 6.2,
            "eps_4q_growth_year": 31.92,
            "roe": 7.46,
            "roe_4q": 27.14,
            "gross_profit": 280325,
            "gross_margin": 100,
            "gross_margin_4q_avg": 100,
            "net_income": 130297,
            "revenue": 280325,
            "common_shares": 768323,
            "book_valuer_per_share": 20.92,
            "book_valuer_per_share_4q_avg": 22.98,
            "equity": 1585274,
            "current_ratio": 248.65,
            "debt_ratio": 30.32,
            "inventory_turnover_ratio": null,
            "account_receivable_turnover_ratio": 3.71,
            "reinvestment_rate": 3.22,
            "research_to_sale_ratio": 28.64,
            "price_fair": 140.44,
            "eps_avg_yearly": 4.01,
            "eps_latest_yearly": 6.88,
            "eps_growth_yearly": 73.58
        },
        "20153": {
            "year_quarter": 20153,
            "year": 2015,
            "quarter": 3,
            "eps": 1.4,
            "eps_growth_year": -14.63,
            "eps_4q": 5.96,
            "eps_4q_growth_year": 10.51,
            "roe": 6.49,
            "roe_4q": 25.96,
            "gross_profit": 251815,
            "gross_margin": 100,
            "gross_margin_4q_avg": 100,
            "net_income": 106301,
            "revenue": 251815,
            "common_shares": 768323,
            "book_valuer_per_share": 22.32,
            "book_valuer_per_share_4q_avg": 23,
            "equity": 1691575,
            "current_ratio": 708.43,
            "debt_ratio": 10.51,
            "inventory_turnover_ratio": null,
            "account_receivable_turnover_ratio": 3.96,
            "reinvestment_rate": 3.9,
            "research_to_sale_ratio": 33.75,
            "price_fair": 144.73,
            "eps_avg_yearly": 4.14,
            "eps_latest_yearly": 5.6,
            "eps_growth_yearly": 34.06
        },
        "20154": {
            "year_quarter": 20154,
            "year": 2015,
            "quarter": 4,
            "eps": 1.69,
            "eps_growth_year": 26.95,
            "eps_4q": 6.32,
            "eps_4q_growth_year": 14.46,
            "roe": 7.3,
            "roe_4q": 27.44,
            "gross_profit": 300878,
            "gross_margin": 100,
            "gross_margin_4q_avg": 100,
            "net_income": 128090,
            "revenue": 300878,
            "common_shares": 768323,
            "book_valuer_per_share": 23.97,
            "book_valuer_per_share_4q_avg": 23.1,
            "equity": 1816782,
            "current_ratio": 718.69,
            "debt_ratio": 10.74,
            "inventory_turnover_ratio": null,
            "account_receivable_turnover_ratio": 6.38,
            "reinvestment_rate": 4.13,
            "research_to_sale_ratio": 33.78,
            "price_fair": 156.45,
            "eps_avg_yearly": 4.47,
            "eps_latest_yearly": 6.76,
            "eps_growth_yearly": 54.62
        },
        "20161": {
            "year_quarter": 20161,
            "year": 2016,
            "quarter": 1,
            "eps": 2.19,
            "eps_growth_year": 45.03,
            "eps_4q": 7,
            "eps_4q_growth_year": 25.74,
            "roe": 8.72,
            "roe_4q": 29.97,
            "gross_profit": 319846,
            "gross_margin": 100,
            "gross_margin_4q_avg": 100,
            "net_income": 166012,
            "revenue": 319846,
            "common_shares": 757823,
            "book_valuer_per_share": 26.29,
            "book_valuer_per_share_4q_avg": 23.38,
            "equity": 1992451,
            "current_ratio": 667.81,
            "debt_ratio": 11.82,
            "inventory_turnover_ratio": null,
            "account_receivable_turnover_ratio": 4.53,
            "reinvestment_rate": 3.72,
            "research_to_sale_ratio": 33.53,
            "price_fair": 170.98,
            "eps_avg_yearly": 4.89,
            "eps_latest_yearly": 8.76,
            "eps_growth_yearly": 49.16
        },
        "20162": {
            "year_quarter": 20162,
            "year": 2016,
            "quarter": 2,
            "eps": 1.4,
            "eps_growth_year": -18.6,
            "eps_4q": 6.69,
            "eps_4q_growth_year": 7.8,
            "roe": 5.83,
            "roe_4q": 28.340000000000003,
            "gross_profit": 280019,
            "gross_margin": 100,
            "gross_margin_4q_avg": 100,
            "net_income": 106245,
            "revenue": 280019,
            "common_shares": 757823,
            "book_valuer_per_share": 21.78,
            "book_valuer_per_share_4q_avg": 23.59,
            "equity": 1650605,
            "current_ratio": 245.75,
            "debt_ratio": 31.26,
            "inventory_turnover_ratio": null,
            "account_receivable_turnover_ratio": 3.86,
            "reinvestment_rate": 3.36,
            "research_to_sale_ratio": 37.3,
            "price_fair": 179.38,
            "eps_avg_yearly": 5.13,
            "eps_latest_yearly": 5.6,
            "eps_growth_yearly": 44.39
        },
        "20163": {
            "year_quarter": 20163,
            "year": 2016,
            "quarter": 3,
            "eps": 1.72,
            "eps_growth_year": 22.86,
            "eps_4q": 7,
            "eps_4q_growth_year": 17.42,
            "roe": 7.58,
            "roe_4q": 29.430000000000003,
            "gross_profit": 309367,
            "gross_margin": 100,
            "gross_margin_4q_avg": 100,
            "net_income": 130299,
            "revenue": 309367,
            "common_shares": 757823,
            "book_valuer_per_share": 23.59,
            "book_valuer_per_share_4q_avg": 23.91,
            "equity": 1787506,
            "current_ratio": 598.71,
            "debt_ratio": 12.67,
            "inventory_turnover_ratio": null,
            "account_receivable_turnover_ratio": 5.56,
            "reinvestment_rate": -0.74,
            "research_to_sale_ratio": 35,
            "price_fair": 190.49,
            "eps_avg_yearly": 5.44,
            "eps_latest_yearly": 6.88,
            "eps_growth_yearly": 49.53
        },
        "20164": {
            "year_quarter": 20164,
            "year": 2016,
            "quarter": 4,
            "eps": 1.75,
            "eps_growth_year": 3.33,
            "eps_4q": 7.06,
            "eps_4q_growth_year": 11.65,
            "roe": 7.13,
            "roe_4q": 29.259999999999998,
            "gross_profit": 306227,
            "gross_margin": 100,
            "gross_margin_4q_avg": 100,
            "net_income": 132361,
            "revenue": 306227,
            "common_shares": 757823,
            "book_valuer_per_share": 25.39,
            "book_valuer_per_share_4q_avg": 24.26,
            "equity": 1924126,
            "current_ratio": 621.98,
            "debt_ratio": 12.49,
            "inventory_turnover_ratio": null,
            "account_receivable_turnover_ratio": 5.17,
            "reinvestment_rate": 0.42,
            "research_to_sale_ratio": 35.21,
            "price_fair": 199.24,
            "eps_avg_yearly": 5.69,
            "eps_latest_yearly": 7,
            "eps_growth_yearly": 33.3
        },
        "20171": {
            "year_quarter": 20171,
            "year": 2017,
            "quarter": 1,
            "eps": 2,
            "eps_growth_year": -8.68,
            "eps_4q": 6.87,
            "eps_4q_growth_year": -1.96,
            "roe": 7.56,
            "roe_4q": 28.1,
            "gross_profit": 337249,
            "gross_margin": 100,
            "gross_margin_4q_avg": 100,
            "net_income": 151378,
            "revenue": 337249,
            "common_shares": 757823,
            "book_valuer_per_share": 27.47,
            "book_valuer_per_share_4q_avg": 24.56,
            "equity": 2081628,
            "current_ratio": 688.45,
            "debt_ratio": 11.59,
            "inventory_turnover_ratio": null,
            "account_receivable_turnover_ratio": 4.27,
            "reinvestment_rate": -0.61,
            "research_to_sale_ratio": 37.17,
            "price_fair": 210.61,
            "eps_avg_yearly": 6.02,
            "eps_latest_yearly": 8,
            "eps_growth_yearly": 38.54
        },
        "20172": {
            "year_quarter": 20172,
            "year": 2017,
            "quarter": 2,
            "eps": 1.79,
            "eps_growth_year": 27.86,
            "eps_4q": 7.25,
            "eps_4q_growth_year": 8.49,
            "roe": 7.1,
            "roe_4q": 29.369999999999997,
            "gross_profit": 332220,
            "gross_margin": 100,
            "gross_margin_4q_avg": 100,
            "net_income": 135610,
            "revenue": 332220,
            "common_shares": 757823,
            "book_valuer_per_share": 22.97,
            "book_valuer_per_share_4q_avg": 24.86,
            "equity": 1741071,
            "current_ratio": 245.87,
            "debt_ratio": 31.62,
            "inventory_turnover_ratio": null,
            "account_receivable_turnover_ratio": 3.58,
            "reinvestment_rate": -0.22,
            "research_to_sale_ratio": 34.54,
            "price_fair": 216.48,
            "eps_avg_yearly": 6.21,
            "eps_latest_yearly": 7.16,
            "eps_growth_yearly": 24.85
        },
        "20173": {
            "year_quarter": 20173,
            "year": 2017,
            "quarter": 3,
            "eps": 2.56,
            "eps_growth_year": 48.84,
            "eps_4q": 8.09,
            "eps_4q_growth_year": 15.6,
            "roe": 10.54,
            "roe_4q": 32.33,
            "gross_profit": 384423,
            "gross_margin": 100,
            "gross_margin_4q_avg": 100,
            "net_income": 194062,
            "revenue": 384423,
            "common_shares": 757823,
            "book_valuer_per_share": 25.62,
            "book_valuer_per_share_4q_avg": 25.36,
            "equity": 1941707,
            "current_ratio": 523.52,
            "debt_ratio": 14.7,
            "inventory_turnover_ratio": null,
            "account_receivable_turnover_ratio": 4.56,
            "reinvestment_rate": 0.23,
            "research_to_sale_ratio": 33.3,
            "price_fair": 231.44,
            "eps_avg_yearly": 6.61,
            "eps_latest_yearly": 10.24,
            "eps_growth_yearly": 36.84
        },
        "20174": {
            "year_quarter": 20174,
            "year": 2017,
            "quarter": 4,
            "eps": 1.55,
            "eps_growth_year": -11.11,
            "eps_4q": 7.9,
            "eps_4q_growth_year": 11.93,
            "roe": 5.87,
            "roe_4q": 31.069999999999997,
            "gross_profit": 321866,
            "gross_margin": 100,
            "gross_margin_4q_avg": 100,
            "net_income": 117659,
            "revenue": 321866,
            "common_shares": 757823,
            "book_valuer_per_share": 27.25,
            "book_valuer_per_share_4q_avg": 25.83,
            "equity": 2065159,
            "current_ratio": 558.92,
            "debt_ratio": 13.99,
            "inventory_turnover_ratio": null,
            "account_receivable_turnover_ratio": 4.11,
            "reinvestment_rate": 0.96,
            "research_to_sale_ratio": 36.52,
            "price_fair": 205.85,
            "eps_avg_yearly": 6.7,
            "eps_latest_yearly": 6.2,
            "eps_growth_yearly": 20.72
        },
        "20181": {
            "year_quarter": 20181,
            "year": 2018,
            "quarter": 1,
            "eps": 2.23,
            "eps_growth_year": 11.5,
            "eps_4q": 8.13,
            "eps_4q_growth_year": 18.4,
            "roe": 7.82,
            "roe_4q": 31.33,
            "gross_profit": 374466,
            "gross_margin": 100,
            "gross_margin_4q_avg": 100,
            "net_income": 168730,
            "revenue": 374466,
            "common_shares": 757908,
            "book_valuer_per_share": 29.72,
            "book_valuer_per_share_4q_avg": 26.39,
            "equity": 2252390,
            "current_ratio": 595.28,
            "debt_ratio": 13.44,
            "inventory_turnover_ratio": null,
            "account_receivable_turnover_ratio": 3.79,
            "reinvestment_rate": -2.51,
            "research_to_sale_ratio": 33.32,
            "price_fair": 241.24,
            "eps_avg_yearly": 6.89,
            "eps_latest_yearly": 8.92,
            "eps_growth_yearly": 26.27
        },
        "20182": {
            "year_quarter": 20182,
            "year": 2018,
            "quarter": 2,
            "eps": 1.48,
            "eps_growth_year": -17.32,
            "eps_4q": 7.82,
            "eps_4q_growth_year": 7.81,
            "roe": 5.53,
            "roe_4q": 29.76,
            "gross_profit": 302073,
            "gross_margin": 100,
            "gross_margin_4q_avg": 100,
            "net_income": 112193,
            "revenue": 302073,
            "common_shares": 757908,
            "book_valuer_per_share": 23.8,
            "book_valuer_per_share_4q_avg": 26.6,
            "equity": 1803876,
            "current_ratio": 235.59,
            "debt_ratio": 33.24,
            "inventory_turnover_ratio": null,
            "account_receivable_turnover_ratio": 2.5,
            "reinvestment_rate": -2.77,
            "research_to_sale_ratio": 38.45,
            "price_fair": 239.07,
            "eps_avg_yearly": 6.99,
            "eps_latest_yearly": 5.92,
            "eps_growth_yearly": 24.2
        },
        "20183": {
            "year_quarter": 20183,
            "year": 2018,
            "quarter": 3,
            "eps": 2.23,
            "eps_growth_year": -12.89,
            "eps_4q": 7.54,
            "eps_4q_growth_year": -6.85,
            "roe": 9.33,
            "roe_4q": 28.55,
            "gross_profit": 393225,
            "gross_margin": 100,
            "gross_margin_4q_avg": 100,
            "net_income": 168572,
            "revenue": 393225,
            "common_shares": 757908,
            "book_valuer_per_share": 24.08,
            "book_valuer_per_share_4q_avg": 26.21,
            "equity": 1811039,
            "current_ratio": 466.75,
            "debt_ratio": 16.16,
            "inventory_turnover_ratio": null,
            "account_receivable_turnover_ratio": 3.1,
            "reinvestment_rate": -2.68,
            "research_to_sale_ratio": 32.58,
            "price_fair": 244.51,
            "eps_avg_yearly": 7.14,
            "eps_latest_yearly": 8.92,
            "eps_growth_yearly": 24.26
        },
        "20184": {
            "year_quarter": 20184,
            "year": 2018,
            "quarter": 4,
            "eps": 2.2,
            "eps_growth_year": 41.98,
            "eps_4q": 8.26,
            "eps_4q_growth_year": 4.55,
            "roe": 9.23,
            "roe_4q": 31.910000000000004,
            "gross_profit": 406752,
            "gross_margin": 100,
            "gross_margin_4q_avg": 100,
            "net_income": 163611,
            "revenue": 406752,
            "common_shares": 757908,
            "book_valuer_per_share": 23.36,
            "book_valuer_per_share_4q_avg": 25.24,
            "equity": 1733541,
            "current_ratio": 424.16,
            "debt_ratio": 17.61,
            "inventory_turnover_ratio": null,
            "account_receivable_turnover_ratio": 2.86,
            "reinvestment_rate": -2.71,
            "research_to_sale_ratio": 33.54,
            "price_fair": 257.43,
            "eps_avg_yearly": 7.36,
            "eps_latest_yearly": 8.8,
            "eps_growth_yearly": 28.65
        },
        "20191": {
            "year_quarter": 20191,
            "year": 2019,
            "quarter": 1,
            "eps": 2.39,
            "eps_growth_year": 7.17,
            "eps_4q": 8.37,
            "eps_4q_growth_year": 3.02,
            "roe": 9.72,
            "roe_4q": 33.81,
            "gross_profit": 395061,
            "gross_margin": 100,
            "gross_margin_4q_avg": 100,
            "net_income": 177151,
            "revenue": 395061,
            "common_shares": 757908,
            "book_valuer_per_share": 25.76,
            "book_valuer_per_share_4q_avg": 24.25,
            "equity": 1911760,
            "current_ratio": 461.7,
            "debt_ratio": 16.94,
            "inventory_turnover_ratio": null,
            "account_receivable_turnover_ratio": 3,
            "reinvestment_rate": -3.16,
            "research_to_sale_ratio": 32.29,
            "price_fair": 265.13,
            "eps_avg_yearly": 7.58,
            "eps_latest_yearly": 9.56,
            "eps_growth_yearly": 27.42
        },
        "20192": {
            "year_quarter": 20192,
            "year": 2019,
            "quarter": 2,
            "eps": 1.55,
            "eps_growth_year": 4.73,
            "eps_4q": 8.41,
            "eps_4q_growth_year": 7.57,
            "roe": 6.87,
            "roe_4q": 35.15,
            "gross_profit": 316541,
            "gross_margin": 100,
            "gross_margin_4q_avg": 100,
            "net_income": 115098,
            "revenue": 316541,
            "common_shares": 758050,
            "book_valuer_per_share": 19.36,
            "book_valuer_per_share_4q_avg": 23.14,
            "equity": 1437496,
            "current_ratio": 191.33,
            "debt_ratio": 39.77,
            "inventory_turnover_ratio": null,
            "account_receivable_turnover_ratio": 3.04,
            "reinvestment_rate": -2.83,
            "research_to_sale_ratio": 39.58,
            "price_fair": 189.5,
            "eps_avg_yearly": 7.53,
            "eps_latest_yearly": 6.2,
            "eps_growth_yearly": 15.16
        },
        "20193": {
            "year_quarter": 20193,
            "year": 2019,
            "quarter": 3,
            "eps": 1.62,
            "eps_growth_year": -27.35,
            "eps_4q": 7.76,
            "eps_4q_growth_year": 2.88,
            "roe": 7.99,
            "roe_4q": 33.81,
            "gross_profit": 336587,
            "gross_margin": 100,
            "gross_margin_4q_avg": 100,
            "net_income": 120170,
            "revenue": 336587,
            "common_shares": 758314,
            "book_valuer_per_share": 21.17,
            "book_valuer_per_share_4q_avg": 22.41,
            "equity": 1571877,
            "current_ratio": 413.91,
            "debt_ratio": 17.71,
            "inventory_turnover_ratio": null,
            "account_receivable_turnover_ratio": 2.71,
            "reinvestment_rate": -2.69,
            "research_to_sale_ratio": 37.15,
            "price_fair": 234.74,
            "eps_avg_yearly": 7.59,
            "eps_latest_yearly": 6.48,
            "eps_growth_yearly": 20.94
        },
        "20194": {
            "year_quarter": 20194,
            "year": 2019,
            "quarter": 4,
            "eps": 1.75,
            "eps_growth_year": -20.8,
            "eps_4q": 7.3,
            "eps_4q_growth_year": -11.64,
            "roe": 7.92,
            "roe_4q": 32.5,
            "gross_profit": 361896,
            "gross_margin": 100,
            "gross_margin_4q_avg": 100,
            "net_income": 129653,
            "revenue": 361896,
            "common_shares": 758336,
            "book_valuer_per_share": 22.92,
            "book_valuer_per_share_4q_avg": 22.3,
            "equity": 1702014,
            "current_ratio": 464.28,
            "debt_ratio": 16.29,
            "inventory_turnover_ratio": null,
            "account_receivable_turnover_ratio": 2.66,
            "reinvestment_rate": -2.83,
            "research_to_sale_ratio": 35.45,
            "price_fair": 211.09,
            "eps_avg_yearly": 7.6,
            "eps_latest_yearly": 7,
            "eps_growth_yearly": 17.77
        },
        "20201": {
            "year_quarter": 20201,
            "year": 2020,
            "quarter": 1,
            "eps": 2.38,
            "eps_growth_year": -0.42,
            "eps_4q": 7.29,
            "eps_4q_growth_year": -12.9,
            "roe": 9.87,
            "roe_4q": 32.65,
            "gross_profit": 415436,
            "gross_margin": 100,
            "gross_margin_4q_avg": 100,
            "net_income": 176758,
            "revenue": 415436,
            "common_shares": 758336,
            "book_valuer_per_share": 25.32,
            "book_valuer_per_share_4q_avg": 22.19,
            "equity": 1880312,
            "current_ratio": 465.32,
            "debt_ratio": 17.16,
            "inventory_turnover_ratio": null,
            "account_receivable_turnover_ratio": 3.53,
            "reinvestment_rate": -3.01,
            "research_to_sale_ratio": 35.07,
            "price_fair": 224.68,
            "eps_avg_yearly": 7.65,
            "eps_latest_yearly": 9.52,
            "eps_growth_yearly": 19.37
        },
        "20202": {
            "year_quarter": 20202,
            "year": 2020,
            "quarter": 2,
            "eps": 2.28,
            "eps_growth_year": 47.1,
            "eps_4q": 8.02,
            "eps_4q_growth_year": -4.61,
            "roe": 9.93,
            "roe_4q": 35.71,
            "gross_profit": 423276,
            "gross_margin": 100,
            "gross_margin_4q_avg": 100,
            "net_income": 169317,
            "revenue": 423276,
            "common_shares": 758336,
            "book_valuer_per_share": 20.61,
            "book_valuer_per_share_4q_avg": 22.51,
            "equity": 1530757,
            "current_ratio": 209.09,
            "debt_ratio": 37.57,
            "inventory_turnover_ratio": null,
            "account_receivable_turnover_ratio": 4.23,
            "reinvestment_rate": -2.64,
            "research_to_sale_ratio": 34.02,
            "price_fair": 275.45,
            "eps_avg_yearly": 7.87,
            "eps_latest_yearly": 9.12,
            "eps_growth_yearly": 27.34
        },
        "20203": {
            "year_quarter": 20203,
            "year": 2020,
            "quarter": 3,
            "eps": 2.26,
            "eps_growth_year": 39.51,
            "eps_4q": 8.65,
            "eps_4q_growth_year": 11.52,
            "roe": 10.17,
            "roe_4q": 37.89,
            "gross_profit": 441259,
            "gross_margin": 100,
            "gross_margin_4q_avg": 100,
            "net_income": 168581,
            "revenue": 441259,
            "common_shares": 760562,
            "book_valuer_per_share": 23.77,
            "book_valuer_per_share_4q_avg": 23.16,
            "equity": 1785457,
            "current_ratio": 404.58,
            "debt_ratio": 19.36,
            "inventory_turnover_ratio": null,
            "account_receivable_turnover_ratio": 3.66,
            "reinvestment_rate": -2.38,
            "research_to_sale_ratio": 33.35,
            "price_fair": 251.39,
            "eps_avg_yearly": 8.01,
            "eps_latest_yearly": 9.04,
            "eps_growth_yearly": 21.4
        },
        "20204": {
            "year_quarter": 20204,
            "year": 2020,
            "quarter": 4,
            "eps": 2.6,
            "eps_growth_year": 48.67,
            "eps_4q": 9.5,
            "eps_4q_growth_year": 30.21,
            "roe": 10.14,
            "roe_4q": 40.11,
            "gross_profit": 496682,
            "gross_margin": 100,
            "gross_margin_4q_avg": 100,
            "net_income": 192189,
            "revenue": 496682,
            "common_shares": 760592,
            "book_valuer_per_share": 26.8,
            "book_valuer_per_share_4q_avg": 24.13,
            "equity": 2005643,
            "current_ratio": 423.78,
            "debt_ratio": 19.05,
            "inventory_turnover_ratio": null,
            "account_receivable_turnover_ratio": 3.73,
            "reinvestment_rate": -3.34,
            "research_to_sale_ratio": 33.4,
            "price_fair": 285.38,
            "eps_avg_yearly": 8.22,
            "eps_latest_yearly": 10.4,
            "eps_growth_yearly": 24.73
        },
        "20211": {
            "year_quarter": 20211,
            "year": 2021,
            "quarter": 1,
            "eps": 3.93,
            "eps_growth_year": 65.13,
            "eps_4q": 11.06,
            "eps_4q_growth_year": 51.66,
            "roe": 13.53,
            "roe_4q": 43.77,
            "gross_profit": 596734,
            "gross_margin": 100,
            "gross_margin_4q_avg": 100,
            "net_income": 291434,
            "revenue": 596734,
            "common_shares": 760778,
            "book_valuer_per_share": 30.81,
            "book_valuer_per_share_4q_avg": 25.5,
            "equity": 2303462,
            "current_ratio": 453.79,
            "debt_ratio": 18.45,
            "inventory_turnover_ratio": null,
            "account_receivable_turnover_ratio": 5.08,
            "reinvestment_rate": -3.21,
            "research_to_sale_ratio": 27.82,
            "price_fair": 304.5,
            "eps_avg_yearly": 8.7,
            "eps_latest_yearly": 15.72,
            "eps_growth_yearly": 33.95
        },
        "20212": {
            "year_quarter": 20212,
            "year": 2021,
            "quarter": 2,
            "eps": 3.27,
            "eps_growth_year": 43.42,
            "eps_4q": 12.06,
            "eps_4q_growth_year": 50.31,
            "roe": 11.52,
            "roe_4q": 45.36,
            "gross_profit": 541415,
            "gross_margin": 100,
            "gross_margin_4q_avg": 100,
            "net_income": 241910,
            "revenue": 541415,
            "common_shares": 760798,
            "book_valuer_per_share": 25.35,
            "book_valuer_per_share_4q_avg": 26.68,
            "equity": 1895206,
            "current_ratio": 215.53,
            "debt_ratio": 38.79,
            "inventory_turnover_ratio": null,
            "account_receivable_turnover_ratio": 4.68,
            "reinvestment_rate": -3.31,
            "research_to_sale_ratio": 30.54,
            "price_fair": 317.45,
            "eps_avg_yearly": 9.07,
            "eps_latest_yearly": 13.08,
            "eps_growth_yearly": 32.37
        },
        "20213": {
            "year_quarter": 20213,
            "year": 2021,
            "quarter": 3,
            "eps": 3.72,
            "eps_growth_year": 64.6,
            "eps_4q": 13.52,
            "eps_4q_growth_year": 56.26,
            "roe": 13.52,
            "roe_4q": 48.71,
            "gross_profit": 594277,
            "gross_margin": 100,
            "gross_margin_4q_avg": 100,
            "net_income": 275153,
            "revenue": 594277,
            "common_shares": 760876,
            "book_valuer_per_share": 29.12,
            "book_valuer_per_share_4q_avg": 28.02,
            "equity": 2175108,
            "current_ratio": 413.13,
            "debt_ratio": 20.18,
            "inventory_turnover_ratio": null,
            "account_receivable_turnover_ratio": 3.54,
            "reinvestment_rate": -3.32,
            "research_to_sale_ratio": 28.82,
            "price_fair": 327.6,
            "eps_avg_yearly": 9.36,
            "eps_latest_yearly": 14.88,
            "eps_growth_yearly": 25.06
        },
        "20214": {
            "year_quarter": 20214,
            "year": 2021,
            "quarter": 4,
            "eps": 3.85,
            "eps_growth_year": 48.45,
            "eps_4q": 14.77,
            "eps_4q_growth_year": 55.4,
            "roe": 12.14,
            "roe_4q": 50.71,
            "gross_profit": 631398,
            "gross_margin": 100,
            "gross_margin_4q_avg": 100,
            "net_income": 285157,
            "revenue": 631398,
            "common_shares": 761235,
            "book_valuer_per_share": 33.2,
            "book_valuer_per_share_4q_avg": 29.62,
            "equity": 2522791,
            "current_ratio": 409.8,
            "debt_ratio": 20.85,
            "inventory_turnover_ratio": null,
            "account_receivable_turnover_ratio": 3.89,
            "reinvestment_rate": -3.18,
            "research_to_sale_ratio": 28.39,
            "price_fair": 347.73,
            "eps_avg_yearly": 9.94,
            "eps_latest_yearly": 15.4,
            "eps_growth_yearly": 35.8
        },
        "20221": {
            "year_quarter": 20221,
            "year": 2022,
            "quarter": 1,
            "eps": 4.91,
            "eps_growth_year": 24.94,
            "eps_4q": 15.75,
            "eps_4q_growth_year": 42.37,
            "roe": 13.4,
            "roe_4q": 50.58,
            "gross_profit": 727107,
            "gross_margin": 100,
            "gross_margin_4q_avg": 100,
            "net_income": 362238,
            "revenue": 727107,
            "common_shares": 761272,
            "book_valuer_per_share": 38.2,
            "book_valuer_per_share_4q_avg": 31.47,
            "equity": 2884071,
            "current_ratio": 426.8,
            "debt_ratio": 20.5,
            "inventory_turnover_ratio": null,
            "account_receivable_turnover_ratio": 6.21,
            "reinvestment_rate": -1.81,
            "research_to_sale_ratio": 27.22,
            "price_fair": 371.18,
            "eps_avg_yearly": 10.61,
            "eps_latest_yearly": 19.64,
            "eps_growth_yearly": 31.71
        },
        "20222": {
            "year_quarter": 20222,
            "year": 2022,
            "quarter": 2,
            "eps": 5.48,
            "eps_growth_year": 67.58,
            "eps_4q": 17.96,
            "eps_4q_growth_year": 48.95,
            "roe": 15.91,
            "roe_4q": 54.97,
            "gross_profit": 796292,
            "gross_margin": 100,
            "gross_margin_4q_avg": 100,
            "net_income": 409741,
            "revenue": 796292,
            "common_shares": 761272,
            "book_valuer_per_share": 29.89,
            "book_valuer_per_share_4q_avg": 32.6,
            "equity": 2265629,
            "current_ratio": 195.15,
            "debt_ratio": 44.33,
            "inventory_turnover_ratio": null,
            "account_receivable_turnover_ratio": 4.79,
            "reinvestment_rate": -0.73,
            "research_to_sale_ratio": 26.94,
            "price_fair": 406.18,
            "eps_avg_yearly": 11.61,
            "eps_latest_yearly": 21.92,
            "eps_growth_yearly": 43.02
        },
        "20223": {
            "year_quarter": 20223,
            "year": 2022,
            "quarter": 3,
            "eps": 5.45,
            "eps_growth_year": 46.51,
            "eps_4q": 19.68,
            "eps_4q_growth_year": 45.62,
            "roe": 16.35,
            "roe_4q": 57.800000000000004,
            "gross_profit": 790608,
            "gross_margin": 100,
            "gross_margin_4q_avg": 100,
            "net_income": 402056,
            "revenue": 790608,
            "common_shares": 761845,
            "book_valuer_per_share": 35.25,
            "book_valuer_per_share_4q_avg": 34.14,
            "equity": 2653835,
            "current_ratio": 424.13,
            "debt_ratio": 20.25,
            "inventory_turnover_ratio": null,
            "account_receivable_turnover_ratio": 3.59,
            "reinvestment_rate": -0.69,
            "research_to_sale_ratio": 26.9,
            "price_fair": 434.35,
            "eps_avg_yearly": 12.41,
            "eps_latest_yearly": 21.8,
            "eps_growth_yearly": 30.22
        },
        "20224": {
            "year_quarter": 20224,
            "year": 2022,
            "quarter": 4,
            "eps": 5.77,
            "eps_growth_year": 49.75,
            "eps_4q": 21.6,
            "eps_4q_growth_year": 46.26,
            "roe": 14.97,
            "roe_4q": 60.63,
            "gross_profit": 902704,
            "gross_margin": 100,
            "gross_margin_4q_avg": 100,
            "net_income": 430106,
            "revenue": 902704,
            "common_shares": 761845,
            "book_valuer_per_share": 41.01,
            "book_valuer_per_share_4q_avg": 36.09,
            "equity": 3093324,
            "current_ratio": 423.72,
            "debt_ratio": 20.65,
            "inventory_turnover_ratio": null,
            "account_receivable_turnover_ratio": 3.75,
            "reinvestment_rate": -0.54,
            "research_to_sale_ratio": 24.57,
            "price_fair": 465.59,
            "eps_avg_yearly": 13.3,
            "eps_latest_yearly": 23.08,
            "eps_growth_yearly": 32.02
        },
        "20231": {
            "year_quarter": 20231,
            "year": 2023,
            "quarter": 1,
            "eps": 4.2,
            "eps_growth_year": -14.46,
            "eps_4q": 20.89,
            "eps_4q_growth_year": 32.66,
            "roe": 9.45,
            "roe_4q": 56.68000000000001,
            "gross_profit": 667751,
            "gross_margin": 100,
            "gross_margin_4q_avg": 100,
            "net_income": 307558,
            "revenue": 667751,
            "common_shares": 761885,
            "book_valuer_per_share": 45.23,
            "book_valuer_per_share_4q_avg": 37.85,
            "equity": 3414339,
            "current_ratio": 459,
            "debt_ratio": 19.18,
            "inventory_turnover_ratio": null,
            "account_receivable_turnover_ratio": 3.15,
            "reinvestment_rate": -0.46,
            "research_to_sale_ratio": 27.88,
            "price_fair": 454.71,
            "eps_avg_yearly": 13.76,
            "eps_latest_yearly": 16.8,
            "eps_growth_yearly": 23.06
        }
    },
    "months": {
        "2007-03": {
            "month": "2007-03",
            "price": "144.90",
            "revenue": 54777
        },
        "2007-04": {
            "month": "2007-04",
            "price": "123.39",
            "revenue": 25445
        },
        "2007-05": {
            "month": "2007-05",
            "price": "121.53",
            "revenue": 11900
        },
        "2007-06": {
            "month": "2007-06",
            "price": "126.94",
            "revenue": 33208
        },
        "2007-07": {
            "month": "2007-07",
            "price": "120.47",
            "revenue": 22841
        },
        "2007-08": {
            "month": "2007-08",
            "price": "118.99",
            "revenue": 19568
        },
        "2007-09": {
            "month": "2007-09",
            "price": "116.65",
            "revenue": 36613
        },
        "2007-10": {
            "month": "2007-10",
            "price": "113.46",
            "revenue": 24871
        },
        "2007-11": {
            "month": "2007-11",
            "price": "90.20",
            "revenue": 37970
        },
        "2007-12": {
            "month": "2007-12",
            "price": "75.24",
            "revenue": 36838
        },
        "2008-01": {
            "month": "2008-01",
            "price": "66.02",
            "revenue": 29422
        },
        "2008-02": {
            "month": "2008-02",
            "price": "58.94",
            "revenue": 40991
        },
        "2008-03": {
            "month": "2008-03",
            "price": "64.08",
            "revenue": 29016
        },
        "2008-04": {
            "month": "2008-04",
            "price": "72.07",
            "revenue": 25650
        },
        "2008-05": {
            "month": "2008-05",
            "price": "66.95",
            "revenue": 55022
        },
        "2008-06": {
            "month": "2008-06",
            "price": "57.27",
            "revenue": 30148
        },
        "2008-07": {
            "month": "2008-07",
            "price": "48.80",
            "revenue": 55858
        },
        "2008-08": {
            "month": "2008-08",
            "price": "43.74",
            "revenue": 75845
        },
        "2008-09": {
            "month": "2008-09",
            "price": "38.34",
            "revenue": 25984
        },
        "2008-10": {
            "month": "2008-10",
            "price": "34.39",
            "revenue": 24523
        },
        "2008-11": {
            "month": "2008-11",
            "price": "25.87",
            "revenue": 55848
        },
        "2008-12": {
            "month": "2008-12",
            "price": "25.06",
            "revenue": 34458
        },
        "2009-01": {
            "month": "2009-01",
            "price": "24.74",
            "revenue": 26823
        },
        "2009-02": {
            "month": "2009-02",
            "price": "26.92",
            "revenue": 41598
        },
        "2009-03": {
            "month": "2009-03",
            "price": "38.25",
            "revenue": 35264
        },
        "2009-04": {
            "month": "2009-04",
            "price": "52.85",
            "revenue": 69366
        },
        "2009-05": {
            "month": "2009-05",
            "price": "64.63",
            "revenue": 41454
        },
        "2009-06": {
            "month": "2009-06",
            "price": "66.55",
            "revenue": 27123
        },
        "2009-07": {
            "month": "2009-07",
            "price": "69.52",
            "revenue": 92610
        },
        "2009-08": {
            "month": "2009-08",
            "price": "76.87",
            "revenue": 31969
        },
        "2009-09": {
            "month": "2009-09",
            "price": "78.53",
            "revenue": 50882
        },
        "2009-10": {
            "month": "2009-10",
            "price": "100.94",
            "revenue": 97657
        },
        "2009-11": {
            "month": "2009-11",
            "price": "112.54",
            "revenue": 50016
        },
        "2009-12": {
            "month": "2009-12",
            "price": "93.21",
            "revenue": 50276
        },
        "2010-01": {
            "month": "2010-01",
            "price": "87.71",
            "revenue": 82465
        },
        "2010-02": {
            "month": "2010-02",
            "price": "87.51",
            "revenue": 40247
        },
        "2010-03": {
            "month": "2010-03",
            "price": "91.37",
            "revenue": 46795
        },
        "2010-04": {
            "month": "2010-04",
            "price": "88.55",
            "revenue": 97728
        },
        "2010-05": {
            "month": "2010-05",
            "price": "89.10",
            "revenue": 71859
        },
        "2010-06": {
            "month": "2010-06",
            "price": "84.77",
            "revenue": 61162
        },
        "2010-07": {
            "month": "2010-07",
            "price": "88.42",
            "revenue": 80290
        },
        "2010-08": {
            "month": "2010-08",
            "price": "97.15",
            "revenue": 94071
        },
        "2010-09": {
            "month": "2010-09",
            "price": "109.68",
            "revenue": 61598
        },
        "2010-10": {
            "month": "2010-10",
            "price": "109.61",
            "revenue": 115051
        },
        "2010-11": {
            "month": "2010-11",
            "price": "105.57",
            "revenue": 63178
        },
        "2010-12": {
            "month": "2010-12",
            "price": "111.63",
            "revenue": 28725
        },
        "2011-01": {
            "month": "2011-01",
            "price": "116.00",
            "revenue": 64939
        },
        "2011-02": {
            "month": "2011-02",
            "price": "117.50",
            "revenue": 58000
        },
        "2011-03": {
            "month": "2011-03",
            "price": "100.93",
            "revenue": 40661
        },
        "2011-04": {
            "month": "2011-04",
            "price": "84.77",
            "revenue": 78169
        },
        "2011-05": {
            "month": "2011-05",
            "price": "76.99",
            "revenue": 60361
        },
        "2011-06": {
            "month": "2011-06",
            "price": "74.31",
            "revenue": 43102
        },
        "2011-07": {
            "month": "2011-07",
            "price": "65.15",
            "revenue": 87911
        },
        "2011-08": {
            "month": "2011-08",
            "price": "74.38",
            "revenue": 45492
        },
        "2011-09": {
            "month": "2011-09",
            "price": "65.20",
            "revenue": 32702
        },
        "2011-10": {
            "month": "2011-10",
            "price": "75.14",
            "revenue": 75735
        },
        "2011-11": {
            "month": "2011-11",
            "price": "74.34",
            "revenue": 40943
        },
        "2011-12": {
            "month": "2011-12",
            "price": "69.00",
            "revenue": 16056
        },
        "2012-01": {
            "month": "2012-01",
            "price": "67.61",
            "revenue": 94721
        },
        "2012-02": {
            "month": "2012-02",
            "price": "87.26",
            "revenue": 35999
        },
        "2012-03": {
            "month": "2012-03",
            "price": "82.80",
            "revenue": 27419
        },
        "2012-04": {
            "month": "2012-04",
            "price": "73.45",
            "revenue": 83029
        },
        "2012-05": {
            "month": "2012-05",
            "price": "67.78",
            "revenue": 41253
        },
        "2012-06": {
            "month": "2012-06",
            "price": "61.17",
            "revenue": 22218
        },
        "2012-07": {
            "month": "2012-07",
            "price": "64.63",
            "revenue": 105245
        },
        "2012-08": {
            "month": "2012-08",
            "price": "69.69",
            "revenue": 35086
        },
        "2012-09": {
            "month": "2012-09",
            "price": "66.00",
            "revenue": 11153
        },
        "2012-10": {
            "month": "2012-10",
            "price": "60.22",
            "revenue": 113891
        },
        "2012-11": {
            "month": "2012-11",
            "price": "55.55",
            "revenue": 30927
        },
        "2012-12": {
            "month": "2012-12",
            "price": "61.75",
            "revenue": 10292
        },
        "2013-01": {
            "month": "2013-01",
            "price": "64.75",
            "revenue": 114372
        },
        "2013-02": {
            "month": "2013-02",
            "price": "64.53",
            "revenue": 25110
        },
        "2013-03": {
            "month": "2013-03",
            "price": "62.88",
            "revenue": 25430
        },
        "2013-04": {
            "month": "2013-04",
            "price": "69.86",
            "revenue": 127813
        },
        "2013-05": {
            "month": "2013-05",
            "price": "70.70",
            "revenue": 53962
        },
        "2013-06": {
            "month": "2013-06",
            "price": "77.27",
            "revenue": 25665
        },
        "2013-07": {
            "month": "2013-07",
            "price": "81.49",
            "revenue": 135829
        },
        "2013-08": {
            "month": "2013-08",
            "price": "78.88",
            "revenue": 43610
        },
        "2013-09": {
            "month": "2013-09",
            "price": "74.32",
            "revenue": 25913
        },
        "2013-10": {
            "month": "2013-10",
            "price": "70.67",
            "revenue": 156652
        },
        "2013-11": {
            "month": "2013-11",
            "price": "72.16",
            "revenue": 56644
        },
        "2013-12": {
            "month": "2013-12",
            "price": "76.94",
            "revenue": 17258
        },
        "2014-01": {
            "month": "2014-01",
            "price": "88.68",
            "revenue": 168696
        },
        "2014-02": {
            "month": "2014-02",
            "price": "107.76",
            "revenue": 51673
        },
        "2014-03": {
            "month": "2014-03",
            "price": "165.90",
            "revenue": 25691
        },
        "2014-04": {
            "month": "2014-04",
            "price": "216.52",
            "revenue": 172450
        },
        "2014-05": {
            "month": "2014-05",
            "price": "242.26",
            "revenue": 38609
        },
        "2014-06": {
            "month": "2014-06",
            "price": "326.70",
            "revenue": 13870
        },
        "2014-07": {
            "month": "2014-07",
            "price": "313.80",
            "revenue": 189727
        },
        "2014-08": {
            "month": "2014-08",
            "price": "256.69",
            "revenue": 53556
        },
        "2014-09": {
            "month": "2014-09",
            "price": "329.36",
            "revenue": 31546
        },
        "2014-10": {
            "month": "2014-10",
            "price": "324.27",
            "revenue": 197330
        },
        "2014-11": {
            "month": "2014-11",
            "price": "322.15",
            "revenue": 43652
        },
        "2014-12": {
            "month": "2014-12",
            "price": "363.54",
            "revenue": 17177
        },
        "2015-01": {
            "month": "2015-01",
            "price": "330.48",
            "revenue": 183266
        },
        "2015-02": {
            "month": "2015-02",
            "price": "321.92",
            "revenue": 47809
        },
        "2015-03": {
            "month": "2015-03",
            "price": "330.02",
            "revenue": 27527
        },
        "2015-04": {
            "month": "2015-04",
            "price": "334.10",
            "revenue": 172773
        },
        "2015-05": {
            "month": "2015-05",
            "price": "368.32",
            "revenue": 40969
        },
        "2015-06": {
            "month": "2015-06",
            "price": "449.40",
            "revenue": 66583
        },
        "2015-07": {
            "month": "2015-07",
            "price": "398.84",
            "revenue": 193311
        },
        "2015-08": {
            "month": "2015-08",
            "price": "312.79",
            "revenue": 45204
        },
        "2015-09": {
            "month": "2015-09",
            "price": "320.68",
            "revenue": 13300
        },
        "2015-10": {
            "month": "2015-10",
            "price": "331.14",
            "revenue": 225341
        },
        "2015-11": {
            "month": "2015-11",
            "price": "340.26",
            "revenue": 49992
        },
        "2015-12": {
            "month": "2015-12",
            "price": "369.24",
            "revenue": 25545
        },
        "2016-01": {
            "month": "2016-01",
            "price": "358.29",
            "revenue": 229494
        },
        "2016-02": {
            "month": "2016-02",
            "price": "362.27",
            "revenue": 44718
        },
        "2016-03": {
            "month": "2016-03",
            "price": "367.39",
            "revenue": 45634
        },
        "2016-04": {
            "month": "2016-04",
            "price": "366.03",
            "revenue": 201860
        },
        "2016-05": {
            "month": "2016-05",
            "price": "330.00",
            "revenue": 56240
        },
        "2016-06": {
            "month": "2016-06",
            "price": "323.60",
            "revenue": 21919
        },
        "2016-07": {
            "month": "2016-07",
            "price": "311.55",
            "revenue": 220858
        },
        "2016-08": {
            "month": "2016-08",
            "price": "326.91",
            "revenue": 64583
        },
        "2016-09": {
            "month": "2016-09",
            "price": "334.61",
            "revenue": 23926
        },
        "2016-10": {
            "month": "2016-10",
            "price": "334.82",
            "revenue": 212651
        },
        "2016-11": {
            "month": "2016-11",
            "price": "314.68",
            "revenue": 65444
        },
        "2016-12": {
            "month": "2016-12",
            "price": "368.32",
            "revenue": 28132
        },
        "2017-01": {
            "month": "2017-01",
            "price": "412.53",
            "revenue": 240849
        },
        "2017-02": {
            "month": "2017-02",
            "price": "432.42",
            "revenue": 70240
        },
        "2017-03": {
            "month": "2017-03",
            "price": "429.46",
            "revenue": 26160
        },
        "2017-04": {
            "month": "2017-04",
            "price": "416.78",
            "revenue": 193955
        },
        "2017-05": {
            "month": "2017-05",
            "price": "387.98",
            "revenue": 70244
        },
        "2017-06": {
            "month": "2017-06",
            "price": "392.74",
            "revenue": 68021
        },
        "2017-07": {
            "month": "2017-07",
            "price": "420.45",
            "revenue": 291486
        },
        "2017-08": {
            "month": "2017-08",
            "price": "422.22",
            "revenue": 68232
        },
        "2017-09": {
            "month": "2017-09",
            "price": "403.41",
            "revenue": 24705
        },
        "2017-10": {
            "month": "2017-10",
            "price": "376.53",
            "revenue": 229864
        },
        "2017-11": {
            "month": "2017-11",
            "price": "380.36",
            "revenue": 67387
        },
        "2017-12": {
            "month": "2017-12",
            "price": "384.98",
            "revenue": 24615
        },
        "2018-01": {
            "month": "2018-01",
            "price": "431.30",
            "revenue": 263159
        },
        "2018-02": {
            "month": "2018-02",
            "price": "385.54",
            "revenue": 66604
        },
        "2018-03": {
            "month": "2018-03",
            "price": "366.57",
            "revenue": 44703
        },
        "2018-04": {
            "month": "2018-04",
            "price": "340.22",
            "revenue": 184375
        },
        "2018-05": {
            "month": "2018-05",
            "price": "346.52",
            "revenue": 78631
        },
        "2018-06": {
            "month": "2018-06",
            "price": "366.90",
            "revenue": 39067
        },
        "2018-07": {
            "month": "2018-07",
            "price": "348.39",
            "revenue": 286629
        },
        "2018-08": {
            "month": "2018-08",
            "price": "322.33",
            "revenue": 74979
        },
        "2018-09": {
            "month": "2018-09",
            "price": "297.53",
            "revenue": 31617
        },
        "2018-10": {
            "month": "2018-10",
            "price": "250.66",
            "revenue": 284940
        },
        "2018-11": {
            "month": "2018-11",
            "price": "213.57",
            "revenue": 86118
        },
        "2018-12": {
            "month": "2018-12",
            "price": "255.38",
            "revenue": 35694
        },
        "2019-01": {
            "month": "2019-01",
            "price": "272.64",
            "revenue": 286201
        },
        "2019-02": {
            "month": "2019-02",
            "price": "283.65",
            "revenue": 58900
        },
        "2019-03": {
            "month": "2019-03",
            "price": "295.50",
            "revenue": 49960
        },
        "2019-04": {
            "month": "2019-04",
            "price": "372.45",
            "revenue": 197324
        },
        "2019-05": {
            "month": "2019-05",
            "price": "360.27",
            "revenue": 82136
        },
        "2019-06": {
            "month": "2019-06",
            "price": "358.68",
            "revenue": 37081
        },
        "2019-07": {
            "month": "2019-07",
            "price": "378.54",
            "revenue": 225993
        },
        "2019-08": {
            "month": "2019-08",
            "price": "348.10",
            "revenue": 82180
        },
        "2019-09": {
            "month": "2019-09",
            "price": "340.29",
            "revenue": 28414
        },
        "2019-10": {
            "month": "2019-10",
            "price": "336.12",
            "revenue": 235420
        },
        "2019-11": {
            "month": "2019-11",
            "price": "323.00",
            "revenue": 94884
        },
        "2019-12": {
            "month": "2019-12",
            "price": "355.95",
            "revenue": 31592
        },
        "2020-01": {
            "month": "2020-01",
            "price": "348.77",
            "revenue": 290059
        },
        "2020-02": {
            "month": "2020-02",
            "price": "327.16",
            "revenue": 83900
        },
        "2020-03": {
            "month": "2020-03",
            "price": "245.27",
            "revenue": 41477
        },
        "2020-04": {
            "month": "2020-04",
            "price": "251.65",
            "revenue": 241928
        },
        "2020-05": {
            "month": "2020-05",
            "price": "317.80",
            "revenue": 133136
        },
        "2020-06": {
            "month": "2020-06",
            "price": "449.60",
            "revenue": 48212
        },
        "2020-07": {
            "month": "2020-07",
            "price": "521.50",
            "revenue": 308050
        },
        "2020-08": {
            "month": "2020-08",
            "price": "573.33",
            "revenue": 87974
        },
        "2020-09": {
            "month": "2020-09",
            "price": "509.75",
            "revenue": 45235
        },
        "2020-10": {
            "month": "2020-10",
            "price": "574.92",
            "revenue": 309469
        },
        "2020-11": {
            "month": "2020-11",
            "price": "579.57",
            "revenue": 134443
        },
        "2020-12": {
            "month": "2020-12",
            "price": "614.65",
            "revenue": 52770
        },
        "2021-01": {
            "month": "2021-01",
            "price": "665.30",
            "revenue": 419581
        },
        "2021-02": {
            "month": "2021-02",
            "price": "810.46",
            "revenue": 124733
        },
        "2021-03": {
            "month": "2021-03",
            "price": "827.14",
            "revenue": 52420
        },
        "2021-04": {
            "month": "2021-04",
            "price": "869.79",
            "revenue": 324995
        },
        "2021-05": {
            "month": "2021-05",
            "price": "924.76",
            "revenue": 159243
        },
        "2021-06": {
            "month": "2021-06",
            "price": "1186.38",
            "revenue": 57177
        },
        "2021-07": {
            "month": "2021-07",
            "price": "1366.59",
            "revenue": 372498
        },
        "2021-08": {
            "month": "2021-08",
            "price": "1342.05",
            "revenue": 164633
        },
        "2021-09": {
            "month": "2021-09",
            "price": "1815.75",
            "revenue": 57146
        },
        "2021-10": {
            "month": "2021-10",
            "price": "2151.25",
            "revenue": 378185
        },
        "2021-11": {
            "month": "2021-11",
            "price": "2331.14",
            "revenue": 184210
        },
        "2021-12": {
            "month": "2021-12",
            "price": "2035.68",
            "revenue": 69003
        },
        "2022-01": {
            "month": "2022-01",
            "price": "1823.61",
            "revenue": 433528
        },
        "2022-02": {
            "month": "2022-02",
            "price": "1734.67",
            "revenue": 236425
        },
        "2022-03": {
            "month": "2022-03",
            "price": "1783.48",
            "revenue": 57154
        },
        "2022-04": {
            "month": "2022-04",
            "price": "1401.84",
            "revenue": 474179
        },
        "2022-05": {
            "month": "2022-05",
            "price": "1353.57",
            "revenue": 233284
        },
        "2022-06": {
            "month": "2022-06",
            "price": "1312.86",
            "revenue": 88829
        },
        "2022-07": {
            "month": "2022-07",
            "price": "1064.57",
            "revenue": 492441
        },
        "2022-08": {
            "month": "2022-08",
            "price": "1302.61",
            "revenue": 239863
        },
        "2022-09": {
            "month": "2022-09",
            "price": "1274.52",
            "revenue": 58304
        },
        "2022-10": {
            "month": "2022-10",
            "price": "1082.50",
            "revenue": 519769
        },
        "2022-11": {
            "month": "2022-11",
            "price": "1372.95",
            "revenue": 269670
        },
        "2022-12": {
            "month": "2022-12",
            "price": "1416.82",
            "revenue": 113265
        },
        "2023-01": {
            "month": "2023-01",
            "price": "1488.46",
            "revenue": 394270
        },
        "2023-02": {
            "month": "2023-02",
            "price": "1682.78",
            "revenue": 213435
        },
        "2023-03": {
            "month": "2023-03",
            "price": "1944.35",
            "revenue": 60046
        },
        "2023-04": {
            "month": "2023-04",
            "price": "1938.82",
            "revenue": 356102
        }
    }
}
