{
    "summary": {
        "stock_name": "晶相光",
        "stock_id": "3530",
        "category": "半導體",
        "main_business": "互補金氧半導體影像感測積體電路之研究、開發、設計、生產及銷售",
        "website_url": "http://www.soinc.com.tw",
        "ceo": "何新平",
        "pe_ratio": -29,
        "report_year_from": 2006,
        "report_year_to": 2023,
        "age": 18,
        "eps_negative_percentage": 17,
        "eps_growth_avg": {
            "last_all": -1.68,
            "last_2y": -27.81,
            "last_4y": -1.68,
            "last_8y": null,
            "last_12y": null,
            "last_16y": null,
            "last_20y": null,
            "at_2006_last_3y": null,
            "at_2007_last_3y": null,
            "at_2008_last_3y": null,
            "at_2009_last_3y": null,
            "at_2010_last_3y": null,
            "at_2011_last_3y": null,
            "at_2012_last_3y": null,
            "at_2013_last_3y": null,
            "at_2014_last_3y": null,
            "at_2015_last_3y": null,
            "at_2016_last_3y": null,
            "at_2017_last_3y": null,
            "at_2018_last_3y": null,
            "at_2019_last_3y": null,
            "at_2020_last_3y": null,
            "at_2021_last_3y": null,
            "at_2022_last_3y": 22.9,
            "at_2023_last_3y": -0.36,
            "at_2024_last_3y": -0.36,
            "at_2006_last_all": null,
            "at_2007_last_all": null,
            "at_2008_last_all": null,
            "at_2009_last_all": null,
            "at_2010_last_all": null,
            "at_2011_last_all": null,
            "at_2012_last_all": null,
            "at_2013_last_all": null,
            "at_2014_last_all": null,
            "at_2015_last_all": null,
            "at_2016_last_all": null,
            "at_2017_last_all": null,
            "at_2018_last_all": null,
            "at_2019_last_all": null,
            "at_2020_last_all": 37.51,
            "at_2021_last_all": 58.34,
            "at_2022_last_all": 22.9,
            "at_2023_last_all": -1.68,
            "at_2024_last_all": -1.68
        },
        "latest_eps": -3.7,
        "latest_price": 107,
        "latest_roe": -11.45,
        "latest_gross_margin": 0.16,
        "latest_equity": 2381446,
        "latest_revenue": 438989,
        "latest_gross_profit": 717,
        "latest_net_income": -93289,
        "latest_debt_ratio": 23.88,
        "latest_current_ratio": 509.18,
        "latest_account_receivable_turnover_ratio": 5.74,
        "latest_inventory_turnover_ratio": 0.28,
        "latest_reinvestment_rate": -58.23,
        "latest_research_to_sale_ratio": 15.76
    },
    "eps_dividends": {
        "2001": {
            "cash": 0,
            "stock": 0,
            "eps": 0
        },
        "2002": {
            "cash": 0,
            "stock": 0,
            "eps": 0
        },
        "2003": {
            "cash": 0,
            "stock": 0,
            "eps": 0
        },
        "2004": {
            "cash": 0,
            "stock": 0,
            "eps": 0
        },
        "2005": {
            "cash": 0,
            "stock": 0,
            "eps": 0
        },
        "2006": {
            "cash": 0,
            "stock": 0,
            "eps": 0
        },
        "2007": {
            "cash": 0.72,
            "stock": 1.46,
            "eps": 0
        },
        "2008": {
            "cash": 0.5,
            "stock": 0,
            "eps": 0
        },
        "2009": {
            "cash": 0,
            "stock": 0,
            "eps": 0
        },
        "2010": {
            "cash": 0,
            "stock": 0,
            "eps": 0
        },
        "2011": {
            "cash": 0,
            "stock": 0,
            "eps": 0
        },
        "2012": {
            "cash": 0,
            "stock": 0,
            "eps": 0
        },
        "2013": {
            "cash": 0,
            "stock": 0,
            "eps": 0
        },
        "2014": {
            "cash": 0,
            "stock": 0,
            "eps": 0
        },
        "2015": {
            "cash": 0,
            "stock": 0,
            "eps": 0
        },
        "2016": {
            "cash": 0,
            "stock": 0,
            "eps": 0
        },
        "2017": {
            "cash": 1.5,
            "stock": 0,
            "eps": 0
        },
        "2018": {
            "cash": 2,
            "stock": 0,
            "eps": 2.15
        },
        "2019": {
            "cash": 2,
            "stock": 0,
            "eps": 2
        },
        "2020": {
            "cash": 2,
            "stock": 0,
            "eps": 3.64
        },
        "2021": {
            "cash": 2.8,
            "stock": 0,
            "eps": 9.6
        },
        "2022": {
            "cash": 3.5,
            "stock": 0,
            "eps": 1.59
        },
        "2023": {
            "cash": 0,
            "stock": 0,
            "eps": -3.7
        }
    },
    "dividends": {
        "2007-02-08": {
            "cash": 0.72,
            "stock": 1.46
        },
        "2008-06-10": {
            "cash": 0.5,
            "stock": 0
        },
        "2017-09-14": {
            "cash": 1.5,
            "stock": 0
        },
        "2018-07-30": {
            "cash": 2,
            "stock": 0
        },
        "2019-08-08": {
            "cash": 2,
            "stock": 0
        },
        "2020-08-21": {
            "cash": 2,
            "stock": 0
        },
        "2021-08-26": {
            "cash": 2.8,
            "stock": 0
        },
        "2022-08-18": {
            "cash": 3.5,
            "stock": 0
        }
    },
    "prices": {
        "200101": "無",
        "200102": "無",
        "200103": "無",
        "200104": "無",
        "200105": "無",
        "200106": "無",
        "200107": "無",
        "200108": "無",
        "200109": "無",
        "200110": "無",
        "200111": "無",
        "200112": "無",
        "200201": "無",
        "200202": "無",
        "200203": "無",
        "200204": "無",
        "200205": "無",
        "200206": "無",
        "200207": "無",
        "200208": "無",
        "200209": "無",
        "200210": "無",
        "200211": "無",
        "200212": "無",
        "200301": "無",
        "200302": "無",
        "200303": "無",
        "200304": "無",
        "200305": "無",
        "200306": "無",
        "200307": "無",
        "200308": "無",
        "200309": "無",
        "200310": "無",
        "200311": "無",
        "200312": "無",
        "200401": "無",
        "200402": "無",
        "200403": "無",
        "200404": "無",
        "200405": "無",
        "200406": "無",
        "200407": "無",
        "200408": "無",
        "200409": "無",
        "200410": "無",
        "200411": "無",
        "200412": "無",
        "200501": "無",
        "200502": "無",
        "200503": "無",
        "200504": "無",
        "200505": "無",
        "200506": "無",
        "200507": "無",
        "200508": "無",
        "200509": "無",
        "200510": "無",
        "200511": "無",
        "200512": "無",
        "200601": "無",
        "200602": "無",
        "200603": "無",
        "200604": "無",
        "200605": "無",
        "200606": "無",
        "200607": "無",
        "200608": "無",
        "200609": "無",
        "200610": "無",
        "200611": "無",
        "200612": "無",
        "200701": "無",
        "200702": "無",
        "200703": "無",
        "200704": "65.39",
        "200705": "59.40",
        "200706": "67.66",
        "200707": "62.71",
        "200708": "56.31",
        "200709": "47.26",
        "200710": "40.61",
        "200711": "24.95",
        "200712": "20.11",
        "200801": "18.52",
        "200802": "15.36",
        "200803": "15.02",
        "200804": "15.82",
        "200805": "15.83",
        "200806": "13.88",
        "200807": "11.58",
        "200808": "10.19",
        "200809": "6.76",
        "200810": "5.26",
        "200811": "4.61",
        "200812": "4.76",
        "200901": "4.91",
        "200902": "7.49",
        "200903": "10.06",
        "200904": "11.73",
        "200905": "13.85",
        "200906": "12.95",
        "200907": "16.13",
        "200908": "19.14",
        "200909": "18.11",
        "200910": "16.92",
        "200911": "15.01",
        "200912": "19.04",
        "201001": "19.13",
        "201002": "17.50",
        "201003": "15.80",
        "201004": "15.55",
        "201005": "13.75",
        "201006": "12.77",
        "201007": "13.18",
        "201008": "13.12",
        "201009": "12.85",
        "201010": "13.01",
        "201011": "11.47",
        "201012": "11.75",
        "201101": "12.21",
        "201102": "12.41",
        "201103": "12.11",
        "201104": "12.08",
        "201105": "11.99",
        "201106": "11.73",
        "201107": "10.61",
        "201108": "10.14",
        "201109": "9.92",
        "201110": "12.47",
        "201111": "12.84",
        "201112": "12.34",
        "201201": "12.20",
        "201202": "12.37",
        "201203": "12.02",
        "201204": "11.69",
        "201205": "10.69",
        "201206": "12.24",
        "201207": "12.45",
        "201208": "12.91",
        "201209": "16.56",
        "201210": "21.76",
        "201211": "19.66",
        "201212": "19.30",
        "201301": "17.72",
        "201302": "17.37",
        "201303": "17.39",
        "201304": "20.18",
        "201305": "22.95",
        "201306": "27.06",
        "201307": "33.34",
        "201308": "32.56",
        "201309": "32.18",
        "201310": "31.94",
        "201311": "27.09",
        "201312": "28.20",
        "201401": "28.42",
        "201402": "32.74",
        "201403": "52.61",
        "201404": "52.86",
        "201405": "47.66",
        "201406": "49.19",
        "201407": "48.90",
        "201408": "43.70",
        "201409": "41.39",
        "201410": "39.74",
        "201411": "39.77",
        "201412": "39.34",
        "201501": "40.02",
        "201502": "44.88",
        "201503": "44.07",
        "201504": "43.90",
        "201505": "42.27",
        "201506": "40.50",
        "201507": "38.74",
        "201508": "35.50",
        "201509": "38.26",
        "201510": "39.16",
        "201511": "43.02",
        "201512": "65.07",
        "201601": "69.58",
        "201602": "80.17",
        "201603": "85.71",
        "201604": "94.85",
        "201605": "93.69",
        "201606": "145.02",
        "201607": "169.87",
        "201608": "148.80",
        "201609": "135.44",
        "201610": "125.49",
        "201611": "110.54",
        "201612": "119.75",
        "201701": "120.71",
        "201702": "119.41",
        "201703": "127.33",
        "201704": "130.20",
        "201705": "170.16",
        "201706": "231.88",
        "201707": "247.35",
        "201708": "236.64",
        "201709": "204.10",
        "201710": "185.09",
        "201711": "176.73",
        "201712": "187.80",
        "201801": "208.92",
        "201802": "191.19",
        "201803": "178.99",
        "201804": "174.47",
        "201805": "178.35",
        "201806": "163.75",
        "201807": "153.99",
        "201808": "127.83",
        "201809": "99.24",
        "201810": "77.70",
        "201811": "74.35",
        "201812": "81.30",
        "201901": "79.95",
        "201902": "98.18",
        "201903": "89.96",
        "201904": "88.83",
        "201905": "77.99",
        "201906": "79.00",
        "201907": "78.30",
        "201908": "82.04",
        "201909": "97.97",
        "201910": "97.21",
        "201911": "92.60",
        "201912": "96.25",
        "202001": "107.37",
        "202002": "103.02",
        "202003": "86.35",
        "202004": "87.12",
        "202005": "83.81",
        "202006": "81.42",
        "202007": "86.76",
        "202008": "83.90",
        "202009": "85.63",
        "202010": "87.91",
        "202011": "103.75",
        "202012": "127.96",
        "202101": "120.80",
        "202102": "114.96",
        "202103": "114.70",
        "202104": "127.74",
        "202105": "103.63",
        "202106": "161.93",
        "202107": "210.95",
        "202108": "185.41",
        "202109": "154.30",
        "202110": "137.25",
        "202111": "142.80",
        "202112": "138.36",
        "202201": "122.86",
        "202202": "112.30",
        "202203": "102.01",
        "202204": "115.46",
        "202205": "122.05",
        "202206": "104.32",
        "202207": "86.65",
        "202208": "89.08",
        "202209": "80.77",
        "202210": "68.44",
        "202211": "74.68",
        "202212": "75.83",
        "202301": "77.63",
        "202302": "84.72",
        "202303": "85.36",
        "202304": "84.52",
        "202305": "78.88",
        "202306": "79.80",
        "202307": "74.61",
        "202308": "71.92",
        "202309": "74.34",
        "202310": "88.12",
        "202311": "99.34",
        "202312": "103.53"
    },
    "quarters": {
        "20011": {
            "year_quarter": 20011,
            "year": 2001,
            "quarter": 1,
            "eps": null,
            "eps_growth_year": null,
            "eps_4q": null,
            "eps_4q_growth_year": null,
            "roe": null,
            "roe_4q": 0,
            "gross_profit": null,
            "gross_margin": null,
            "gross_margin_4q_avg": 0,
            "net_income": null,
            "net_income_4q": null,
            "revenue": null,
            "revenue_4q": null,
            "common_shares": null,
            "book_valuer_per_share": null,
            "book_valuer_per_share_4q_avg": 0,
            "equity": null,
            "current_ratio": null,
            "debt_ratio": null,
            "inventory_turnover_ratio": null,
            "account_receivable_turnover_ratio": null,
            "reinvestment_rate": null,
            "research_to_sale_ratio": null,
            "price_fair": 0,
            "eps_avg_yearly": 0,
            "eps_latest_yearly": 0,
            "eps_growth_yearly": 0
        },
        "20012": {
            "year_quarter": 20012,
            "year": 2001,
            "quarter": 2,
            "eps": null,
            "eps_growth_year": null,
            "eps_4q": null,
            "eps_4q_growth_year": null,
            "roe": null,
            "roe_4q": 0,
            "gross_profit": null,
            "gross_margin": null,
            "gross_margin_4q_avg": 0,
            "net_income": null,
            "net_income_4q": null,
            "revenue": null,
            "revenue_4q": null,
            "common_shares": null,
            "book_valuer_per_share": null,
            "book_valuer_per_share_4q_avg": 0,
            "equity": null,
            "current_ratio": null,
            "debt_ratio": null,
            "inventory_turnover_ratio": null,
            "account_receivable_turnover_ratio": null,
            "reinvestment_rate": null,
            "research_to_sale_ratio": null,
            "price_fair": 0,
            "eps_avg_yearly": 0,
            "eps_latest_yearly": 0,
            "eps_growth_yearly": 0
        },
        "20013": {
            "year_quarter": 20013,
            "year": 2001,
            "quarter": 3,
            "eps": null,
            "eps_growth_year": null,
            "eps_4q": null,
            "eps_4q_growth_year": null,
            "roe": null,
            "roe_4q": 0,
            "gross_profit": null,
            "gross_margin": null,
            "gross_margin_4q_avg": 0,
            "net_income": null,
            "net_income_4q": null,
            "revenue": null,
            "revenue_4q": null,
            "common_shares": null,
            "book_valuer_per_share": null,
            "book_valuer_per_share_4q_avg": 0,
            "equity": null,
            "current_ratio": null,
            "debt_ratio": null,
            "inventory_turnover_ratio": null,
            "account_receivable_turnover_ratio": null,
            "reinvestment_rate": null,
            "research_to_sale_ratio": null,
            "price_fair": 0,
            "eps_avg_yearly": 0,
            "eps_latest_yearly": 0,
            "eps_growth_yearly": 0
        },
        "20014": {
            "year_quarter": 20014,
            "year": 2001,
            "quarter": 4,
            "eps": null,
            "eps_growth_year": null,
            "eps_4q": null,
            "eps_4q_growth_year": null,
            "roe": null,
            "roe_4q": 0,
            "gross_profit": null,
            "gross_margin": null,
            "gross_margin_4q_avg": 0,
            "net_income": null,
            "net_income_4q": null,
            "revenue": null,
            "revenue_4q": null,
            "common_shares": null,
            "book_valuer_per_share": null,
            "book_valuer_per_share_4q_avg": 0,
            "equity": null,
            "current_ratio": null,
            "debt_ratio": null,
            "inventory_turnover_ratio": null,
            "account_receivable_turnover_ratio": null,
            "reinvestment_rate": null,
            "research_to_sale_ratio": null,
            "price_fair": 0,
            "eps_avg_yearly": 0,
            "eps_latest_yearly": 0,
            "eps_growth_yearly": 0
        },
        "20021": {
            "year_quarter": 20021,
            "year": 2002,
            "quarter": 1,
            "eps": null,
            "eps_growth_year": null,
            "eps_4q": null,
            "eps_4q_growth_year": null,
            "roe": null,
            "roe_4q": 0,
            "gross_profit": null,
            "gross_margin": null,
            "gross_margin_4q_avg": 0,
            "net_income": null,
            "net_income_4q": null,
            "revenue": null,
            "revenue_4q": null,
            "common_shares": null,
            "book_valuer_per_share": null,
            "book_valuer_per_share_4q_avg": 0,
            "equity": null,
            "current_ratio": null,
            "debt_ratio": null,
            "inventory_turnover_ratio": null,
            "account_receivable_turnover_ratio": null,
            "reinvestment_rate": null,
            "research_to_sale_ratio": null,
            "price_fair": 0,
            "eps_avg_yearly": 0,
            "eps_latest_yearly": 0,
            "eps_growth_yearly": 0
        },
        "20022": {
            "year_quarter": 20022,
            "year": 2002,
            "quarter": 2,
            "eps": null,
            "eps_growth_year": null,
            "eps_4q": null,
            "eps_4q_growth_year": null,
            "roe": null,
            "roe_4q": 0,
            "gross_profit": null,
            "gross_margin": null,
            "gross_margin_4q_avg": 0,
            "net_income": null,
            "net_income_4q": null,
            "revenue": null,
            "revenue_4q": null,
            "common_shares": null,
            "book_valuer_per_share": null,
            "book_valuer_per_share_4q_avg": 0,
            "equity": null,
            "current_ratio": null,
            "debt_ratio": null,
            "inventory_turnover_ratio": null,
            "account_receivable_turnover_ratio": null,
            "reinvestment_rate": null,
            "research_to_sale_ratio": null,
            "price_fair": 0,
            "eps_avg_yearly": 0,
            "eps_latest_yearly": 0,
            "eps_growth_yearly": 0
        },
        "20023": {
            "year_quarter": 20023,
            "year": 2002,
            "quarter": 3,
            "eps": null,
            "eps_growth_year": null,
            "eps_4q": null,
            "eps_4q_growth_year": null,
            "roe": null,
            "roe_4q": 0,
            "gross_profit": null,
            "gross_margin": null,
            "gross_margin_4q_avg": 0,
            "net_income": null,
            "net_income_4q": null,
            "revenue": null,
            "revenue_4q": null,
            "common_shares": null,
            "book_valuer_per_share": null,
            "book_valuer_per_share_4q_avg": 0,
            "equity": null,
            "current_ratio": null,
            "debt_ratio": null,
            "inventory_turnover_ratio": null,
            "account_receivable_turnover_ratio": null,
            "reinvestment_rate": null,
            "research_to_sale_ratio": null,
            "price_fair": 0,
            "eps_avg_yearly": 0,
            "eps_latest_yearly": 0,
            "eps_growth_yearly": 0
        },
        "20024": {
            "year_quarter": 20024,
            "year": 2002,
            "quarter": 4,
            "eps": null,
            "eps_growth_year": null,
            "eps_4q": null,
            "eps_4q_growth_year": null,
            "roe": null,
            "roe_4q": 0,
            "gross_profit": null,
            "gross_margin": null,
            "gross_margin_4q_avg": 0,
            "net_income": null,
            "net_income_4q": null,
            "revenue": null,
            "revenue_4q": null,
            "common_shares": null,
            "book_valuer_per_share": null,
            "book_valuer_per_share_4q_avg": 0,
            "equity": null,
            "current_ratio": null,
            "debt_ratio": null,
            "inventory_turnover_ratio": null,
            "account_receivable_turnover_ratio": null,
            "reinvestment_rate": null,
            "research_to_sale_ratio": null,
            "price_fair": 0,
            "eps_avg_yearly": 0,
            "eps_latest_yearly": 0,
            "eps_growth_yearly": 0
        },
        "20031": {
            "year_quarter": 20031,
            "year": 2003,
            "quarter": 1,
            "eps": null,
            "eps_growth_year": null,
            "eps_4q": null,
            "eps_4q_growth_year": null,
            "roe": null,
            "roe_4q": 0,
            "gross_profit": null,
            "gross_margin": null,
            "gross_margin_4q_avg": 0,
            "net_income": null,
            "net_income_4q": null,
            "revenue": null,
            "revenue_4q": null,
            "common_shares": null,
            "book_valuer_per_share": null,
            "book_valuer_per_share_4q_avg": 0,
            "equity": null,
            "current_ratio": null,
            "debt_ratio": null,
            "inventory_turnover_ratio": null,
            "account_receivable_turnover_ratio": null,
            "reinvestment_rate": null,
            "research_to_sale_ratio": null,
            "price_fair": 0,
            "eps_avg_yearly": 0,
            "eps_latest_yearly": 0,
            "eps_growth_yearly": 0
        },
        "20032": {
            "year_quarter": 20032,
            "year": 2003,
            "quarter": 2,
            "eps": null,
            "eps_growth_year": null,
            "eps_4q": null,
            "eps_4q_growth_year": null,
            "roe": null,
            "roe_4q": 0,
            "gross_profit": null,
            "gross_margin": null,
            "gross_margin_4q_avg": 0,
            "net_income": null,
            "net_income_4q": null,
            "revenue": null,
            "revenue_4q": null,
            "common_shares": null,
            "book_valuer_per_share": null,
            "book_valuer_per_share_4q_avg": 0,
            "equity": null,
            "current_ratio": null,
            "debt_ratio": null,
            "inventory_turnover_ratio": null,
            "account_receivable_turnover_ratio": null,
            "reinvestment_rate": null,
            "research_to_sale_ratio": null,
            "price_fair": 0,
            "eps_avg_yearly": 0,
            "eps_latest_yearly": 0,
            "eps_growth_yearly": 0
        },
        "20033": {
            "year_quarter": 20033,
            "year": 2003,
            "quarter": 3,
            "eps": null,
            "eps_growth_year": null,
            "eps_4q": null,
            "eps_4q_growth_year": null,
            "roe": null,
            "roe_4q": 0,
            "gross_profit": null,
            "gross_margin": null,
            "gross_margin_4q_avg": 0,
            "net_income": null,
            "net_income_4q": null,
            "revenue": null,
            "revenue_4q": null,
            "common_shares": null,
            "book_valuer_per_share": null,
            "book_valuer_per_share_4q_avg": 0,
            "equity": null,
            "current_ratio": null,
            "debt_ratio": null,
            "inventory_turnover_ratio": null,
            "account_receivable_turnover_ratio": null,
            "reinvestment_rate": null,
            "research_to_sale_ratio": null,
            "price_fair": 0,
            "eps_avg_yearly": 0,
            "eps_latest_yearly": 0,
            "eps_growth_yearly": 0
        },
        "20034": {
            "year_quarter": 20034,
            "year": 2003,
            "quarter": 4,
            "eps": null,
            "eps_growth_year": null,
            "eps_4q": null,
            "eps_4q_growth_year": null,
            "roe": null,
            "roe_4q": 0,
            "gross_profit": null,
            "gross_margin": null,
            "gross_margin_4q_avg": 0,
            "net_income": null,
            "net_income_4q": null,
            "revenue": null,
            "revenue_4q": null,
            "common_shares": null,
            "book_valuer_per_share": null,
            "book_valuer_per_share_4q_avg": 0,
            "equity": null,
            "current_ratio": null,
            "debt_ratio": null,
            "inventory_turnover_ratio": null,
            "account_receivable_turnover_ratio": null,
            "reinvestment_rate": null,
            "research_to_sale_ratio": null,
            "price_fair": 0,
            "eps_avg_yearly": 0,
            "eps_latest_yearly": 0,
            "eps_growth_yearly": 0
        },
        "20041": {
            "year_quarter": 20041,
            "year": 2004,
            "quarter": 1,
            "eps": null,
            "eps_growth_year": null,
            "eps_4q": null,
            "eps_4q_growth_year": null,
            "roe": null,
            "roe_4q": 0,
            "gross_profit": null,
            "gross_margin": null,
            "gross_margin_4q_avg": 0,
            "net_income": null,
            "net_income_4q": null,
            "revenue": null,
            "revenue_4q": null,
            "common_shares": null,
            "book_valuer_per_share": null,
            "book_valuer_per_share_4q_avg": 0,
            "equity": null,
            "current_ratio": null,
            "debt_ratio": null,
            "inventory_turnover_ratio": null,
            "account_receivable_turnover_ratio": null,
            "reinvestment_rate": null,
            "research_to_sale_ratio": null,
            "price_fair": 0,
            "eps_avg_yearly": 0,
            "eps_latest_yearly": 0,
            "eps_growth_yearly": 0
        },
        "20042": {
            "year_quarter": 20042,
            "year": 2004,
            "quarter": 2,
            "eps": null,
            "eps_growth_year": null,
            "eps_4q": null,
            "eps_4q_growth_year": null,
            "roe": null,
            "roe_4q": 0,
            "gross_profit": null,
            "gross_margin": null,
            "gross_margin_4q_avg": 0,
            "net_income": null,
            "net_income_4q": null,
            "revenue": null,
            "revenue_4q": null,
            "common_shares": null,
            "book_valuer_per_share": null,
            "book_valuer_per_share_4q_avg": 0,
            "equity": null,
            "current_ratio": null,
            "debt_ratio": null,
            "inventory_turnover_ratio": null,
            "account_receivable_turnover_ratio": null,
            "reinvestment_rate": null,
            "research_to_sale_ratio": null,
            "price_fair": 0,
            "eps_avg_yearly": 0,
            "eps_latest_yearly": 0,
            "eps_growth_yearly": 0
        },
        "20043": {
            "year_quarter": 20043,
            "year": 2004,
            "quarter": 3,
            "eps": null,
            "eps_growth_year": null,
            "eps_4q": null,
            "eps_4q_growth_year": null,
            "roe": null,
            "roe_4q": 0,
            "gross_profit": null,
            "gross_margin": null,
            "gross_margin_4q_avg": 0,
            "net_income": null,
            "net_income_4q": null,
            "revenue": null,
            "revenue_4q": null,
            "common_shares": null,
            "book_valuer_per_share": null,
            "book_valuer_per_share_4q_avg": 0,
            "equity": null,
            "current_ratio": null,
            "debt_ratio": null,
            "inventory_turnover_ratio": null,
            "account_receivable_turnover_ratio": null,
            "reinvestment_rate": null,
            "research_to_sale_ratio": null,
            "price_fair": 0,
            "eps_avg_yearly": 0,
            "eps_latest_yearly": 0,
            "eps_growth_yearly": 0
        },
        "20044": {
            "year_quarter": 20044,
            "year": 2004,
            "quarter": 4,
            "eps": null,
            "eps_growth_year": null,
            "eps_4q": null,
            "eps_4q_growth_year": null,
            "roe": null,
            "roe_4q": 0,
            "gross_profit": null,
            "gross_margin": null,
            "gross_margin_4q_avg": 0,
            "net_income": null,
            "net_income_4q": null,
            "revenue": null,
            "revenue_4q": null,
            "common_shares": null,
            "book_valuer_per_share": null,
            "book_valuer_per_share_4q_avg": 0,
            "equity": null,
            "current_ratio": null,
            "debt_ratio": null,
            "inventory_turnover_ratio": null,
            "account_receivable_turnover_ratio": null,
            "reinvestment_rate": null,
            "research_to_sale_ratio": null,
            "price_fair": 0,
            "eps_avg_yearly": 0,
            "eps_latest_yearly": 0,
            "eps_growth_yearly": 0
        },
        "20051": {
            "year_quarter": 20051,
            "year": 2005,
            "quarter": 1,
            "eps": null,
            "eps_growth_year": null,
            "eps_4q": null,
            "eps_4q_growth_year": null,
            "roe": null,
            "roe_4q": 0,
            "gross_profit": null,
            "gross_margin": null,
            "gross_margin_4q_avg": 0,
            "net_income": null,
            "net_income_4q": null,
            "revenue": null,
            "revenue_4q": null,
            "common_shares": null,
            "book_valuer_per_share": null,
            "book_valuer_per_share_4q_avg": 0,
            "equity": null,
            "current_ratio": null,
            "debt_ratio": null,
            "inventory_turnover_ratio": null,
            "account_receivable_turnover_ratio": null,
            "reinvestment_rate": null,
            "research_to_sale_ratio": null,
            "price_fair": 0,
            "eps_avg_yearly": 0,
            "eps_latest_yearly": 0,
            "eps_growth_yearly": 0
        },
        "20052": {
            "year_quarter": 20052,
            "year": 2005,
            "quarter": 2,
            "eps": null,
            "eps_growth_year": null,
            "eps_4q": null,
            "eps_4q_growth_year": null,
            "roe": null,
            "roe_4q": 0,
            "gross_profit": null,
            "gross_margin": null,
            "gross_margin_4q_avg": 0,
            "net_income": null,
            "net_income_4q": null,
            "revenue": null,
            "revenue_4q": null,
            "common_shares": null,
            "book_valuer_per_share": null,
            "book_valuer_per_share_4q_avg": 0,
            "equity": null,
            "current_ratio": null,
            "debt_ratio": null,
            "inventory_turnover_ratio": null,
            "account_receivable_turnover_ratio": null,
            "reinvestment_rate": null,
            "research_to_sale_ratio": null,
            "price_fair": 0,
            "eps_avg_yearly": 0,
            "eps_latest_yearly": 0,
            "eps_growth_yearly": 0
        },
        "20053": {
            "year_quarter": 20053,
            "year": 2005,
            "quarter": 3,
            "eps": null,
            "eps_growth_year": null,
            "eps_4q": null,
            "eps_4q_growth_year": null,
            "roe": null,
            "roe_4q": 0,
            "gross_profit": null,
            "gross_margin": null,
            "gross_margin_4q_avg": 0,
            "net_income": null,
            "net_income_4q": null,
            "revenue": null,
            "revenue_4q": null,
            "common_shares": null,
            "book_valuer_per_share": null,
            "book_valuer_per_share_4q_avg": 0,
            "equity": null,
            "current_ratio": null,
            "debt_ratio": null,
            "inventory_turnover_ratio": null,
            "account_receivable_turnover_ratio": null,
            "reinvestment_rate": null,
            "research_to_sale_ratio": null,
            "price_fair": 0,
            "eps_avg_yearly": 0,
            "eps_latest_yearly": 0,
            "eps_growth_yearly": 0
        },
        "20054": {
            "year_quarter": 20054,
            "year": 2005,
            "quarter": 4,
            "eps": null,
            "eps_growth_year": null,
            "eps_4q": null,
            "eps_4q_growth_year": null,
            "roe": null,
            "roe_4q": 0,
            "gross_profit": null,
            "gross_margin": null,
            "gross_margin_4q_avg": 0,
            "net_income": null,
            "net_income_4q": null,
            "revenue": null,
            "revenue_4q": null,
            "common_shares": null,
            "book_valuer_per_share": null,
            "book_valuer_per_share_4q_avg": 0,
            "equity": null,
            "current_ratio": null,
            "debt_ratio": null,
            "inventory_turnover_ratio": null,
            "account_receivable_turnover_ratio": null,
            "reinvestment_rate": null,
            "research_to_sale_ratio": null,
            "price_fair": 0,
            "eps_avg_yearly": 0,
            "eps_latest_yearly": 0,
            "eps_growth_yearly": 0
        },
        "20061": {
            "year_quarter": 20061,
            "year": 2006,
            "quarter": 1,
            "eps": null,
            "eps_growth_year": null,
            "eps_4q": null,
            "eps_4q_growth_year": null,
            "roe": null,
            "roe_4q": 0,
            "gross_profit": null,
            "gross_margin": null,
            "gross_margin_4q_avg": 0,
            "net_income": null,
            "net_income_4q": null,
            "revenue": null,
            "revenue_4q": null,
            "common_shares": null,
            "book_valuer_per_share": null,
            "book_valuer_per_share_4q_avg": 0,
            "equity": null,
            "current_ratio": null,
            "debt_ratio": null,
            "inventory_turnover_ratio": null,
            "account_receivable_turnover_ratio": null,
            "reinvestment_rate": null,
            "research_to_sale_ratio": null,
            "price_fair": 0,
            "eps_avg_yearly": 0,
            "eps_latest_yearly": 0,
            "eps_growth_yearly": 0
        },
        "20062": {
            "year_quarter": 20062,
            "year": 2006,
            "quarter": 2,
            "eps": null,
            "eps_growth_year": null,
            "eps_4q": null,
            "eps_4q_growth_year": null,
            "roe": null,
            "roe_4q": 0,
            "gross_profit": null,
            "gross_margin": null,
            "gross_margin_4q_avg": 0,
            "net_income": null,
            "net_income_4q": null,
            "revenue": null,
            "revenue_4q": null,
            "common_shares": null,
            "book_valuer_per_share": null,
            "book_valuer_per_share_4q_avg": 0,
            "equity": null,
            "current_ratio": null,
            "debt_ratio": null,
            "inventory_turnover_ratio": null,
            "account_receivable_turnover_ratio": null,
            "reinvestment_rate": null,
            "research_to_sale_ratio": null,
            "price_fair": 0,
            "eps_avg_yearly": 0,
            "eps_latest_yearly": 0,
            "eps_growth_yearly": 0
        },
        "20063": {
            "year_quarter": 20063,
            "year": 2006,
            "quarter": 3,
            "eps": null,
            "eps_growth_year": null,
            "eps_4q": null,
            "eps_4q_growth_year": null,
            "roe": null,
            "roe_4q": 0,
            "gross_profit": null,
            "gross_margin": null,
            "gross_margin_4q_avg": 0,
            "net_income": null,
            "net_income_4q": null,
            "revenue": null,
            "revenue_4q": null,
            "common_shares": null,
            "book_valuer_per_share": null,
            "book_valuer_per_share_4q_avg": 0,
            "equity": null,
            "current_ratio": null,
            "debt_ratio": null,
            "inventory_turnover_ratio": null,
            "account_receivable_turnover_ratio": null,
            "reinvestment_rate": null,
            "research_to_sale_ratio": null,
            "price_fair": 0,
            "eps_avg_yearly": 0,
            "eps_latest_yearly": 0,
            "eps_growth_yearly": 0
        },
        "20064": {
            "year_quarter": 20064,
            "year": 2006,
            "quarter": 4,
            "eps": null,
            "eps_growth_year": null,
            "eps_4q": null,
            "eps_4q_growth_year": null,
            "roe": null,
            "roe_4q": 0,
            "gross_profit": null,
            "gross_margin": null,
            "gross_margin_4q_avg": 0,
            "net_income": null,
            "net_income_4q": null,
            "revenue": null,
            "revenue_4q": null,
            "common_shares": null,
            "book_valuer_per_share": null,
            "book_valuer_per_share_4q_avg": 0,
            "equity": null,
            "current_ratio": null,
            "debt_ratio": null,
            "inventory_turnover_ratio": null,
            "account_receivable_turnover_ratio": null,
            "reinvestment_rate": null,
            "research_to_sale_ratio": null,
            "price_fair": 0,
            "eps_avg_yearly": 0,
            "eps_latest_yearly": 0,
            "eps_growth_yearly": 0
        },
        "20071": {
            "year_quarter": 20071,
            "year": 2007,
            "quarter": 1,
            "eps": null,
            "eps_growth_year": null,
            "eps_4q": null,
            "eps_4q_growth_year": null,
            "roe": null,
            "roe_4q": 0,
            "gross_profit": null,
            "gross_margin": null,
            "gross_margin_4q_avg": 0,
            "net_income": null,
            "net_income_4q": null,
            "revenue": null,
            "revenue_4q": null,
            "common_shares": null,
            "book_valuer_per_share": null,
            "book_valuer_per_share_4q_avg": 0,
            "equity": null,
            "current_ratio": null,
            "debt_ratio": null,
            "inventory_turnover_ratio": null,
            "account_receivable_turnover_ratio": null,
            "reinvestment_rate": null,
            "research_to_sale_ratio": null,
            "price_fair": 0,
            "eps_avg_yearly": 0,
            "eps_latest_yearly": 0,
            "eps_growth_yearly": 0
        },
        "20072": {
            "year_quarter": 20072,
            "year": 2007,
            "quarter": 2,
            "eps": null,
            "eps_growth_year": null,
            "eps_4q": null,
            "eps_4q_growth_year": null,
            "roe": null,
            "roe_4q": 0,
            "gross_profit": null,
            "gross_margin": null,
            "gross_margin_4q_avg": 0,
            "net_income": null,
            "net_income_4q": null,
            "revenue": null,
            "revenue_4q": null,
            "common_shares": null,
            "book_valuer_per_share": null,
            "book_valuer_per_share_4q_avg": 0,
            "equity": null,
            "current_ratio": null,
            "debt_ratio": null,
            "inventory_turnover_ratio": null,
            "account_receivable_turnover_ratio": null,
            "reinvestment_rate": null,
            "research_to_sale_ratio": null,
            "price_fair": 0,
            "eps_avg_yearly": 0,
            "eps_latest_yearly": 0,
            "eps_growth_yearly": 0
        },
        "20073": {
            "year_quarter": 20073,
            "year": 2007,
            "quarter": 3,
            "eps": null,
            "eps_growth_year": null,
            "eps_4q": null,
            "eps_4q_growth_year": null,
            "roe": null,
            "roe_4q": 0,
            "gross_profit": null,
            "gross_margin": null,
            "gross_margin_4q_avg": 0,
            "net_income": null,
            "net_income_4q": null,
            "revenue": null,
            "revenue_4q": null,
            "common_shares": null,
            "book_valuer_per_share": null,
            "book_valuer_per_share_4q_avg": 0,
            "equity": null,
            "current_ratio": null,
            "debt_ratio": null,
            "inventory_turnover_ratio": null,
            "account_receivable_turnover_ratio": null,
            "reinvestment_rate": null,
            "research_to_sale_ratio": null,
            "price_fair": 0,
            "eps_avg_yearly": 0,
            "eps_latest_yearly": 0,
            "eps_growth_yearly": 0
        },
        "20074": {
            "year_quarter": 20074,
            "year": 2007,
            "quarter": 4,
            "eps": null,
            "eps_growth_year": null,
            "eps_4q": null,
            "eps_4q_growth_year": null,
            "roe": null,
            "roe_4q": 0,
            "gross_profit": null,
            "gross_margin": null,
            "gross_margin_4q_avg": 0,
            "net_income": null,
            "net_income_4q": null,
            "revenue": null,
            "revenue_4q": null,
            "common_shares": null,
            "book_valuer_per_share": null,
            "book_valuer_per_share_4q_avg": 0,
            "equity": null,
            "current_ratio": null,
            "debt_ratio": null,
            "inventory_turnover_ratio": null,
            "account_receivable_turnover_ratio": null,
            "reinvestment_rate": null,
            "research_to_sale_ratio": null,
            "price_fair": 0,
            "eps_avg_yearly": 0,
            "eps_latest_yearly": 0,
            "eps_growth_yearly": 0
        },
        "20081": {
            "year_quarter": 20081,
            "year": 2008,
            "quarter": 1,
            "eps": null,
            "eps_growth_year": null,
            "eps_4q": null,
            "eps_4q_growth_year": null,
            "roe": null,
            "roe_4q": 0,
            "gross_profit": null,
            "gross_margin": null,
            "gross_margin_4q_avg": 0,
            "net_income": null,
            "net_income_4q": null,
            "revenue": null,
            "revenue_4q": null,
            "common_shares": null,
            "book_valuer_per_share": null,
            "book_valuer_per_share_4q_avg": 0,
            "equity": null,
            "current_ratio": null,
            "debt_ratio": null,
            "inventory_turnover_ratio": null,
            "account_receivable_turnover_ratio": null,
            "reinvestment_rate": null,
            "research_to_sale_ratio": null,
            "price_fair": 0,
            "eps_avg_yearly": 0,
            "eps_latest_yearly": 0,
            "eps_growth_yearly": 0
        },
        "20082": {
            "year_quarter": 20082,
            "year": 2008,
            "quarter": 2,
            "eps": null,
            "eps_growth_year": null,
            "eps_4q": null,
            "eps_4q_growth_year": null,
            "roe": null,
            "roe_4q": 0,
            "gross_profit": null,
            "gross_margin": null,
            "gross_margin_4q_avg": 0,
            "net_income": null,
            "net_income_4q": null,
            "revenue": null,
            "revenue_4q": null,
            "common_shares": null,
            "book_valuer_per_share": null,
            "book_valuer_per_share_4q_avg": 0,
            "equity": null,
            "current_ratio": null,
            "debt_ratio": null,
            "inventory_turnover_ratio": null,
            "account_receivable_turnover_ratio": null,
            "reinvestment_rate": null,
            "research_to_sale_ratio": null,
            "price_fair": 0,
            "eps_avg_yearly": 0,
            "eps_latest_yearly": 0,
            "eps_growth_yearly": 0
        },
        "20083": {
            "year_quarter": 20083,
            "year": 2008,
            "quarter": 3,
            "eps": null,
            "eps_growth_year": null,
            "eps_4q": null,
            "eps_4q_growth_year": null,
            "roe": null,
            "roe_4q": 0,
            "gross_profit": null,
            "gross_margin": null,
            "gross_margin_4q_avg": 0,
            "net_income": null,
            "net_income_4q": null,
            "revenue": null,
            "revenue_4q": null,
            "common_shares": null,
            "book_valuer_per_share": null,
            "book_valuer_per_share_4q_avg": 0,
            "equity": null,
            "current_ratio": null,
            "debt_ratio": null,
            "inventory_turnover_ratio": null,
            "account_receivable_turnover_ratio": null,
            "reinvestment_rate": null,
            "research_to_sale_ratio": null,
            "price_fair": 0,
            "eps_avg_yearly": 0,
            "eps_latest_yearly": 0,
            "eps_growth_yearly": 0
        },
        "20084": {
            "year_quarter": 20084,
            "year": 2008,
            "quarter": 4,
            "eps": null,
            "eps_growth_year": null,
            "eps_4q": null,
            "eps_4q_growth_year": null,
            "roe": null,
            "roe_4q": 0,
            "gross_profit": null,
            "gross_margin": null,
            "gross_margin_4q_avg": 0,
            "net_income": null,
            "net_income_4q": null,
            "revenue": null,
            "revenue_4q": null,
            "common_shares": 218529,
            "book_valuer_per_share": null,
            "book_valuer_per_share_4q_avg": 0,
            "equity": 228372,
            "current_ratio": null,
            "debt_ratio": null,
            "inventory_turnover_ratio": null,
            "account_receivable_turnover_ratio": null,
            "reinvestment_rate": null,
            "research_to_sale_ratio": null,
            "price_fair": 0,
            "eps_avg_yearly": 0,
            "eps_latest_yearly": 0,
            "eps_growth_yearly": 0
        },
        "20091": {
            "year_quarter": 20091,
            "year": 2009,
            "quarter": 1,
            "eps": null,
            "eps_growth_year": null,
            "eps_4q": null,
            "eps_4q_growth_year": null,
            "roe": null,
            "roe_4q": 0,
            "gross_profit": null,
            "gross_margin": null,
            "gross_margin_4q_avg": 0,
            "net_income": null,
            "net_income_4q": null,
            "revenue": null,
            "revenue_4q": null,
            "common_shares": null,
            "book_valuer_per_share": null,
            "book_valuer_per_share_4q_avg": 0,
            "equity": null,
            "current_ratio": null,
            "debt_ratio": null,
            "inventory_turnover_ratio": null,
            "account_receivable_turnover_ratio": null,
            "reinvestment_rate": null,
            "research_to_sale_ratio": null,
            "price_fair": 0,
            "eps_avg_yearly": 0,
            "eps_latest_yearly": 0,
            "eps_growth_yearly": 0
        },
        "20092": {
            "year_quarter": 20092,
            "year": 2009,
            "quarter": 2,
            "eps": null,
            "eps_growth_year": null,
            "eps_4q": null,
            "eps_4q_growth_year": null,
            "roe": null,
            "roe_4q": 0,
            "gross_profit": null,
            "gross_margin": null,
            "gross_margin_4q_avg": 0,
            "net_income": null,
            "net_income_4q": null,
            "revenue": null,
            "revenue_4q": null,
            "common_shares": 218529,
            "book_valuer_per_share": null,
            "book_valuer_per_share_4q_avg": 0,
            "equity": 218306,
            "current_ratio": null,
            "debt_ratio": null,
            "inventory_turnover_ratio": null,
            "account_receivable_turnover_ratio": null,
            "reinvestment_rate": null,
            "research_to_sale_ratio": null,
            "price_fair": 0,
            "eps_avg_yearly": 0,
            "eps_latest_yearly": 0,
            "eps_growth_yearly": 0
        },
        "20093": {
            "year_quarter": 20093,
            "year": 2009,
            "quarter": 3,
            "eps": null,
            "eps_growth_year": null,
            "eps_4q": null,
            "eps_4q_growth_year": null,
            "roe": null,
            "roe_4q": 0,
            "gross_profit": null,
            "gross_margin": null,
            "gross_margin_4q_avg": 0,
            "net_income": null,
            "net_income_4q": null,
            "revenue": null,
            "revenue_4q": null,
            "common_shares": null,
            "book_valuer_per_share": null,
            "book_valuer_per_share_4q_avg": 0,
            "equity": null,
            "current_ratio": null,
            "debt_ratio": null,
            "inventory_turnover_ratio": null,
            "account_receivable_turnover_ratio": null,
            "reinvestment_rate": null,
            "research_to_sale_ratio": null,
            "price_fair": 0,
            "eps_avg_yearly": 0,
            "eps_latest_yearly": 0,
            "eps_growth_yearly": 0
        },
        "20094": {
            "year_quarter": 20094,
            "year": 2009,
            "quarter": 4,
            "eps": null,
            "eps_growth_year": null,
            "eps_4q": null,
            "eps_4q_growth_year": null,
            "roe": null,
            "roe_4q": 0,
            "gross_profit": null,
            "gross_margin": null,
            "gross_margin_4q_avg": 0,
            "net_income": null,
            "net_income_4q": null,
            "revenue": null,
            "revenue_4q": null,
            "common_shares": 219159,
            "book_valuer_per_share": 9.13,
            "book_valuer_per_share_4q_avg": 2.28,
            "equity": 200003,
            "current_ratio": 778.91,
            "debt_ratio": 11.89,
            "inventory_turnover_ratio": null,
            "account_receivable_turnover_ratio": null,
            "reinvestment_rate": null,
            "research_to_sale_ratio": null,
            "price_fair": 0,
            "eps_avg_yearly": 0,
            "eps_latest_yearly": 0,
            "eps_growth_yearly": 0
        },
        "20101": {
            "year_quarter": 20101,
            "year": 2010,
            "quarter": 1,
            "eps": null,
            "eps_growth_year": null,
            "eps_4q": null,
            "eps_4q_growth_year": null,
            "roe": null,
            "roe_4q": 0,
            "gross_profit": null,
            "gross_margin": null,
            "gross_margin_4q_avg": 0,
            "net_income": null,
            "net_income_4q": null,
            "revenue": null,
            "revenue_4q": null,
            "common_shares": null,
            "book_valuer_per_share": null,
            "book_valuer_per_share_4q_avg": 2.28,
            "equity": null,
            "current_ratio": null,
            "debt_ratio": null,
            "inventory_turnover_ratio": null,
            "account_receivable_turnover_ratio": null,
            "reinvestment_rate": null,
            "research_to_sale_ratio": null,
            "price_fair": 0,
            "eps_avg_yearly": 0,
            "eps_latest_yearly": 0,
            "eps_growth_yearly": 0
        },
        "20102": {
            "year_quarter": 20102,
            "year": 2010,
            "quarter": 2,
            "eps": null,
            "eps_growth_year": null,
            "eps_4q": null,
            "eps_4q_growth_year": null,
            "roe": null,
            "roe_4q": 0,
            "gross_profit": null,
            "gross_margin": null,
            "gross_margin_4q_avg": 0,
            "net_income": null,
            "net_income_4q": null,
            "revenue": null,
            "revenue_4q": null,
            "common_shares": 219499,
            "book_valuer_per_share": 8.83,
            "book_valuer_per_share_4q_avg": 4.49,
            "equity": 193849,
            "current_ratio": 463.37,
            "debt_ratio": 19.99,
            "inventory_turnover_ratio": null,
            "account_receivable_turnover_ratio": null,
            "reinvestment_rate": null,
            "research_to_sale_ratio": null,
            "price_fair": 0,
            "eps_avg_yearly": 0,
            "eps_latest_yearly": 0,
            "eps_growth_yearly": 0
        },
        "20103": {
            "year_quarter": 20103,
            "year": 2010,
            "quarter": 3,
            "eps": null,
            "eps_growth_year": null,
            "eps_4q": null,
            "eps_4q_growth_year": null,
            "roe": null,
            "roe_4q": 0,
            "gross_profit": null,
            "gross_margin": null,
            "gross_margin_4q_avg": 0,
            "net_income": null,
            "net_income_4q": null,
            "revenue": null,
            "revenue_4q": null,
            "common_shares": null,
            "book_valuer_per_share": null,
            "book_valuer_per_share_4q_avg": 4.49,
            "equity": null,
            "current_ratio": null,
            "debt_ratio": null,
            "inventory_turnover_ratio": null,
            "account_receivable_turnover_ratio": null,
            "reinvestment_rate": null,
            "research_to_sale_ratio": null,
            "price_fair": 0,
            "eps_avg_yearly": 0,
            "eps_latest_yearly": 0,
            "eps_growth_yearly": 0
        },
        "20104": {
            "year_quarter": 20104,
            "year": 2010,
            "quarter": 4,
            "eps": null,
            "eps_growth_year": null,
            "eps_4q": null,
            "eps_4q_growth_year": null,
            "roe": null,
            "roe_4q": 0,
            "gross_profit": null,
            "gross_margin": null,
            "gross_margin_4q_avg": 0,
            "net_income": null,
            "net_income_4q": null,
            "revenue": null,
            "revenue_4q": null,
            "common_shares": 219739,
            "book_valuer_per_share": 8.81,
            "book_valuer_per_share_4q_avg": 4.41,
            "equity": 193649,
            "current_ratio": 569,
            "debt_ratio": 14.93,
            "inventory_turnover_ratio": null,
            "account_receivable_turnover_ratio": null,
            "reinvestment_rate": null,
            "research_to_sale_ratio": null,
            "price_fair": 0,
            "eps_avg_yearly": 0,
            "eps_latest_yearly": 0,
            "eps_growth_yearly": 0
        },
        "20111": {
            "year_quarter": 20111,
            "year": 2011,
            "quarter": 1,
            "eps": null,
            "eps_growth_year": null,
            "eps_4q": null,
            "eps_4q_growth_year": null,
            "roe": null,
            "roe_4q": 0,
            "gross_profit": null,
            "gross_margin": null,
            "gross_margin_4q_avg": 0,
            "net_income": null,
            "net_income_4q": null,
            "revenue": null,
            "revenue_4q": null,
            "common_shares": null,
            "book_valuer_per_share": null,
            "book_valuer_per_share_4q_avg": 4.41,
            "equity": null,
            "current_ratio": null,
            "debt_ratio": null,
            "inventory_turnover_ratio": null,
            "account_receivable_turnover_ratio": null,
            "reinvestment_rate": null,
            "research_to_sale_ratio": null,
            "price_fair": 0,
            "eps_avg_yearly": 0,
            "eps_latest_yearly": 0,
            "eps_growth_yearly": 0
        },
        "20112": {
            "year_quarter": 20112,
            "year": 2011,
            "quarter": 2,
            "eps": null,
            "eps_growth_year": null,
            "eps_4q": null,
            "eps_4q_growth_year": null,
            "roe": null,
            "roe_4q": 0,
            "gross_profit": null,
            "gross_margin": null,
            "gross_margin_4q_avg": 0,
            "net_income": null,
            "net_income_4q": null,
            "revenue": null,
            "revenue_4q": null,
            "common_shares": 320179,
            "book_valuer_per_share": 9.55,
            "book_valuer_per_share_4q_avg": 4.59,
            "equity": 305831,
            "current_ratio": 1020.77,
            "debt_ratio": 8.95,
            "inventory_turnover_ratio": null,
            "account_receivable_turnover_ratio": null,
            "reinvestment_rate": null,
            "research_to_sale_ratio": null,
            "price_fair": 0,
            "eps_avg_yearly": 0,
            "eps_latest_yearly": 0,
            "eps_growth_yearly": 0
        },
        "20113": {
            "year_quarter": 20113,
            "year": 2011,
            "quarter": 3,
            "eps": null,
            "eps_growth_year": null,
            "eps_4q": null,
            "eps_4q_growth_year": null,
            "roe": null,
            "roe_4q": 0,
            "gross_profit": null,
            "gross_margin": null,
            "gross_margin_4q_avg": 0,
            "net_income": null,
            "net_income_4q": null,
            "revenue": null,
            "revenue_4q": null,
            "common_shares": null,
            "book_valuer_per_share": null,
            "book_valuer_per_share_4q_avg": 4.59,
            "equity": null,
            "current_ratio": null,
            "debt_ratio": null,
            "inventory_turnover_ratio": null,
            "account_receivable_turnover_ratio": null,
            "reinvestment_rate": null,
            "research_to_sale_ratio": null,
            "price_fair": 0,
            "eps_avg_yearly": 0,
            "eps_latest_yearly": 0,
            "eps_growth_yearly": 0
        },
        "20114": {
            "year_quarter": 20114,
            "year": 2011,
            "quarter": 4,
            "eps": null,
            "eps_growth_year": null,
            "eps_4q": null,
            "eps_4q_growth_year": null,
            "roe": null,
            "roe_4q": 0,
            "gross_profit": null,
            "gross_margin": null,
            "gross_margin_4q_avg": 0,
            "net_income": null,
            "net_income_4q": null,
            "revenue": null,
            "revenue_4q": null,
            "common_shares": 320179,
            "book_valuer_per_share": 9.82,
            "book_valuer_per_share_4q_avg": 4.84,
            "equity": 314352,
            "current_ratio": 1877.29,
            "debt_ratio": 4.92,
            "inventory_turnover_ratio": null,
            "account_receivable_turnover_ratio": null,
            "reinvestment_rate": null,
            "research_to_sale_ratio": null,
            "price_fair": 0,
            "eps_avg_yearly": 0,
            "eps_latest_yearly": 0,
            "eps_growth_yearly": 0
        },
        "20121": {
            "year_quarter": 20121,
            "year": 2012,
            "quarter": 1,
            "eps": null,
            "eps_growth_year": null,
            "eps_4q": null,
            "eps_4q_growth_year": null,
            "roe": null,
            "roe_4q": 0,
            "gross_profit": null,
            "gross_margin": null,
            "gross_margin_4q_avg": 0,
            "net_income": null,
            "net_income_4q": null,
            "revenue": null,
            "revenue_4q": null,
            "common_shares": null,
            "book_valuer_per_share": null,
            "book_valuer_per_share_4q_avg": 4.84,
            "equity": null,
            "current_ratio": null,
            "debt_ratio": null,
            "inventory_turnover_ratio": null,
            "account_receivable_turnover_ratio": null,
            "reinvestment_rate": null,
            "research_to_sale_ratio": null,
            "price_fair": 0,
            "eps_avg_yearly": 0,
            "eps_latest_yearly": 0,
            "eps_growth_yearly": 0
        },
        "20122": {
            "year_quarter": 20122,
            "year": 2012,
            "quarter": 2,
            "eps": null,
            "eps_growth_year": null,
            "eps_4q": null,
            "eps_4q_growth_year": null,
            "roe": null,
            "roe_4q": 0,
            "gross_profit": null,
            "gross_margin": null,
            "gross_margin_4q_avg": 0,
            "net_income": null,
            "net_income_4q": null,
            "revenue": null,
            "revenue_4q": null,
            "common_shares": 320739,
            "book_valuer_per_share": 0,
            "book_valuer_per_share_4q_avg": 2.46,
            "equity": 307248,
            "current_ratio": 1010.02,
            "debt_ratio": 9.13,
            "inventory_turnover_ratio": null,
            "account_receivable_turnover_ratio": null,
            "reinvestment_rate": null,
            "research_to_sale_ratio": null,
            "price_fair": 0,
            "eps_avg_yearly": 0,
            "eps_latest_yearly": 0,
            "eps_growth_yearly": 0
        },
        "20123": {
            "year_quarter": 20123,
            "year": 2012,
            "quarter": 3,
            "eps": null,
            "eps_growth_year": null,
            "eps_4q": null,
            "eps_4q_growth_year": null,
            "roe": null,
            "roe_4q": 0,
            "gross_profit": null,
            "gross_margin": null,
            "gross_margin_4q_avg": 0,
            "net_income": null,
            "net_income_4q": null,
            "revenue": null,
            "revenue_4q": null,
            "common_shares": null,
            "book_valuer_per_share": null,
            "book_valuer_per_share_4q_avg": 2.46,
            "equity": null,
            "current_ratio": null,
            "debt_ratio": null,
            "inventory_turnover_ratio": null,
            "account_receivable_turnover_ratio": null,
            "reinvestment_rate": null,
            "research_to_sale_ratio": null,
            "price_fair": 0,
            "eps_avg_yearly": 0,
            "eps_latest_yearly": 0,
            "eps_growth_yearly": 0
        },
        "20124": {
            "year_quarter": 20124,
            "year": 2012,
            "quarter": 4,
            "eps": null,
            "eps_growth_year": null,
            "eps_4q": null,
            "eps_4q_growth_year": null,
            "roe": null,
            "roe_4q": 0,
            "gross_profit": null,
            "gross_margin": null,
            "gross_margin_4q_avg": 0,
            "net_income": null,
            "net_income_4q": null,
            "revenue": null,
            "revenue_4q": null,
            "common_shares": 651569,
            "book_valuer_per_share": 10.73,
            "book_valuer_per_share_4q_avg": 2.68,
            "equity": 699446,
            "current_ratio": 1644.28,
            "debt_ratio": 2.32,
            "inventory_turnover_ratio": null,
            "account_receivable_turnover_ratio": null,
            "reinvestment_rate": null,
            "research_to_sale_ratio": null,
            "price_fair": 0,
            "eps_avg_yearly": 0,
            "eps_latest_yearly": 0,
            "eps_growth_yearly": 0
        },
        "20131": {
            "year_quarter": 20131,
            "year": 2013,
            "quarter": 1,
            "eps": null,
            "eps_growth_year": null,
            "eps_4q": null,
            "eps_4q_growth_year": null,
            "roe": null,
            "roe_4q": 0,
            "gross_profit": null,
            "gross_margin": null,
            "gross_margin_4q_avg": 0,
            "net_income": null,
            "net_income_4q": null,
            "revenue": null,
            "revenue_4q": null,
            "common_shares": null,
            "book_valuer_per_share": null,
            "book_valuer_per_share_4q_avg": 2.68,
            "equity": null,
            "current_ratio": null,
            "debt_ratio": null,
            "inventory_turnover_ratio": null,
            "account_receivable_turnover_ratio": null,
            "reinvestment_rate": null,
            "research_to_sale_ratio": null,
            "price_fair": 0,
            "eps_avg_yearly": 0,
            "eps_latest_yearly": 0,
            "eps_growth_yearly": 0
        },
        "20132": {
            "year_quarter": 20132,
            "year": 2013,
            "quarter": 2,
            "eps": null,
            "eps_growth_year": null,
            "eps_4q": null,
            "eps_4q_growth_year": null,
            "roe": null,
            "roe_4q": 0,
            "gross_profit": null,
            "gross_margin": null,
            "gross_margin_4q_avg": 0,
            "net_income": null,
            "net_income_4q": null,
            "revenue": null,
            "revenue_4q": null,
            "common_shares": 651739,
            "book_valuer_per_share": 10.57,
            "book_valuer_per_share_4q_avg": 5.33,
            "equity": 688694,
            "current_ratio": 1326.56,
            "debt_ratio": 2.92,
            "inventory_turnover_ratio": null,
            "account_receivable_turnover_ratio": null,
            "reinvestment_rate": null,
            "research_to_sale_ratio": null,
            "price_fair": 0,
            "eps_avg_yearly": 0,
            "eps_latest_yearly": 0,
            "eps_growth_yearly": 0
        },
        "20133": {
            "year_quarter": 20133,
            "year": 2013,
            "quarter": 3,
            "eps": null,
            "eps_growth_year": null,
            "eps_4q": null,
            "eps_4q_growth_year": null,
            "roe": null,
            "roe_4q": 0,
            "gross_profit": null,
            "gross_margin": null,
            "gross_margin_4q_avg": 0,
            "net_income": null,
            "net_income_4q": null,
            "revenue": null,
            "revenue_4q": null,
            "common_shares": null,
            "book_valuer_per_share": null,
            "book_valuer_per_share_4q_avg": 5.33,
            "equity": null,
            "current_ratio": null,
            "debt_ratio": null,
            "inventory_turnover_ratio": null,
            "account_receivable_turnover_ratio": null,
            "reinvestment_rate": null,
            "research_to_sale_ratio": null,
            "price_fair": 0,
            "eps_avg_yearly": 0,
            "eps_latest_yearly": 0,
            "eps_growth_yearly": 0
        },
        "20134": {
            "year_quarter": 20134,
            "year": 2013,
            "quarter": 4,
            "eps": null,
            "eps_growth_year": null,
            "eps_4q": null,
            "eps_4q_growth_year": null,
            "roe": null,
            "roe_4q": 0,
            "gross_profit": null,
            "gross_margin": null,
            "gross_margin_4q_avg": 0,
            "net_income": null,
            "net_income_4q": null,
            "revenue": null,
            "revenue_4q": null,
            "common_shares": 652539,
            "book_valuer_per_share": 10.29,
            "book_valuer_per_share_4q_avg": 5.22,
            "equity": 671644,
            "current_ratio": 869.77,
            "debt_ratio": 4.59,
            "inventory_turnover_ratio": null,
            "account_receivable_turnover_ratio": null,
            "reinvestment_rate": null,
            "research_to_sale_ratio": null,
            "price_fair": 0,
            "eps_avg_yearly": 0,
            "eps_latest_yearly": 0,
            "eps_growth_yearly": 0
        },
        "20141": {
            "year_quarter": 20141,
            "year": 2014,
            "quarter": 1,
            "eps": null,
            "eps_growth_year": null,
            "eps_4q": null,
            "eps_4q_growth_year": null,
            "roe": null,
            "roe_4q": 0,
            "gross_profit": null,
            "gross_margin": null,
            "gross_margin_4q_avg": 0,
            "net_income": null,
            "net_income_4q": null,
            "revenue": null,
            "revenue_4q": null,
            "common_shares": null,
            "book_valuer_per_share": null,
            "book_valuer_per_share_4q_avg": 5.22,
            "equity": null,
            "current_ratio": null,
            "debt_ratio": null,
            "inventory_turnover_ratio": null,
            "account_receivable_turnover_ratio": null,
            "reinvestment_rate": null,
            "research_to_sale_ratio": null,
            "price_fair": 0,
            "eps_avg_yearly": 0,
            "eps_latest_yearly": 0,
            "eps_growth_yearly": 0
        },
        "20142": {
            "year_quarter": 20142,
            "year": 2014,
            "quarter": 2,
            "eps": null,
            "eps_growth_year": null,
            "eps_4q": null,
            "eps_4q_growth_year": null,
            "roe": null,
            "roe_4q": 0,
            "gross_profit": null,
            "gross_margin": null,
            "gross_margin_4q_avg": 0,
            "net_income": null,
            "net_income_4q": null,
            "revenue": null,
            "revenue_4q": null,
            "common_shares": 654109,
            "book_valuer_per_share": 9.72,
            "book_valuer_per_share_4q_avg": 5,
            "equity": 635507,
            "current_ratio": 919.76,
            "debt_ratio": 4.46,
            "inventory_turnover_ratio": null,
            "account_receivable_turnover_ratio": null,
            "reinvestment_rate": null,
            "research_to_sale_ratio": null,
            "price_fair": 0,
            "eps_avg_yearly": 0,
            "eps_latest_yearly": 0,
            "eps_growth_yearly": 0
        },
        "20143": {
            "year_quarter": 20143,
            "year": 2014,
            "quarter": 3,
            "eps": null,
            "eps_growth_year": null,
            "eps_4q": null,
            "eps_4q_growth_year": null,
            "roe": null,
            "roe_4q": 0,
            "gross_profit": null,
            "gross_margin": null,
            "gross_margin_4q_avg": 0,
            "net_income": null,
            "net_income_4q": null,
            "revenue": null,
            "revenue_4q": null,
            "common_shares": null,
            "book_valuer_per_share": null,
            "book_valuer_per_share_4q_avg": 5,
            "equity": null,
            "current_ratio": null,
            "debt_ratio": null,
            "inventory_turnover_ratio": null,
            "account_receivable_turnover_ratio": null,
            "reinvestment_rate": null,
            "research_to_sale_ratio": null,
            "price_fair": 0,
            "eps_avg_yearly": 0,
            "eps_latest_yearly": 0,
            "eps_growth_yearly": 0
        },
        "20144": {
            "year_quarter": 20144,
            "year": 2014,
            "quarter": 4,
            "eps": null,
            "eps_growth_year": null,
            "eps_4q": null,
            "eps_4q_growth_year": null,
            "roe": null,
            "roe_4q": 0,
            "gross_profit": null,
            "gross_margin": null,
            "gross_margin_4q_avg": 0,
            "net_income": null,
            "net_income_4q": null,
            "revenue": null,
            "revenue_4q": null,
            "common_shares": 658459,
            "book_valuer_per_share": 10.29,
            "book_valuer_per_share_4q_avg": 5,
            "equity": 677722,
            "current_ratio": 644.1,
            "debt_ratio": 7.71,
            "inventory_turnover_ratio": null,
            "account_receivable_turnover_ratio": null,
            "reinvestment_rate": null,
            "research_to_sale_ratio": null,
            "price_fair": 0,
            "eps_avg_yearly": 0,
            "eps_latest_yearly": 0,
            "eps_growth_yearly": 0
        },
        "20151": {
            "year_quarter": 20151,
            "year": 2015,
            "quarter": 1,
            "eps": null,
            "eps_growth_year": null,
            "eps_4q": null,
            "eps_4q_growth_year": null,
            "roe": null,
            "roe_4q": 0,
            "gross_profit": null,
            "gross_margin": null,
            "gross_margin_4q_avg": 0,
            "net_income": null,
            "net_income_4q": null,
            "revenue": null,
            "revenue_4q": null,
            "common_shares": null,
            "book_valuer_per_share": null,
            "book_valuer_per_share_4q_avg": 5,
            "equity": null,
            "current_ratio": null,
            "debt_ratio": null,
            "inventory_turnover_ratio": null,
            "account_receivable_turnover_ratio": null,
            "reinvestment_rate": null,
            "research_to_sale_ratio": null,
            "price_fair": 0,
            "eps_avg_yearly": 0,
            "eps_latest_yearly": 0,
            "eps_growth_yearly": 0
        },
        "20152": {
            "year_quarter": 20152,
            "year": 2015,
            "quarter": 2,
            "eps": null,
            "eps_growth_year": null,
            "eps_4q": null,
            "eps_4q_growth_year": null,
            "roe": null,
            "roe_4q": 0,
            "gross_profit": null,
            "gross_margin": null,
            "gross_margin_4q_avg": 0,
            "net_income": null,
            "net_income_4q": null,
            "revenue": null,
            "revenue_4q": null,
            "common_shares": 658679,
            "book_valuer_per_share": 9.19,
            "book_valuer_per_share_4q_avg": 4.87,
            "equity": 605432,
            "current_ratio": 463.13,
            "debt_ratio": 10.3,
            "inventory_turnover_ratio": null,
            "account_receivable_turnover_ratio": null,
            "reinvestment_rate": null,
            "research_to_sale_ratio": null,
            "price_fair": 0,
            "eps_avg_yearly": 0,
            "eps_latest_yearly": 0,
            "eps_growth_yearly": 0
        },
        "20153": {
            "year_quarter": 20153,
            "year": 2015,
            "quarter": 3,
            "eps": null,
            "eps_growth_year": null,
            "eps_4q": null,
            "eps_4q_growth_year": null,
            "roe": null,
            "roe_4q": 0,
            "gross_profit": null,
            "gross_margin": null,
            "gross_margin_4q_avg": 0,
            "net_income": null,
            "net_income_4q": null,
            "revenue": null,
            "revenue_4q": null,
            "common_shares": null,
            "book_valuer_per_share": null,
            "book_valuer_per_share_4q_avg": 4.87,
            "equity": null,
            "current_ratio": null,
            "debt_ratio": null,
            "inventory_turnover_ratio": null,
            "account_receivable_turnover_ratio": null,
            "reinvestment_rate": null,
            "research_to_sale_ratio": null,
            "price_fair": 0,
            "eps_avg_yearly": 0,
            "eps_latest_yearly": 0,
            "eps_growth_yearly": 0
        },
        "20154": {
            "year_quarter": 20154,
            "year": 2015,
            "quarter": 4,
            "eps": null,
            "eps_growth_year": null,
            "eps_4q": null,
            "eps_4q_growth_year": null,
            "roe": null,
            "roe_4q": 0,
            "gross_profit": null,
            "gross_margin": null,
            "gross_margin_4q_avg": 0,
            "net_income": null,
            "net_income_4q": null,
            "revenue": null,
            "revenue_4q": null,
            "common_shares": 661069,
            "book_valuer_per_share": 10.5,
            "book_valuer_per_share_4q_avg": 4.92,
            "equity": 694434,
            "current_ratio": 355.4,
            "debt_ratio": 16.92,
            "inventory_turnover_ratio": null,
            "account_receivable_turnover_ratio": null,
            "reinvestment_rate": null,
            "research_to_sale_ratio": null,
            "price_fair": 0,
            "eps_avg_yearly": 0,
            "eps_latest_yearly": 0,
            "eps_growth_yearly": 0
        },
        "20161": {
            "year_quarter": 20161,
            "year": 2016,
            "quarter": 1,
            "eps": null,
            "eps_growth_year": null,
            "eps_4q": null,
            "eps_4q_growth_year": null,
            "roe": null,
            "roe_4q": 0,
            "gross_profit": null,
            "gross_margin": null,
            "gross_margin_4q_avg": 0,
            "net_income": null,
            "net_income_4q": null,
            "revenue": null,
            "revenue_4q": null,
            "common_shares": null,
            "book_valuer_per_share": null,
            "book_valuer_per_share_4q_avg": 4.92,
            "equity": null,
            "current_ratio": null,
            "debt_ratio": null,
            "inventory_turnover_ratio": null,
            "account_receivable_turnover_ratio": null,
            "reinvestment_rate": null,
            "research_to_sale_ratio": null,
            "price_fair": 0,
            "eps_avg_yearly": 0,
            "eps_latest_yearly": 0,
            "eps_growth_yearly": 0
        },
        "20162": {
            "year_quarter": 20162,
            "year": 2016,
            "quarter": 2,
            "eps": null,
            "eps_growth_year": null,
            "eps_4q": null,
            "eps_4q_growth_year": null,
            "roe": null,
            "roe_4q": 0,
            "gross_profit": null,
            "gross_margin": null,
            "gross_margin_4q_avg": 0,
            "net_income": null,
            "net_income_4q": null,
            "revenue": null,
            "revenue_4q": null,
            "common_shares": 664819,
            "book_valuer_per_share": 11.54,
            "book_valuer_per_share_4q_avg": 5.51,
            "equity": 767154,
            "current_ratio": 468.14,
            "debt_ratio": 13.68,
            "inventory_turnover_ratio": null,
            "account_receivable_turnover_ratio": null,
            "reinvestment_rate": null,
            "research_to_sale_ratio": null,
            "price_fair": 0,
            "eps_avg_yearly": 0,
            "eps_latest_yearly": 0,
            "eps_growth_yearly": 0
        },
        "20163": {
            "year_quarter": 20163,
            "year": 2016,
            "quarter": 3,
            "eps": null,
            "eps_growth_year": null,
            "eps_4q": null,
            "eps_4q_growth_year": null,
            "roe": null,
            "roe_4q": 0,
            "gross_profit": null,
            "gross_margin": null,
            "gross_margin_4q_avg": 0,
            "net_income": null,
            "net_income_4q": null,
            "revenue": null,
            "revenue_4q": null,
            "common_shares": null,
            "book_valuer_per_share": null,
            "book_valuer_per_share_4q_avg": 5.51,
            "equity": null,
            "current_ratio": null,
            "debt_ratio": null,
            "inventory_turnover_ratio": null,
            "account_receivable_turnover_ratio": null,
            "reinvestment_rate": null,
            "research_to_sale_ratio": null,
            "price_fair": 0,
            "eps_avg_yearly": 0,
            "eps_latest_yearly": 0,
            "eps_growth_yearly": 0
        },
        "20164": {
            "year_quarter": 20164,
            "year": 2016,
            "quarter": 4,
            "eps": null,
            "eps_growth_year": null,
            "eps_4q": null,
            "eps_4q_growth_year": null,
            "roe": null,
            "roe_4q": 0,
            "gross_profit": null,
            "gross_margin": null,
            "gross_margin_4q_avg": 0,
            "net_income": null,
            "net_income_4q": null,
            "revenue": null,
            "revenue_4q": null,
            "common_shares": 669359,
            "book_valuer_per_share": 12.59,
            "book_valuer_per_share_4q_avg": 6.03,
            "equity": 843029,
            "current_ratio": 331.08,
            "debt_ratio": 21.54,
            "inventory_turnover_ratio": null,
            "account_receivable_turnover_ratio": null,
            "reinvestment_rate": null,
            "research_to_sale_ratio": null,
            "price_fair": 0,
            "eps_avg_yearly": 0,
            "eps_latest_yearly": 0,
            "eps_growth_yearly": 0
        },
        "20171": {
            "year_quarter": 20171,
            "year": 2017,
            "quarter": 1,
            "eps": null,
            "eps_growth_year": null,
            "eps_4q": null,
            "eps_4q_growth_year": null,
            "roe": null,
            "roe_4q": 0,
            "gross_profit": null,
            "gross_margin": null,
            "gross_margin_4q_avg": 0,
            "net_income": null,
            "net_income_4q": null,
            "revenue": null,
            "revenue_4q": null,
            "common_shares": null,
            "book_valuer_per_share": null,
            "book_valuer_per_share_4q_avg": 6.03,
            "equity": null,
            "current_ratio": null,
            "debt_ratio": null,
            "inventory_turnover_ratio": null,
            "account_receivable_turnover_ratio": null,
            "reinvestment_rate": null,
            "research_to_sale_ratio": null,
            "price_fair": 0,
            "eps_avg_yearly": 0,
            "eps_latest_yearly": 0,
            "eps_growth_yearly": 0
        },
        "20172": {
            "year_quarter": 20172,
            "year": 2017,
            "quarter": 2,
            "eps": null,
            "eps_growth_year": null,
            "eps_4q": null,
            "eps_4q_growth_year": null,
            "roe": null,
            "roe_4q": 0,
            "gross_profit": null,
            "gross_margin": null,
            "gross_margin_4q_avg": 0,
            "net_income": null,
            "net_income_4q": null,
            "revenue": null,
            "revenue_4q": null,
            "common_shares": 675269,
            "book_valuer_per_share": 12.28,
            "book_valuer_per_share_4q_avg": 6.22,
            "equity": 829161,
            "current_ratio": 256.83,
            "debt_ratio": 28.78,
            "inventory_turnover_ratio": null,
            "account_receivable_turnover_ratio": null,
            "reinvestment_rate": null,
            "research_to_sale_ratio": null,
            "price_fair": 0,
            "eps_avg_yearly": 0,
            "eps_latest_yearly": 0,
            "eps_growth_yearly": 0
        },
        "20173": {
            "year_quarter": 20173,
            "year": 2017,
            "quarter": 3,
            "eps": null,
            "eps_growth_year": null,
            "eps_4q": null,
            "eps_4q_growth_year": null,
            "roe": null,
            "roe_4q": 0,
            "gross_profit": null,
            "gross_margin": null,
            "gross_margin_4q_avg": 0,
            "net_income": null,
            "net_income_4q": null,
            "revenue": null,
            "revenue_4q": null,
            "common_shares": null,
            "book_valuer_per_share": null,
            "book_valuer_per_share_4q_avg": 6.22,
            "equity": null,
            "current_ratio": null,
            "debt_ratio": null,
            "inventory_turnover_ratio": null,
            "account_receivable_turnover_ratio": null,
            "reinvestment_rate": null,
            "research_to_sale_ratio": null,
            "price_fair": 0,
            "eps_avg_yearly": 0,
            "eps_latest_yearly": 0,
            "eps_growth_yearly": 0
        },
        "20174": {
            "year_quarter": 20174,
            "year": 2017,
            "quarter": 4,
            "eps": null,
            "eps_growth_year": null,
            "eps_4q": null,
            "eps_4q_growth_year": null,
            "roe": null,
            "roe_4q": 0,
            "gross_profit": null,
            "gross_margin": null,
            "gross_margin_4q_avg": 0,
            "net_income": null,
            "net_income_4q": null,
            "revenue": null,
            "revenue_4q": null,
            "common_shares": 679809,
            "book_valuer_per_share": 14.36,
            "book_valuer_per_share_4q_avg": 6.66,
            "equity": 976142,
            "current_ratio": 325.44,
            "debt_ratio": 23.16,
            "inventory_turnover_ratio": null,
            "account_receivable_turnover_ratio": null,
            "reinvestment_rate": null,
            "research_to_sale_ratio": null,
            "price_fair": 0,
            "eps_avg_yearly": 0,
            "eps_latest_yearly": 0,
            "eps_growth_yearly": 0
        },
        "20181": {
            "year_quarter": 20181,
            "year": 2018,
            "quarter": 1,
            "eps": 0.44,
            "eps_growth_year": null,
            "eps_4q": null,
            "eps_4q_growth_year": null,
            "roe": 2.99,
            "roe_4q": 2.99,
            "gross_profit": 102584,
            "gross_margin": 21.92,
            "gross_margin_4q_avg": 5.48,
            "net_income": 29621,
            "net_income_4q": null,
            "revenue": 468044,
            "revenue_4q": null,
            "common_shares": 680679,
            "book_valuer_per_share": 14.78,
            "book_valuer_per_share_4q_avg": 10.36,
            "equity": 1008208,
            "current_ratio": 372.67,
            "debt_ratio": 20.45,
            "inventory_turnover_ratio": 0.65,
            "account_receivable_turnover_ratio": 65.44,
            "reinvestment_rate": null,
            "research_to_sale_ratio": 8.59,
            "price_fair": 0,
            "eps_avg_yearly": 0,
            "eps_latest_yearly": 0,
            "eps_growth_yearly": 0
        },
        "20182": {
            "year_quarter": 20182,
            "year": 2018,
            "quarter": 2,
            "eps": 0.55,
            "eps_growth_year": null,
            "eps_4q": null,
            "eps_4q_growth_year": null,
            "roe": 3.89,
            "roe_4q": 6.880000000000001,
            "gross_profit": 101379,
            "gross_margin": 20.9,
            "gross_margin_4q_avg": 10.71,
            "net_income": 37402,
            "net_income_4q": null,
            "revenue": 485002,
            "revenue_4q": null,
            "common_shares": 682079,
            "book_valuer_per_share": 13.39,
            "book_valuer_per_share_4q_avg": 10.63,
            "equity": 913014,
            "current_ratio": 248.54,
            "debt_ratio": 31.45,
            "inventory_turnover_ratio": 0.65,
            "account_receivable_turnover_ratio": 83.75,
            "reinvestment_rate": null,
            "research_to_sale_ratio": 9.4,
            "price_fair": 77,
            "eps_avg_yearly": 2.2,
            "eps_latest_yearly": 2.2,
            "eps_growth_yearly": 100
        },
        "20183": {
            "year_quarter": 20183,
            "year": 2018,
            "quarter": 3,
            "eps": 0.21,
            "eps_growth_year": null,
            "eps_4q": null,
            "eps_4q_growth_year": null,
            "roe": 1.08,
            "roe_4q": 7.960000000000001,
            "gross_profit": 94655,
            "gross_margin": 19.24,
            "gross_margin_4q_avg": 15.52,
            "net_income": 16186,
            "net_income_4q": null,
            "revenue": 492012,
            "revenue_4q": null,
            "common_shares": 777079,
            "book_valuer_per_share": 26.93,
            "book_valuer_per_share_4q_avg": 17.37,
            "equity": 2092480,
            "current_ratio": 864.24,
            "debt_ratio": 10.06,
            "inventory_turnover_ratio": 0.61,
            "account_receivable_turnover_ratio": 60.26,
            "reinvestment_rate": null,
            "research_to_sale_ratio": 12.66,
            "price_fair": 4.56,
            "eps_avg_yearly": 1.52,
            "eps_latest_yearly": 0.84,
            "eps_growth_yearly": -73.64
        },
        "20184": {
            "year_quarter": 20184,
            "year": 2018,
            "quarter": 4,
            "eps": 0.95,
            "eps_growth_year": null,
            "eps_4q": 2.02,
            "eps_4q_growth_year": null,
            "roe": 3.48,
            "roe_4q": 11.440000000000001,
            "gross_profit": 171181,
            "gross_margin": 29.05,
            "gross_margin_4q_avg": 22.78,
            "net_income": 74223,
            "net_income_4q": null,
            "revenue": 589209,
            "revenue_4q": null,
            "common_shares": 778279,
            "book_valuer_per_share": 27.87,
            "book_valuer_per_share_4q_avg": 20.74,
            "equity": 2169342,
            "current_ratio": 788.69,
            "debt_ratio": 11.13,
            "inventory_turnover_ratio": 0.61,
            "account_receivable_turnover_ratio": 17.91,
            "reinvestment_rate": null,
            "research_to_sale_ratio": 8.75,
            "price_fair": 79.8,
            "eps_avg_yearly": 2.28,
            "eps_latest_yearly": 3.8,
            "eps_growth_yearly": 420.75
        },
        "20191": {
            "year_quarter": 20191,
            "year": 2019,
            "quarter": 1,
            "eps": 0.03,
            "eps_growth_year": -93.18,
            "eps_4q": 1.67,
            "eps_4q_growth_year": null,
            "roe": 0.11,
            "roe_4q": 8.56,
            "gross_profit": 67118,
            "gross_margin": 19.11,
            "gross_margin_4q_avg": 22.08,
            "net_income": 2302,
            "net_income_4q": null,
            "revenue": 351136,
            "revenue_4q": null,
            "common_shares": 779779,
            "book_valuer_per_share": 27.94,
            "book_valuer_per_share_4q_avg": 24.03,
            "equity": 2179062,
            "current_ratio": 1125.01,
            "debt_ratio": 8.74,
            "inventory_turnover_ratio": 0.4,
            "account_receivable_turnover_ratio": 10.67,
            "reinvestment_rate": null,
            "research_to_sale_ratio": 13.29,
            "price_fair": 60.9,
            "eps_avg_yearly": 1.74,
            "eps_latest_yearly": 0.12,
            "eps_growth_yearly": 218.72
        },
        "20192": {
            "year_quarter": 20192,
            "year": 2019,
            "quarter": 2,
            "eps": 0.52,
            "eps_growth_year": -5.45,
            "eps_4q": 1.71,
            "eps_4q_growth_year": null,
            "roe": 1.91,
            "roe_4q": 6.58,
            "gross_profit": 120129,
            "gross_margin": 19.91,
            "gross_margin_4q_avg": 21.83,
            "net_income": 40472,
            "net_income_4q": null,
            "revenue": 603211,
            "revenue_4q": null,
            "common_shares": 780259,
            "book_valuer_per_share": 26.47,
            "book_valuer_per_share_4q_avg": 27.3,
            "equity": 2065611,
            "current_ratio": 583.57,
            "debt_ratio": 15.77,
            "inventory_turnover_ratio": 0.79,
            "account_receivable_turnover_ratio": 38.44,
            "reinvestment_rate": null,
            "research_to_sale_ratio": 10.91,
            "price_fair": 63.28,
            "eps_avg_yearly": 1.81,
            "eps_latest_yearly": 2.08,
            "eps_growth_yearly": 1481.64
        },
        "20193": {
            "year_quarter": 20193,
            "year": 2019,
            "quarter": 3,
            "eps": 0.72,
            "eps_growth_year": 242.86,
            "eps_4q": 2.24,
            "eps_4q_growth_year": null,
            "roe": 2.72,
            "roe_4q": 8.22,
            "gross_profit": 136757,
            "gross_margin": 20.67,
            "gross_margin_4q_avg": 22.19,
            "net_income": 56046,
            "net_income_4q": null,
            "revenue": 661732,
            "revenue_4q": null,
            "common_shares": 780559,
            "book_valuer_per_share": 26.61,
            "book_valuer_per_share_4q_avg": 27.22,
            "equity": 2056121,
            "current_ratio": 512.01,
            "debt_ratio": 17.84,
            "inventory_turnover_ratio": 0.88,
            "account_receivable_turnover_ratio": 48.16,
            "reinvestment_rate": null,
            "research_to_sale_ratio": 10.89,
            "price_fair": 69.53,
            "eps_avg_yearly": 1.99,
            "eps_latest_yearly": 2.88,
            "eps_growth_yearly": 1260.34
        },
        "20194": {
            "year_quarter": 20194,
            "year": 2019,
            "quarter": 4,
            "eps": 0.73,
            "eps_growth_year": -23.2,
            "eps_4q": 2,
            "eps_4q_growth_year": -1.22,
            "roe": 2.77,
            "roe_4q": 7.510000000000001,
            "gross_profit": 133527,
            "gross_margin": 19.69,
            "gross_margin_4q_avg": 19.85,
            "net_income": 57190,
            "net_income_4q": null,
            "revenue": 678031,
            "revenue_4q": null,
            "common_shares": 780809,
            "book_valuer_per_share": 26.64,
            "book_valuer_per_share_4q_avg": 26.92,
            "equity": 2080120,
            "current_ratio": 487.19,
            "debt_ratio": 14.63,
            "inventory_turnover_ratio": 0.7,
            "account_receivable_turnover_ratio": 96.81,
            "reinvestment_rate": null,
            "research_to_sale_ratio": 8.2,
            "price_fair": 74.2,
            "eps_avg_yearly": 2.12,
            "eps_latest_yearly": 2.92,
            "eps_growth_yearly": 1081.09
        },
        "20201": {
            "year_quarter": 20201,
            "year": 2020,
            "quarter": 1,
            "eps": 0.56,
            "eps_growth_year": 1766.67,
            "eps_4q": 2.55,
            "eps_4q_growth_year": 53.09,
            "roe": 2.06,
            "roe_4q": 9.46,
            "gross_profit": 125248,
            "gross_margin": 20.88,
            "gross_margin_4q_avg": 20.29,
            "net_income": 43257,
            "net_income_4q": null,
            "revenue": 599767,
            "revenue_4q": null,
            "common_shares": 781059,
            "book_valuer_per_share": 27.54,
            "book_valuer_per_share_4q_avg": 26.82,
            "equity": 2123781,
            "current_ratio": 472.03,
            "debt_ratio": 15.1,
            "inventory_turnover_ratio": 0.5,
            "account_receivable_turnover_ratio": 79.38,
            "reinvestment_rate": null,
            "research_to_sale_ratio": 10.05,
            "price_fair": 74.73,
            "eps_avg_yearly": 2.14,
            "eps_latest_yearly": 2.24,
            "eps_growth_yearly": 934.31
        },
        "20202": {
            "year_quarter": 20202,
            "year": 2020,
            "quarter": 2,
            "eps": 0.16,
            "eps_growth_year": -69.23,
            "eps_4q": 2.19,
            "eps_4q_growth_year": 28.56,
            "roe": 0.62,
            "roe_4q": 8.17,
            "gross_profit": 88426,
            "gross_margin": 16.4,
            "gross_margin_4q_avg": 19.41,
            "net_income": 12714,
            "net_income_4q": null,
            "revenue": 539091,
            "revenue_4q": null,
            "common_shares": 781059,
            "book_valuer_per_share": 25.69,
            "book_valuer_per_share_4q_avg": 26.62,
            "equity": 1981052,
            "current_ratio": 378.19,
            "debt_ratio": 31.76,
            "inventory_turnover_ratio": 0.39,
            "account_receivable_turnover_ratio": 99.82,
            "reinvestment_rate": null,
            "research_to_sale_ratio": 12.32,
            "price_fair": 68.91,
            "eps_avg_yearly": 1.97,
            "eps_latest_yearly": 0.64,
            "eps_growth_yearly": 798.75
        },
        "20203": {
            "year_quarter": 20203,
            "year": 2020,
            "quarter": 3,
            "eps": 1.2,
            "eps_growth_year": 66.67,
            "eps_4q": 2.67,
            "eps_4q_growth_year": 19.22,
            "roe": 4.57,
            "roe_4q": 10.02,
            "gross_profit": 197472,
            "gross_margin": 21.27,
            "gross_margin_4q_avg": 19.56,
            "net_income": 92688,
            "net_income_4q": null,
            "revenue": 928521,
            "revenue_4q": null,
            "common_shares": 781059,
            "book_valuer_per_share": 26.89,
            "book_valuer_per_share_4q_avg": 26.69,
            "equity": 2073304,
            "current_ratio": 500.14,
            "debt_ratio": 27.21,
            "inventory_turnover_ratio": 0.6,
            "account_receivable_turnover_ratio": 164.98,
            "reinvestment_rate": null,
            "research_to_sale_ratio": 8.44,
            "price_fair": 78.82,
            "eps_avg_yearly": 2.25,
            "eps_latest_yearly": 4.8,
            "eps_growth_yearly": 978.88
        },
        "20204": {
            "year_quarter": 20204,
            "year": 2020,
            "quarter": 4,
            "eps": 1.72,
            "eps_growth_year": 135.1,
            "eps_4q": 3.65,
            "eps_4q_growth_year": 82.68,
            "roe": 6.21,
            "roe_4q": 13.46,
            "gross_profit": 261064,
            "gross_margin": 20.7,
            "gross_margin_4q_avg": 19.81,
            "net_income": 132779,
            "net_income_4q": null,
            "revenue": 1261316,
            "revenue_4q": null,
            "common_shares": 781059,
            "book_valuer_per_share": 28.61,
            "book_valuer_per_share_4q_avg": 27.18,
            "equity": 2205742,
            "current_ratio": 503.84,
            "debt_ratio": 26.77,
            "inventory_turnover_ratio": 0.98,
            "account_receivable_turnover_ratio": 67.91,
            "reinvestment_rate": null,
            "research_to_sale_ratio": 6.31,
            "price_fair": 93.55,
            "eps_avg_yearly": 2.67,
            "eps_latest_yearly": 6.88,
            "eps_growth_yearly": 905.64
        },
        "20211": {
            "year_quarter": 20211,
            "year": 2021,
            "quarter": 1,
            "eps": 1.53,
            "eps_growth_year": 173.21,
            "eps_4q": 4.62,
            "eps_4q_growth_year": 80.84,
            "roe": 5.21,
            "roe_4q": 16.61,
            "gross_profit": 235783,
            "gross_margin": 25.54,
            "gross_margin_4q_avg": 20.98,
            "net_income": 118032,
            "net_income_4q": null,
            "revenue": 923359,
            "revenue_4q": null,
            "common_shares": 781109,
            "book_valuer_per_share": 30.14,
            "book_valuer_per_share_4q_avg": 27.83,
            "equity": 2323827,
            "current_ratio": 560.75,
            "debt_ratio": 25.06,
            "inventory_turnover_ratio": 0.82,
            "account_receivable_turnover_ratio": 43.43,
            "reinvestment_rate": null,
            "research_to_sale_ratio": 8.87,
            "price_fair": 103.6,
            "eps_avg_yearly": 2.96,
            "eps_latest_yearly": 6.12,
            "eps_growth_yearly": 826.49
        },
        "20212": {
            "year_quarter": 20212,
            "year": 2021,
            "quarter": 2,
            "eps": 3.22,
            "eps_growth_year": 1912.5,
            "eps_4q": 7.68,
            "eps_4q_growth_year": 249.92,
            "roe": 10.16,
            "roe_4q": 26.150000000000002,
            "gross_profit": 434193,
            "gross_margin": 39.98,
            "gross_margin_4q_avg": 26.87,
            "net_income": 248630,
            "net_income_4q": null,
            "revenue": 1086136,
            "revenue_4q": null,
            "common_shares": 781109,
            "book_valuer_per_share": 33.34,
            "book_valuer_per_share_4q_avg": 29.75,
            "equity": 2571148,
            "current_ratio": 395.54,
            "debt_ratio": 28.69,
            "inventory_turnover_ratio": 0.73,
            "account_receivable_turnover_ratio": 130.87,
            "reinvestment_rate": null,
            "research_to_sale_ratio": 9.51,
            "price_fair": 130.31,
            "eps_avg_yearly": 3.72,
            "eps_latest_yearly": 12.88,
            "eps_growth_yearly": 796.9
        },
        "20213": {
            "year_quarter": 20213,
            "year": 2021,
            "quarter": 3,
            "eps": 3.18,
            "eps_growth_year": 165,
            "eps_4q": 9.66,
            "eps_4q_growth_year": 261.71,
            "roe": 9.49,
            "roe_4q": 31.07,
            "gross_profit": 428552,
            "gross_margin": 38.47,
            "gross_margin_4q_avg": 31.17,
            "net_income": 245563,
            "net_income_4q": null,
            "revenue": 1113850,
            "revenue_4q": null,
            "common_shares": 781509,
            "book_valuer_per_share": 33.73,
            "book_valuer_per_share_4q_avg": 31.46,
            "equity": 2602067,
            "current_ratio": 393.42,
            "debt_ratio": 28.78,
            "inventory_turnover_ratio": 0.66,
            "account_receivable_turnover_ratio": 106.35,
            "reinvestment_rate": null,
            "research_to_sale_ratio": 9.29,
            "price_fair": 152.8,
            "eps_avg_yearly": 4.37,
            "eps_latest_yearly": 12.72,
            "eps_growth_yearly": 739.63
        },
        "20214": {
            "year_quarter": 20214,
            "year": 2021,
            "quarter": 4,
            "eps": 1.67,
            "eps_growth_year": -3.04,
            "eps_4q": 9.6,
            "eps_4q_growth_year": 163.15,
            "roe": 4.83,
            "roe_4q": 29.69,
            "gross_profit": 288852,
            "gross_margin": 33.08,
            "gross_margin_4q_avg": 34.27,
            "net_income": 128825,
            "net_income_4q": null,
            "revenue": 873151,
            "revenue_4q": null,
            "common_shares": 781529,
            "book_valuer_per_share": 35.4,
            "book_valuer_per_share_4q_avg": 33.15,
            "equity": 2730909,
            "current_ratio": 345.74,
            "debt_ratio": 29.6,
            "inventory_turnover_ratio": 0.44,
            "account_receivable_turnover_ratio": 60.83,
            "reinvestment_rate": 33.38,
            "research_to_sale_ratio": 13.04,
            "price_fair": 158.2,
            "eps_avg_yearly": 4.52,
            "eps_latest_yearly": 6.68,
            "eps_growth_yearly": 677.65
        },
        "20221": {
            "year_quarter": 20221,
            "year": 2022,
            "quarter": 1,
            "eps": 1.36,
            "eps_growth_year": -11.11,
            "eps_4q": 9.43,
            "eps_4q_growth_year": 104.23,
            "roe": 3.77,
            "roe_4q": 28.25,
            "gross_profit": 209952,
            "gross_margin": 30.78,
            "gross_margin_4q_avg": 35.58,
            "net_income": 104884,
            "net_income_4q": null,
            "revenue": 682138,
            "revenue_4q": null,
            "common_shares": 781529,
            "book_valuer_per_share": 36.8,
            "book_valuer_per_share_4q_avg": 34.82,
            "equity": 2839455,
            "current_ratio": 396.06,
            "debt_ratio": 29.3,
            "inventory_turnover_ratio": 0.28,
            "account_receivable_turnover_ratio": 30.24,
            "reinvestment_rate": 1.56,
            "research_to_sale_ratio": 11.7,
            "price_fair": 160.21,
            "eps_avg_yearly": 4.58,
            "eps_latest_yearly": 5.44,
            "eps_growth_yearly": 630.66
        },
        "20222": {
            "year_quarter": 20222,
            "year": 2022,
            "quarter": 2,
            "eps": 0.79,
            "eps_growth_year": -75.47,
            "eps_4q": 7,
            "eps_4q_growth_year": -8.79,
            "roe": 2.23,
            "roe_4q": 20.32,
            "gross_profit": 181718,
            "gross_margin": 31.72,
            "gross_margin_4q_avg": 33.51,
            "net_income": 61228,
            "net_income_4q": null,
            "revenue": 572929,
            "revenue_4q": null,
            "common_shares": 781689,
            "book_valuer_per_share": 34.24,
            "book_valuer_per_share_4q_avg": 35.04,
            "equity": 2642567,
            "current_ratio": 363.42,
            "debt_ratio": 25.09,
            "inventory_turnover_ratio": 0.19,
            "account_receivable_turnover_ratio": 28.25,
            "reinvestment_rate": 1.08,
            "research_to_sale_ratio": 13.56,
            "price_fair": 162.31,
            "eps_avg_yearly": 4.64,
            "eps_latest_yearly": 3.16,
            "eps_growth_yearly": 613.93
        },
        "20223": {
            "year_quarter": 20223,
            "year": 2022,
            "quarter": 3,
            "eps": -0.04,
            "eps_growth_year": -101.26,
            "eps_4q": 3.78,
            "eps_4q_growth_year": -60.9,
            "roe": -0.13,
            "roe_4q": 10.7,
            "gross_profit": 71919,
            "gross_margin": 20.52,
            "gross_margin_4q_avg": 29.03,
            "net_income": -3350,
            "net_income_4q": null,
            "revenue": 350537,
            "revenue_4q": null,
            "common_shares": 782189,
            "book_valuer_per_share": 34.38,
            "book_valuer_per_share_4q_avg": 35.21,
            "equity": 2655025,
            "current_ratio": 394.56,
            "debt_ratio": 30.93,
            "inventory_turnover_ratio": 0.11,
            "account_receivable_turnover_ratio": 23.45,
            "reinvestment_rate": -0.29,
            "research_to_sale_ratio": 18.31,
            "price_fair": 171.17,
            "eps_avg_yearly": 4.89,
            "eps_latest_yearly": 3.16,
            "eps_growth_yearly": 671.35
        },
        "20224": {
            "year_quarter": 20224,
            "year": 2022,
            "quarter": 4,
            "eps": -0.52,
            "eps_growth_year": -131.09,
            "eps_4q": 1.58,
            "eps_4q_growth_year": -83.53,
            "roe": -1.52,
            "roe_4q": 4.35,
            "gross_profit": 30933,
            "gross_margin": 7.3,
            "gross_margin_4q_avg": 22.58,
            "net_income": -40204,
            "net_income_4q": null,
            "revenue": 423486,
            "revenue_4q": null,
            "common_shares": 784559,
            "book_valuer_per_share": 33.92,
            "book_valuer_per_share_4q_avg": 34.84,
            "equity": 2627340,
            "current_ratio": 444.91,
            "debt_ratio": 28.99,
            "inventory_turnover_ratio": 0.15,
            "account_receivable_turnover_ratio": 15.5,
            "reinvestment_rate": -0.27,
            "research_to_sale_ratio": 14.78,
            "price_fair": 173.9,
            "eps_avg_yearly": 4.97,
            "eps_latest_yearly": 3.16,
            "eps_growth_yearly": 618.62
        },
        "20231": {
            "year_quarter": 20231,
            "year": 2023,
            "quarter": 1,
            "eps": -2.09,
            "eps_growth_year": -253.68,
            "eps_4q": -1.86,
            "eps_4q_growth_year": -119.7,
            "roe": -6.34,
            "roe_4q": -5.76,
            "gross_profit": -128462,
            "gross_margin": -30.7,
            "gross_margin_4q_avg": 7.21,
            "net_income": -161668,
            "net_income_4q": null,
            "revenue": 418418,
            "revenue_4q": null,
            "common_shares": 784559,
            "book_valuer_per_share": 31.95,
            "book_valuer_per_share_4q_avg": 33.62,
            "equity": 2474986,
            "current_ratio": 600.78,
            "debt_ratio": 24.25,
            "inventory_turnover_ratio": 0.25,
            "account_receivable_turnover_ratio": 9.43,
            "reinvestment_rate": -0.85,
            "research_to_sale_ratio": 14.95,
            "price_fair": 186.95,
            "eps_avg_yearly": 5.34,
            "eps_latest_yearly": 3.16,
            "eps_growth_yearly": 696
        },
        "20232": {
            "year_quarter": 20232,
            "year": 2023,
            "quarter": 2,
            "eps": -0.51,
            "eps_growth_year": -164.56,
            "eps_4q": -3.16,
            "eps_4q_growth_year": -145.08,
            "roe": -1.6,
            "roe_4q": -9.59,
            "gross_profit": 21976,
            "gross_margin": 5.76,
            "gross_margin_4q_avg": 0.72,
            "net_income": -39352,
            "net_income_4q": null,
            "revenue": 381716,
            "revenue_4q": null,
            "common_shares": 784559,
            "book_valuer_per_share": 31.59,
            "book_valuer_per_share_4q_avg": 32.96,
            "equity": 2446832,
            "current_ratio": 553.08,
            "debt_ratio": 25.52,
            "inventory_turnover_ratio": 0.19,
            "account_receivable_turnover_ratio": 8.32,
            "reinvestment_rate": -1.94,
            "research_to_sale_ratio": 17.19,
            "price_fair": 196.47,
            "eps_avg_yearly": 5.61,
            "eps_latest_yearly": 3.16,
            "eps_growth_yearly": 209.56
        },
        "20233": {
            "year_quarter": 20233,
            "year": 2023,
            "quarter": 3,
            "eps": 0.1,
            "eps_growth_year": null,
            "eps_4q": -3.02,
            "eps_4q_growth_year": -179.88,
            "roe": 0.31,
            "roe_4q": -9.15,
            "gross_profit": 62242,
            "gross_margin": 14.67,
            "gross_margin_4q_avg": -0.74,
            "net_income": 7593,
            "net_income_4q": null,
            "revenue": 424376,
            "revenue_4q": null,
            "common_shares": 784559,
            "book_valuer_per_share": 31.86,
            "book_valuer_per_share_4q_avg": 32.33,
            "equity": 2468110,
            "current_ratio": 552.78,
            "debt_ratio": 22.74,
            "inventory_turnover_ratio": 0.21,
            "account_receivable_turnover_ratio": 5.86,
            "reinvestment_rate": -2.33,
            "research_to_sale_ratio": 16.01,
            "price_fair": 205.16,
            "eps_avg_yearly": 5.86,
            "eps_latest_yearly": 3.16,
            "eps_growth_yearly": 214.62
        },
        "20234": {
            "year_quarter": 20234,
            "year": 2023,
            "quarter": 4,
            "eps": -1.2,
            "eps_growth_year": null,
            "eps_4q": -3.7,
            "eps_4q_growth_year": -333.94,
            "roe": -3.85,
            "roe_4q": -11.48,
            "gross_profit": 717,
            "gross_margin": 0.16,
            "gross_margin_4q_avg": -2.53,
            "net_income": -93289,
            "net_income_4q": null,
            "revenue": 438989,
            "revenue_4q": null,
            "common_shares": 784559,
            "book_valuer_per_share": 30.75,
            "book_valuer_per_share_4q_avg": 31.54,
            "equity": 2381446,
            "current_ratio": 509.18,
            "debt_ratio": 23.88,
            "inventory_turnover_ratio": 0.28,
            "account_receivable_turnover_ratio": 5.74,
            "reinvestment_rate": -58.23,
            "research_to_sale_ratio": 15.76,
            "price_fair": 215.46,
            "eps_avg_yearly": 6.16,
            "eps_latest_yearly": 3.16,
            "eps_growth_yearly": 235.53
        }
    },
    "months": {
        "2007-04": {
            "month": "2007-04",
            "price": "65.39",
            "revenue": 33372
        },
        "2007-05": {
            "month": "2007-05",
            "price": "59.40",
            "revenue": 22410
        },
        "2007-06": {
            "month": "2007-06",
            "price": "67.66",
            "revenue": 32603
        },
        "2007-07": {
            "month": "2007-07",
            "price": "62.71",
            "revenue": 40998
        },
        "2007-08": {
            "month": "2007-08",
            "price": "56.31",
            "revenue": 37215
        },
        "2007-09": {
            "month": "2007-09",
            "price": "47.26",
            "revenue": 53362
        },
        "2007-10": {
            "month": "2007-10",
            "price": "40.61",
            "revenue": 33631
        },
        "2007-11": {
            "month": "2007-11",
            "price": "24.95",
            "revenue": 26228
        },
        "2007-12": {
            "month": "2007-12",
            "price": "20.11",
            "revenue": 22473
        },
        "2008-01": {
            "month": "2008-01",
            "price": "18.52",
            "revenue": 7592
        },
        "2008-02": {
            "month": "2008-02",
            "price": "15.36",
            "revenue": 7236
        },
        "2008-03": {
            "month": "2008-03",
            "price": "15.02",
            "revenue": 19050
        },
        "2008-04": {
            "month": "2008-04",
            "price": "15.82",
            "revenue": 22326
        },
        "2008-05": {
            "month": "2008-05",
            "price": "15.83",
            "revenue": 15736
        },
        "2008-06": {
            "month": "2008-06",
            "price": "13.88",
            "revenue": 16975
        },
        "2008-07": {
            "month": "2008-07",
            "price": "11.58",
            "revenue": 26953
        },
        "2008-08": {
            "month": "2008-08",
            "price": "10.19",
            "revenue": 28739
        },
        "2008-09": {
            "month": "2008-09",
            "price": "6.76",
            "revenue": 9349
        },
        "2008-10": {
            "month": "2008-10",
            "price": "5.26",
            "revenue": 11855
        },
        "2008-11": {
            "month": "2008-11",
            "price": "4.61",
            "revenue": 8522
        },
        "2008-12": {
            "month": "2008-12",
            "price": "4.76",
            "revenue": 9026
        },
        "2009-01": {
            "month": "2009-01",
            "price": "4.91",
            "revenue": 2772
        },
        "2009-02": {
            "month": "2009-02",
            "price": "7.49",
            "revenue": 5424
        },
        "2009-03": {
            "month": "2009-03",
            "price": "10.06",
            "revenue": 17438
        },
        "2009-04": {
            "month": "2009-04",
            "price": "11.73",
            "revenue": 14444
        },
        "2009-05": {
            "month": "2009-05",
            "price": "13.85",
            "revenue": 15574
        },
        "2009-06": {
            "month": "2009-06",
            "price": "12.95",
            "revenue": 17209
        },
        "2009-07": {
            "month": "2009-07",
            "price": "16.13",
            "revenue": 13263
        },
        "2009-08": {
            "month": "2009-08",
            "price": "19.14",
            "revenue": 7691
        },
        "2009-09": {
            "month": "2009-09",
            "price": "18.11",
            "revenue": 4224
        },
        "2009-10": {
            "month": "2009-10",
            "price": "16.92",
            "revenue": 9501
        },
        "2009-11": {
            "month": "2009-11",
            "price": "15.01",
            "revenue": 5781
        },
        "2009-12": {
            "month": "2009-12",
            "price": "19.04",
            "revenue": 18971
        },
        "2010-01": {
            "month": "2010-01",
            "price": "19.13",
            "revenue": 10084
        },
        "2010-02": {
            "month": "2010-02",
            "price": "17.50",
            "revenue": 7444
        },
        "2010-03": {
            "month": "2010-03",
            "price": "15.80",
            "revenue": 25996
        },
        "2010-04": {
            "month": "2010-04",
            "price": "15.55",
            "revenue": 14300
        },
        "2010-05": {
            "month": "2010-05",
            "price": "13.75",
            "revenue": 11108
        },
        "2010-06": {
            "month": "2010-06",
            "price": "12.77",
            "revenue": 36260
        },
        "2010-07": {
            "month": "2010-07",
            "price": "13.18",
            "revenue": 30600
        },
        "2010-08": {
            "month": "2010-08",
            "price": "13.12",
            "revenue": 36505
        },
        "2010-09": {
            "month": "2010-09",
            "price": "12.85",
            "revenue": 33300
        },
        "2010-10": {
            "month": "2010-10",
            "price": "13.01",
            "revenue": 5854
        },
        "2010-11": {
            "month": "2010-11",
            "price": "11.47",
            "revenue": 21596
        },
        "2010-12": {
            "month": "2010-12",
            "price": "11.75",
            "revenue": 27816
        },
        "2011-01": {
            "month": "2011-01",
            "price": "12.21",
            "revenue": 15671
        },
        "2011-02": {
            "month": "2011-02",
            "price": "12.41",
            "revenue": 13769
        },
        "2011-03": {
            "month": "2011-03",
            "price": "12.11",
            "revenue": 28343
        },
        "2011-04": {
            "month": "2011-04",
            "price": "12.08",
            "revenue": 19939
        },
        "2011-05": {
            "month": "2011-05",
            "price": "11.99",
            "revenue": 15074
        },
        "2011-06": {
            "month": "2011-06",
            "price": "11.73",
            "revenue": 23270
        },
        "2011-07": {
            "month": "2011-07",
            "price": "10.61",
            "revenue": 29151
        },
        "2011-08": {
            "month": "2011-08",
            "price": "10.14",
            "revenue": 24012
        },
        "2011-09": {
            "month": "2011-09",
            "price": "9.92",
            "revenue": 27200
        },
        "2011-10": {
            "month": "2011-10",
            "price": "12.47",
            "revenue": 24548
        },
        "2011-11": {
            "month": "2011-11",
            "price": "12.84",
            "revenue": 13117
        },
        "2011-12": {
            "month": "2011-12",
            "price": "12.34",
            "revenue": 21030
        },
        "2012-01": {
            "month": "2012-01",
            "price": "12.20",
            "revenue": 3575
        },
        "2012-02": {
            "month": "2012-02",
            "price": "12.37",
            "revenue": 12760
        },
        "2012-03": {
            "month": "2012-03",
            "price": "12.02",
            "revenue": 22359
        },
        "2012-04": {
            "month": "2012-04",
            "price": "11.69",
            "revenue": 23191
        },
        "2012-05": {
            "month": "2012-05",
            "price": "10.69",
            "revenue": 31339
        },
        "2012-06": {
            "month": "2012-06",
            "price": "12.24",
            "revenue": 28671
        },
        "2012-07": {
            "month": "2012-07",
            "price": "12.45",
            "revenue": 25158
        },
        "2012-08": {
            "month": "2012-08",
            "price": "12.91",
            "revenue": 18810
        },
        "2012-09": {
            "month": "2012-09",
            "price": "16.56",
            "revenue": 17594
        },
        "2012-10": {
            "month": "2012-10",
            "price": "21.76",
            "revenue": 12582
        },
        "2012-11": {
            "month": "2012-11",
            "price": "19.66",
            "revenue": 28324
        },
        "2012-12": {
            "month": "2012-12",
            "price": "19.30",
            "revenue": 25207
        },
        "2013-01": {
            "month": "2013-01",
            "price": "17.72",
            "revenue": 3686
        },
        "2013-02": {
            "month": "2013-02",
            "price": "17.37",
            "revenue": 12676
        },
        "2013-03": {
            "month": "2013-03",
            "price": "17.39",
            "revenue": 39367
        },
        "2013-04": {
            "month": "2013-04",
            "price": "20.18",
            "revenue": 10054
        },
        "2013-05": {
            "month": "2013-05",
            "price": "22.95",
            "revenue": 5961
        },
        "2013-06": {
            "month": "2013-06",
            "price": "27.06",
            "revenue": 24103
        },
        "2013-07": {
            "month": "2013-07",
            "price": "33.34",
            "revenue": 25604
        },
        "2013-08": {
            "month": "2013-08",
            "price": "32.56",
            "revenue": 11766
        },
        "2013-09": {
            "month": "2013-09",
            "price": "32.18",
            "revenue": 17001
        },
        "2013-10": {
            "month": "2013-10",
            "price": "31.94",
            "revenue": 11676
        },
        "2013-11": {
            "month": "2013-11",
            "price": "27.09",
            "revenue": 19336
        },
        "2013-12": {
            "month": "2013-12",
            "price": "28.20",
            "revenue": 31419
        },
        "2014-01": {
            "month": "2014-01",
            "price": "28.42",
            "revenue": 5919
        },
        "2014-02": {
            "month": "2014-02",
            "price": "32.74",
            "revenue": 28703
        },
        "2014-03": {
            "month": "2014-03",
            "price": "52.61",
            "revenue": 18694
        },
        "2014-04": {
            "month": "2014-04",
            "price": "52.86",
            "revenue": 14786
        },
        "2014-05": {
            "month": "2014-05",
            "price": "47.66",
            "revenue": 19826
        },
        "2014-06": {
            "month": "2014-06",
            "price": "49.19",
            "revenue": 30332
        },
        "2014-07": {
            "month": "2014-07",
            "price": "48.90",
            "revenue": 26663
        },
        "2014-08": {
            "month": "2014-08",
            "price": "43.70",
            "revenue": 37370
        },
        "2014-09": {
            "month": "2014-09",
            "price": "41.39",
            "revenue": 30900
        },
        "2014-10": {
            "month": "2014-10",
            "price": "39.74",
            "revenue": 44920
        },
        "2014-11": {
            "month": "2014-11",
            "price": "39.77",
            "revenue": 39827
        },
        "2014-12": {
            "month": "2014-12",
            "price": "39.34",
            "revenue": 71528
        },
        "2015-01": {
            "month": "2015-01",
            "price": "40.02",
            "revenue": 41569
        },
        "2015-02": {
            "month": "2015-02",
            "price": "44.88",
            "revenue": 8587
        },
        "2015-03": {
            "month": "2015-03",
            "price": "44.07",
            "revenue": 30314
        },
        "2015-04": {
            "month": "2015-04",
            "price": "43.90",
            "revenue": 15945
        },
        "2015-05": {
            "month": "2015-05",
            "price": "42.27",
            "revenue": 25594
        },
        "2015-06": {
            "month": "2015-06",
            "price": "40.50",
            "revenue": 44725
        },
        "2015-07": {
            "month": "2015-07",
            "price": "38.74",
            "revenue": 33593
        },
        "2015-08": {
            "month": "2015-08",
            "price": "35.50",
            "revenue": 61235
        },
        "2015-09": {
            "month": "2015-09",
            "price": "38.26",
            "revenue": 75943
        },
        "2015-10": {
            "month": "2015-10",
            "price": "39.16",
            "revenue": 94533
        },
        "2015-11": {
            "month": "2015-11",
            "price": "43.02",
            "revenue": 90863
        },
        "2015-12": {
            "month": "2015-12",
            "price": "65.07",
            "revenue": 179580
        },
        "2016-01": {
            "month": "2016-01",
            "price": "69.58",
            "revenue": 101643
        },
        "2016-02": {
            "month": "2016-02",
            "price": "80.17",
            "revenue": 47585
        },
        "2016-03": {
            "month": "2016-03",
            "price": "85.71",
            "revenue": 120450
        },
        "2016-04": {
            "month": "2016-04",
            "price": "94.85",
            "revenue": 148694
        },
        "2016-05": {
            "month": "2016-05",
            "price": "93.69",
            "revenue": 139162
        },
        "2016-06": {
            "month": "2016-06",
            "price": "145.02",
            "revenue": 117932
        },
        "2016-07": {
            "month": "2016-07",
            "price": "169.87",
            "revenue": 101521
        },
        "2016-08": {
            "month": "2016-08",
            "price": "148.80",
            "revenue": 131484
        },
        "2016-09": {
            "month": "2016-09",
            "price": "135.44",
            "revenue": 112210
        },
        "2016-10": {
            "month": "2016-10",
            "price": "125.49",
            "revenue": 119118
        },
        "2016-11": {
            "month": "2016-11",
            "price": "110.54",
            "revenue": 114854
        },
        "2016-12": {
            "month": "2016-12",
            "price": "119.75",
            "revenue": 151116
        },
        "2017-01": {
            "month": "2017-01",
            "price": "120.71",
            "revenue": 88412
        },
        "2017-02": {
            "month": "2017-02",
            "price": "119.41",
            "revenue": 106339
        },
        "2017-03": {
            "month": "2017-03",
            "price": "127.33",
            "revenue": 157727
        },
        "2017-04": {
            "month": "2017-04",
            "price": "130.20",
            "revenue": 124766
        },
        "2017-05": {
            "month": "2017-05",
            "price": "170.16",
            "revenue": 132465
        },
        "2017-06": {
            "month": "2017-06",
            "price": "231.88",
            "revenue": 132290
        },
        "2017-07": {
            "month": "2017-07",
            "price": "247.35",
            "revenue": 133822
        },
        "2017-08": {
            "month": "2017-08",
            "price": "236.64",
            "revenue": 157103
        },
        "2017-09": {
            "month": "2017-09",
            "price": "204.10",
            "revenue": 160991
        },
        "2017-10": {
            "month": "2017-10",
            "price": "185.09",
            "revenue": 180466
        },
        "2017-11": {
            "month": "2017-11",
            "price": "176.73",
            "revenue": 163252
        },
        "2017-12": {
            "month": "2017-12",
            "price": "187.80",
            "revenue": 176952
        },
        "2018-01": {
            "month": "2018-01",
            "price": "208.92",
            "revenue": 189626
        },
        "2018-02": {
            "month": "2018-02",
            "price": "191.19",
            "revenue": 86309
        },
        "2018-03": {
            "month": "2018-03",
            "price": "178.99",
            "revenue": 192109
        },
        "2018-04": {
            "month": "2018-04",
            "price": "174.47",
            "revenue": 174948
        },
        "2018-05": {
            "month": "2018-05",
            "price": "178.35",
            "revenue": 159245
        },
        "2018-06": {
            "month": "2018-06",
            "price": "163.75",
            "revenue": 150809
        },
        "2018-07": {
            "month": "2018-07",
            "price": "153.99",
            "revenue": 149237
        },
        "2018-08": {
            "month": "2018-08",
            "price": "127.83",
            "revenue": 166311
        },
        "2018-09": {
            "month": "2018-09",
            "price": "99.24",
            "revenue": 176464
        },
        "2018-10": {
            "month": "2018-10",
            "price": "77.70",
            "revenue": 181803
        },
        "2018-11": {
            "month": "2018-11",
            "price": "74.35",
            "revenue": 201279
        },
        "2018-12": {
            "month": "2018-12",
            "price": "81.30",
            "revenue": 206127
        },
        "2019-01": {
            "month": "2019-01",
            "price": "79.95",
            "revenue": 114379
        },
        "2019-02": {
            "month": "2019-02",
            "price": "98.18",
            "revenue": 63736
        },
        "2019-03": {
            "month": "2019-03",
            "price": "89.96",
            "revenue": 173021
        },
        "2019-04": {
            "month": "2019-04",
            "price": "88.83",
            "revenue": 182528
        },
        "2019-05": {
            "month": "2019-05",
            "price": "77.99",
            "revenue": 217653
        },
        "2019-06": {
            "month": "2019-06",
            "price": "79.00",
            "revenue": 203030
        },
        "2019-07": {
            "month": "2019-07",
            "price": "78.30",
            "revenue": 206460
        },
        "2019-08": {
            "month": "2019-08",
            "price": "82.04",
            "revenue": 240996
        },
        "2019-09": {
            "month": "2019-09",
            "price": "97.97",
            "revenue": 214276
        },
        "2019-10": {
            "month": "2019-10",
            "price": "97.21",
            "revenue": 208415
        },
        "2019-11": {
            "month": "2019-11",
            "price": "92.60",
            "revenue": 208539
        },
        "2019-12": {
            "month": "2019-12",
            "price": "96.25",
            "revenue": 261077
        },
        "2020-01": {
            "month": "2020-01",
            "price": "107.37",
            "revenue": 180575
        },
        "2020-02": {
            "month": "2020-02",
            "price": "103.02",
            "revenue": 159608
        },
        "2020-03": {
            "month": "2020-03",
            "price": "86.35",
            "revenue": 259584
        },
        "2020-04": {
            "month": "2020-04",
            "price": "87.12",
            "revenue": 169372
        },
        "2020-05": {
            "month": "2020-05",
            "price": "83.81",
            "revenue": 174815
        },
        "2020-06": {
            "month": "2020-06",
            "price": "81.42",
            "revenue": 194904
        },
        "2020-07": {
            "month": "2020-07",
            "price": "86.76",
            "revenue": 226014
        },
        "2020-08": {
            "month": "2020-08",
            "price": "83.90",
            "revenue": 300869
        },
        "2020-09": {
            "month": "2020-09",
            "price": "85.63",
            "revenue": 401638
        },
        "2020-10": {
            "month": "2020-10",
            "price": "87.91",
            "revenue": 421313
        },
        "2020-11": {
            "month": "2020-11",
            "price": "103.75",
            "revenue": 450865
        },
        "2020-12": {
            "month": "2020-12",
            "price": "127.96",
            "revenue": 389138
        },
        "2021-01": {
            "month": "2021-01",
            "price": "120.80",
            "revenue": 354402
        },
        "2021-02": {
            "month": "2021-02",
            "price": "114.96",
            "revenue": 227411
        },
        "2021-03": {
            "month": "2021-03",
            "price": "114.70",
            "revenue": 341546
        },
        "2021-04": {
            "month": "2021-04",
            "price": "127.74",
            "revenue": 333001
        },
        "2021-05": {
            "month": "2021-05",
            "price": "103.63",
            "revenue": 355765
        },
        "2021-06": {
            "month": "2021-06",
            "price": "161.93",
            "revenue": 397370
        },
        "2021-07": {
            "month": "2021-07",
            "price": "210.95",
            "revenue": 400815
        },
        "2021-08": {
            "month": "2021-08",
            "price": "185.41",
            "revenue": 385797
        },
        "2021-09": {
            "month": "2021-09",
            "price": "154.30",
            "revenue": 327238
        },
        "2021-10": {
            "month": "2021-10",
            "price": "137.25",
            "revenue": 277400
        },
        "2021-11": {
            "month": "2021-11",
            "price": "142.80",
            "revenue": 303844
        },
        "2021-12": {
            "month": "2021-12",
            "price": "138.36",
            "revenue": 291907
        },
        "2022-01": {
            "month": "2022-01",
            "price": "122.86",
            "revenue": 196419
        },
        "2022-02": {
            "month": "2022-02",
            "price": "112.30",
            "revenue": 181302
        },
        "2022-03": {
            "month": "2022-03",
            "price": "102.01",
            "revenue": 304417
        },
        "2022-04": {
            "month": "2022-04",
            "price": "115.46",
            "revenue": 269871
        },
        "2022-05": {
            "month": "2022-05",
            "price": "122.05",
            "revenue": 171644
        },
        "2022-06": {
            "month": "2022-06",
            "price": "104.32",
            "revenue": 131414
        },
        "2022-07": {
            "month": "2022-07",
            "price": "86.65",
            "revenue": 134294
        },
        "2022-08": {
            "month": "2022-08",
            "price": "89.08",
            "revenue": 125098
        },
        "2022-09": {
            "month": "2022-09",
            "price": "80.77",
            "revenue": 91145
        },
        "2022-10": {
            "month": "2022-10",
            "price": "68.44",
            "revenue": 100693
        },
        "2022-11": {
            "month": "2022-11",
            "price": "74.68",
            "revenue": 121155
        },
        "2022-12": {
            "month": "2022-12",
            "price": "75.83",
            "revenue": 201638
        },
        "2023-01": {
            "month": "2023-01",
            "price": "77.63",
            "revenue": 140051
        },
        "2023-02": {
            "month": "2023-02",
            "price": "84.72",
            "revenue": 122618
        },
        "2023-03": {
            "month": "2023-03",
            "price": "85.36",
            "revenue": 155749
        },
        "2023-04": {
            "month": "2023-04",
            "price": "84.52",
            "revenue": 146005
        },
        "2023-05": {
            "month": "2023-05",
            "price": "78.88",
            "revenue": 136585
        },
        "2023-06": {
            "month": "2023-06",
            "price": "79.80",
            "revenue": 99126
        },
        "2023-07": {
            "month": "2023-07",
            "price": "74.61",
            "revenue": 111124
        },
        "2023-08": {
            "month": "2023-08",
            "price": "71.92",
            "revenue": 146729
        },
        "2023-09": {
            "month": "2023-09",
            "price": "74.34",
            "revenue": 166523
        },
        "2023-10": {
            "month": "2023-10",
            "price": "88.12",
            "revenue": 112482
        },
        "2023-11": {
            "month": "2023-11",
            "price": "99.34",
            "revenue": 151618
        },
        "2023-12": {
            "month": "2023-12",
            "price": "103.53",
            "revenue": 174889
        }
    }
}
