{
    "summary": {
        "stock_name": "先益",
        "stock_id": "3531",
        "category": "光電",
        "main_business": "LED中小尺寸背光模組<br>發光二極體指示燈、顯示器<br>其他電子產品(LED應用燈組、紅外線發射二極體...)",
        "website_url": "http://www.shianyih.com",
        "ceo": "姚百舟",
        "pe_ratio": 11,
        "report_year_from": 2006,
        "report_year_to": 2023,
        "age": 17,
        "eps_negative_percentage": 12,
        "eps_growth_avg": {
            "last_all": 16.32,
            "last_2y": 33.66,
            "last_4y": 23.22,
            "last_8y": 21.49,
            "last_12y": 16.23,
            "last_16y": null,
            "last_20y": null,
            "at_2006_last_3y": null,
            "at_2007_last_3y": null,
            "at_2008_last_3y": null,
            "at_2009_last_3y": null,
            "at_2010_last_3y": 13.06,
            "at_2011_last_3y": -12.21,
            "at_2012_last_3y": 8.53,
            "at_2013_last_3y": 4.39,
            "at_2014_last_3y": -16.89,
            "at_2015_last_3y": -21.35,
            "at_2016_last_3y": -0.12,
            "at_2017_last_3y": 19.34,
            "at_2018_last_3y": 27.67,
            "at_2019_last_3y": 48.58,
            "at_2020_last_3y": 7.75,
            "at_2021_last_3y": 4.02,
            "at_2022_last_3y": 41.43,
            "at_2023_last_3y": 41.43,
            "at_2006_last_all": null,
            "at_2007_last_all": null,
            "at_2008_last_all": 16.05,
            "at_2009_last_all": 16.68,
            "at_2010_last_all": 13.06,
            "at_2011_last_all": 10.23,
            "at_2012_last_all": 11.04,
            "at_2013_last_all": 9.66,
            "at_2014_last_all": -1.92,
            "at_2015_last_all": -3.81,
            "at_2016_last_all": 6.57,
            "at_2017_last_all": 13.18,
            "at_2018_last_all": 7.94,
            "at_2019_last_all": 12.31,
            "at_2020_last_all": 6.91,
            "at_2021_last_all": 10.74,
            "at_2022_last_all": 16.32,
            "at_2023_last_all": 16.32
        },
        "latest_eps": 2.4,
        "latest_price": 27.05,
        "latest_roe": 8.26,
        "latest_gross_margin": 14.36,
        "latest_equity": 1774672,
        "latest_revenue": 457030,
        "latest_gross_profit": 65625,
        "latest_net_income": -210,
        "latest_debt_ratio": 32.96,
        "latest_current_ratio": 266.16,
        "latest_account_receivable_turnover_ratio": 0.76,
        "latest_inventory_turnover_ratio": 1.07,
        "latest_reinvestment_rate": -10.81,
        "latest_research_to_sale_ratio": 3.61
    },
    "eps_dividends": {
        "2001": {
            "cash": 0,
            "stock": 0,
            "eps": 0
        },
        "2002": {
            "cash": 0,
            "stock": 0,
            "eps": 0
        },
        "2003": {
            "cash": 0,
            "stock": 0,
            "eps": 0
        },
        "2004": {
            "cash": 0,
            "stock": 0,
            "eps": 0
        },
        "2005": {
            "cash": 0,
            "stock": 0,
            "eps": 0
        },
        "2006": {
            "cash": 0,
            "stock": 0,
            "eps": 2.38
        },
        "2007": {
            "cash": 3,
            "stock": 0,
            "eps": 4.86
        },
        "2008": {
            "cash": 3,
            "stock": 0,
            "eps": 1.56
        },
        "2009": {
            "cash": 2,
            "stock": 0,
            "eps": 1.84
        },
        "2010": {
            "cash": 2,
            "stock": 0,
            "eps": 1.88
        },
        "2011": {
            "cash": 1,
            "stock": 0,
            "eps": 1.86
        },
        "2012": {
            "cash": 1,
            "stock": 0,
            "eps": 2.14
        },
        "2013": {
            "cash": 2,
            "stock": 0,
            "eps": 2.17
        },
        "2014": {
            "cash": 2,
            "stock": 0,
            "eps": 0.37
        },
        "2015": {
            "cash": 2,
            "stock": 0,
            "eps": 0.3
        },
        "2016": {
            "cash": 0,
            "stock": 0,
            "eps": 1.54
        },
        "2017": {
            "cash": 1,
            "stock": 0,
            "eps": 2.76
        },
        "2018": {
            "cash": 2,
            "stock": 0,
            "eps": 1.39
        },
        "2019": {
            "cash": 1,
            "stock": 0,
            "eps": 2.29
        },
        "2020": {
            "cash": 2,
            "stock": 0,
            "eps": 0.84
        },
        "2021": {
            "cash": 1,
            "stock": 0,
            "eps": 1.38
        },
        "2022": {
            "cash": 1,
            "stock": 0,
            "eps": 3.03
        },
        "2023": {
            "cash": 2,
            "stock": 0,
            "eps": 0.02
        }
    },
    "dividends": {
        "2007-03-28": {
            "cash": 3,
            "stock": 0
        },
        "2008-03-31": {
            "cash": 3.2,
            "stock": 0
        },
        "2009-03-23": {
            "cash": 1.5,
            "stock": 0
        },
        "2010-03-25": {
            "cash": 1.65,
            "stock": 0
        },
        "2011-03-23": {
            "cash": 1.2,
            "stock": 0
        },
        "2012-06-13": {
            "cash": 1.2,
            "stock": 0
        },
        "2013-06-14": {
            "cash": 1.7,
            "stock": 0
        },
        "2014-06-20": {
            "cash": 1.8,
            "stock": 0
        },
        "2015-08-28": {
            "cash": 1.5,
            "stock": 0
        },
        "2016-08-26": {
            "cash": 0.25,
            "stock": 0
        },
        "2017-08-28": {
            "cash": 1.1,
            "stock": 0
        },
        "2018-08-28": {
            "cash": 2,
            "stock": 0
        },
        "2019-08-26": {
            "cash": 1.2,
            "stock": 0
        },
        "2020-08-26": {
            "cash": 1.8,
            "stock": 0
        },
        "2021-09-27": {
            "cash": 1,
            "stock": 0
        },
        "2022-08-26": {
            "cash": 1.2,
            "stock": 0
        },
        "2023-03-15": {
            "cash": 2,
            "stock": 0
        }
    },
    "prices": {
        "200101": "無",
        "200102": "無",
        "200103": "無",
        "200104": "無",
        "200105": "無",
        "200106": "無",
        "200107": "無",
        "200108": "無",
        "200109": "無",
        "200110": "無",
        "200111": "無",
        "200112": "無",
        "200201": "無",
        "200202": "無",
        "200203": "無",
        "200204": "無",
        "200205": "無",
        "200206": "無",
        "200207": "無",
        "200208": "無",
        "200209": "無",
        "200210": "無",
        "200211": "無",
        "200212": "無",
        "200301": "無",
        "200302": "無",
        "200303": "無",
        "200304": "無",
        "200305": "無",
        "200306": "無",
        "200307": "無",
        "200308": "無",
        "200309": "無",
        "200310": "無",
        "200311": "無",
        "200312": "無",
        "200401": "無",
        "200402": "無",
        "200403": "無",
        "200404": "無",
        "200405": "無",
        "200406": "無",
        "200407": "無",
        "200408": "無",
        "200409": "無",
        "200410": "無",
        "200411": "無",
        "200412": "無",
        "200501": "無",
        "200502": "無",
        "200503": "無",
        "200504": "無",
        "200505": "無",
        "200506": "無",
        "200507": "無",
        "200508": "無",
        "200509": "無",
        "200510": "無",
        "200511": "無",
        "200512": "無",
        "200601": "無",
        "200602": "無",
        "200603": "無",
        "200604": "無",
        "200605": "無",
        "200606": "無",
        "200607": "無",
        "200608": "無",
        "200609": "無",
        "200610": "無",
        "200611": "無",
        "200612": "46.54",
        "200701": "42.43",
        "200702": "40.38",
        "200703": "41.24",
        "200704": "42.76",
        "200705": "50.75",
        "200706": "81.30",
        "200707": "81.59",
        "200708": "70.02",
        "200709": "71.74",
        "200710": "70.89",
        "200711": "69.05",
        "200712": "58.66",
        "200801": "54.55",
        "200802": "49.07",
        "200803": "49.80",
        "200804": "55.13",
        "200805": "59.25",
        "200806": "49.26",
        "200807": "35.06",
        "200808": "33.80",
        "200809": "28.93",
        "200810": "21.22",
        "200811": "17.98",
        "200812": "18.13",
        "200901": "17.20",
        "200902": "17.01",
        "200903": "21.45",
        "200904": "24.51",
        "200905": "26.31",
        "200906": "28.64",
        "200907": "27.03",
        "200908": "27.57",
        "200909": "30.32",
        "200910": "33.99",
        "200911": "32.15",
        "200912": "39.57",
        "201001": "39.46",
        "201002": "33.76",
        "201003": "36.36",
        "201004": "37.15",
        "201005": "32.34",
        "201006": "30.31",
        "201007": "30.41",
        "201008": "30.44",
        "201009": "30.26",
        "201010": "35.07",
        "201011": "29.99",
        "201012": "30.25",
        "201101": "29.80",
        "201102": "28.18",
        "201103": "27.22",
        "201104": "26.03",
        "201105": "25.08",
        "201106": "27.49",
        "201107": "25.10",
        "201108": "21.08",
        "201109": "21.79",
        "201110": "20.56",
        "201111": "19.90",
        "201112": "19.09",
        "201201": "18.93",
        "201202": "22.16",
        "201203": "22.85",
        "201204": "20.20",
        "201205": "19.98",
        "201206": "19.17",
        "201207": "17.88",
        "201208": "20.08",
        "201209": "23.18",
        "201210": "21.64",
        "201211": "20.98",
        "201212": "20.78",
        "201301": "20.56",
        "201302": "20.90",
        "201303": "24.95",
        "201304": "26.36",
        "201305": "26.30",
        "201306": "26.04",
        "201307": "25.22",
        "201308": "24.51",
        "201309": "23.66",
        "201310": "23.63",
        "201311": "23.00",
        "201312": "23.93",
        "201401": "26.78",
        "201402": "26.31",
        "201403": "27.79",
        "201404": "28.67",
        "201405": "25.08",
        "201406": "24.25",
        "201407": "23.93",
        "201408": "22.24",
        "201409": "22.08",
        "201410": "21.74",
        "201411": "21.27",
        "201412": "20.73",
        "201501": "20.66",
        "201502": "20.53",
        "201503": "20.60",
        "201504": "20.77",
        "201505": "19.42",
        "201506": "17.98",
        "201507": "17.32",
        "201508": "14.58",
        "201509": "15.52",
        "201510": "15.95",
        "201511": "15.23",
        "201512": "13.38",
        "201601": "13.13",
        "201602": "13.74",
        "201603": "14.61",
        "201604": "13.74",
        "201605": "13.70",
        "201606": "15.61",
        "201607": "16.10",
        "201608": "17.69",
        "201609": "17.41",
        "201610": "18.07",
        "201611": "17.57",
        "201612": "17.72",
        "201701": "18.65",
        "201702": "20.01",
        "201703": "21.83",
        "201704": "23.01",
        "201705": "26.16",
        "201706": "26.75",
        "201707": "27.90",
        "201708": "29.48",
        "201709": "31.62",
        "201710": "31.13",
        "201711": "28.69",
        "201712": "27.95",
        "201801": "28.37",
        "201802": "28.00",
        "201803": "27.34",
        "201804": "26.78",
        "201805": "25.26",
        "201806": "25.08",
        "201807": "24.51",
        "201808": "21.24",
        "201809": "20.99",
        "201810": "19.72",
        "201811": "19.75",
        "201812": "19.94",
        "201901": "20.10",
        "201902": "20.65",
        "201903": "21.33",
        "201904": "21.84",
        "201905": "21.82",
        "201906": "21.86",
        "201907": "22.95",
        "201908": "22.64",
        "201909": "23.17",
        "201910": "22.80",
        "201911": "22.87",
        "201912": "23.15",
        "202001": "23.84",
        "202002": "22.33",
        "202003": "20.99",
        "202004": "22.52",
        "202005": "23.50",
        "202006": "23.38",
        "202007": "23.53",
        "202008": "21.52",
        "202009": "21.16",
        "202010": "21.21",
        "202011": "21.52",
        "202012": "21.59",
        "202101": "20.96",
        "202102": "21.18",
        "202103": "22.53",
        "202104": "24.59",
        "202105": "23.65",
        "202106": "22.81",
        "202107": "23.28",
        "202108": "22.57",
        "202109": "21.57",
        "202110": "22.03",
        "202111": "22.03",
        "202112": "21.91",
        "202201": "22.28",
        "202202": "21.90",
        "202203": "22.05",
        "202204": "22.77",
        "202205": "22.76",
        "202206": "24.20",
        "202207": "22.50",
        "202208": "27.20",
        "202209": "26.22",
        "202210": "26.51",
        "202211": "27.27",
        "202212": "26.77",
        "202301": "26.48",
        "202302": "27.19",
        "202303": "28.06",
        "202304": "28.06",
        "202305": "27.63"
    },
    "quarters": {
        "20011": {
            "year_quarter": 20011,
            "year": 2001,
            "quarter": 1,
            "eps": null,
            "eps_growth_year": null,
            "eps_4q": null,
            "eps_4q_growth_year": null,
            "roe": null,
            "gross_profit": null,
            "gross_margin": null,
            "net_income": null,
            "revenue": null,
            "common_shares": null,
            "equity": null,
            "current_ratio": null,
            "debt_ratio": null,
            "inventory_turnover_ratio": null,
            "account_receivable_turnover_ratio": null,
            "reinvestment_rate": null,
            "research_to_sale_ratio": null,
            "price_fair": 0,
            "eps_avg_yearly": 0,
            "eps_latest_yearly": 0,
            "eps_growth_yearly": 0
        },
        "20012": {
            "year_quarter": 20012,
            "year": 2001,
            "quarter": 2,
            "eps": null,
            "eps_growth_year": null,
            "eps_4q": null,
            "eps_4q_growth_year": null,
            "roe": null,
            "gross_profit": null,
            "gross_margin": null,
            "net_income": null,
            "revenue": null,
            "common_shares": null,
            "equity": null,
            "current_ratio": null,
            "debt_ratio": null,
            "inventory_turnover_ratio": null,
            "account_receivable_turnover_ratio": null,
            "reinvestment_rate": null,
            "research_to_sale_ratio": null,
            "price_fair": 0,
            "eps_avg_yearly": 0,
            "eps_latest_yearly": 0,
            "eps_growth_yearly": 0
        },
        "20013": {
            "year_quarter": 20013,
            "year": 2001,
            "quarter": 3,
            "eps": null,
            "eps_growth_year": null,
            "eps_4q": null,
            "eps_4q_growth_year": null,
            "roe": null,
            "gross_profit": null,
            "gross_margin": null,
            "net_income": null,
            "revenue": null,
            "common_shares": null,
            "equity": null,
            "current_ratio": null,
            "debt_ratio": null,
            "inventory_turnover_ratio": null,
            "account_receivable_turnover_ratio": null,
            "reinvestment_rate": null,
            "research_to_sale_ratio": null,
            "price_fair": 0,
            "eps_avg_yearly": 0,
            "eps_latest_yearly": 0,
            "eps_growth_yearly": 0
        },
        "20014": {
            "year_quarter": 20014,
            "year": 2001,
            "quarter": 4,
            "eps": null,
            "eps_growth_year": null,
            "eps_4q": null,
            "eps_4q_growth_year": null,
            "roe": null,
            "gross_profit": null,
            "gross_margin": null,
            "net_income": null,
            "revenue": null,
            "common_shares": 28800,
            "equity": 37415,
            "current_ratio": 158.53,
            "debt_ratio": 53.72,
            "inventory_turnover_ratio": null,
            "account_receivable_turnover_ratio": null,
            "reinvestment_rate": null,
            "research_to_sale_ratio": null,
            "price_fair": 0,
            "eps_avg_yearly": 0,
            "eps_latest_yearly": 0,
            "eps_growth_yearly": 0
        },
        "20021": {
            "year_quarter": 20021,
            "year": 2002,
            "quarter": 1,
            "eps": null,
            "eps_growth_year": null,
            "eps_4q": null,
            "eps_4q_growth_year": null,
            "roe": null,
            "gross_profit": null,
            "gross_margin": null,
            "net_income": null,
            "revenue": null,
            "common_shares": null,
            "equity": null,
            "current_ratio": null,
            "debt_ratio": null,
            "inventory_turnover_ratio": null,
            "account_receivable_turnover_ratio": null,
            "reinvestment_rate": null,
            "research_to_sale_ratio": null,
            "price_fair": 0,
            "eps_avg_yearly": 0,
            "eps_latest_yearly": 0,
            "eps_growth_yearly": 0
        },
        "20022": {
            "year_quarter": 20022,
            "year": 2002,
            "quarter": 2,
            "eps": null,
            "eps_growth_year": null,
            "eps_4q": null,
            "eps_4q_growth_year": null,
            "roe": null,
            "gross_profit": null,
            "gross_margin": null,
            "net_income": null,
            "revenue": null,
            "common_shares": null,
            "equity": null,
            "current_ratio": null,
            "debt_ratio": null,
            "inventory_turnover_ratio": null,
            "account_receivable_turnover_ratio": null,
            "reinvestment_rate": null,
            "research_to_sale_ratio": null,
            "price_fair": 0,
            "eps_avg_yearly": 0,
            "eps_latest_yearly": 0,
            "eps_growth_yearly": 0
        },
        "20023": {
            "year_quarter": 20023,
            "year": 2002,
            "quarter": 3,
            "eps": null,
            "eps_growth_year": null,
            "eps_4q": null,
            "eps_4q_growth_year": null,
            "roe": null,
            "gross_profit": null,
            "gross_margin": null,
            "net_income": null,
            "revenue": null,
            "common_shares": null,
            "equity": null,
            "current_ratio": null,
            "debt_ratio": null,
            "inventory_turnover_ratio": null,
            "account_receivable_turnover_ratio": null,
            "reinvestment_rate": null,
            "research_to_sale_ratio": null,
            "price_fair": 0,
            "eps_avg_yearly": 0,
            "eps_latest_yearly": 0,
            "eps_growth_yearly": 0
        },
        "20024": {
            "year_quarter": 20024,
            "year": 2002,
            "quarter": 4,
            "eps": null,
            "eps_growth_year": null,
            "eps_4q": null,
            "eps_4q_growth_year": null,
            "roe": null,
            "gross_profit": null,
            "gross_margin": null,
            "net_income": null,
            "revenue": null,
            "common_shares": 28800,
            "equity": 41617,
            "current_ratio": 150.74,
            "debt_ratio": 74.34,
            "inventory_turnover_ratio": null,
            "account_receivable_turnover_ratio": null,
            "reinvestment_rate": null,
            "research_to_sale_ratio": null,
            "price_fair": 0,
            "eps_avg_yearly": 0,
            "eps_latest_yearly": 0,
            "eps_growth_yearly": 0
        },
        "20031": {
            "year_quarter": 20031,
            "year": 2003,
            "quarter": 1,
            "eps": null,
            "eps_growth_year": null,
            "eps_4q": null,
            "eps_4q_growth_year": null,
            "roe": null,
            "gross_profit": null,
            "gross_margin": null,
            "net_income": null,
            "revenue": null,
            "common_shares": null,
            "equity": null,
            "current_ratio": null,
            "debt_ratio": null,
            "inventory_turnover_ratio": null,
            "account_receivable_turnover_ratio": null,
            "reinvestment_rate": null,
            "research_to_sale_ratio": null,
            "price_fair": 0,
            "eps_avg_yearly": 0,
            "eps_latest_yearly": 0,
            "eps_growth_yearly": 0
        },
        "20032": {
            "year_quarter": 20032,
            "year": 2003,
            "quarter": 2,
            "eps": null,
            "eps_growth_year": null,
            "eps_4q": null,
            "eps_4q_growth_year": null,
            "roe": null,
            "gross_profit": null,
            "gross_margin": null,
            "net_income": null,
            "revenue": null,
            "common_shares": null,
            "equity": null,
            "current_ratio": null,
            "debt_ratio": null,
            "inventory_turnover_ratio": null,
            "account_receivable_turnover_ratio": null,
            "reinvestment_rate": null,
            "research_to_sale_ratio": null,
            "price_fair": 0,
            "eps_avg_yearly": 0,
            "eps_latest_yearly": 0,
            "eps_growth_yearly": 0
        },
        "20033": {
            "year_quarter": 20033,
            "year": 2003,
            "quarter": 3,
            "eps": null,
            "eps_growth_year": null,
            "eps_4q": null,
            "eps_4q_growth_year": null,
            "roe": null,
            "gross_profit": null,
            "gross_margin": null,
            "net_income": null,
            "revenue": null,
            "common_shares": null,
            "equity": null,
            "current_ratio": null,
            "debt_ratio": null,
            "inventory_turnover_ratio": null,
            "account_receivable_turnover_ratio": null,
            "reinvestment_rate": null,
            "research_to_sale_ratio": null,
            "price_fair": 0,
            "eps_avg_yearly": 0,
            "eps_latest_yearly": 0,
            "eps_growth_yearly": 0
        },
        "20034": {
            "year_quarter": 20034,
            "year": 2003,
            "quarter": 4,
            "eps": null,
            "eps_growth_year": null,
            "eps_4q": null,
            "eps_4q_growth_year": null,
            "roe": null,
            "gross_profit": null,
            "gross_margin": null,
            "net_income": null,
            "revenue": null,
            "common_shares": 28800,
            "equity": 43512,
            "current_ratio": 119.59,
            "debt_ratio": 86.81,
            "inventory_turnover_ratio": null,
            "account_receivable_turnover_ratio": null,
            "reinvestment_rate": null,
            "research_to_sale_ratio": null,
            "price_fair": 0,
            "eps_avg_yearly": 0,
            "eps_latest_yearly": 0,
            "eps_growth_yearly": 0
        },
        "20041": {
            "year_quarter": 20041,
            "year": 2004,
            "quarter": 1,
            "eps": null,
            "eps_growth_year": null,
            "eps_4q": null,
            "eps_4q_growth_year": null,
            "roe": null,
            "gross_profit": null,
            "gross_margin": null,
            "net_income": null,
            "revenue": null,
            "common_shares": null,
            "equity": null,
            "current_ratio": null,
            "debt_ratio": null,
            "inventory_turnover_ratio": null,
            "account_receivable_turnover_ratio": null,
            "reinvestment_rate": null,
            "research_to_sale_ratio": null,
            "price_fair": 0,
            "eps_avg_yearly": 0,
            "eps_latest_yearly": 0,
            "eps_growth_yearly": 0
        },
        "20042": {
            "year_quarter": 20042,
            "year": 2004,
            "quarter": 2,
            "eps": null,
            "eps_growth_year": null,
            "eps_4q": null,
            "eps_4q_growth_year": null,
            "roe": null,
            "gross_profit": null,
            "gross_margin": null,
            "net_income": null,
            "revenue": null,
            "common_shares": null,
            "equity": null,
            "current_ratio": null,
            "debt_ratio": null,
            "inventory_turnover_ratio": null,
            "account_receivable_turnover_ratio": null,
            "reinvestment_rate": null,
            "research_to_sale_ratio": null,
            "price_fair": 0,
            "eps_avg_yearly": 0,
            "eps_latest_yearly": 0,
            "eps_growth_yearly": 0
        },
        "20043": {
            "year_quarter": 20043,
            "year": 2004,
            "quarter": 3,
            "eps": null,
            "eps_growth_year": null,
            "eps_4q": null,
            "eps_4q_growth_year": null,
            "roe": null,
            "gross_profit": null,
            "gross_margin": null,
            "net_income": null,
            "revenue": null,
            "common_shares": null,
            "equity": null,
            "current_ratio": null,
            "debt_ratio": null,
            "inventory_turnover_ratio": null,
            "account_receivable_turnover_ratio": null,
            "reinvestment_rate": null,
            "research_to_sale_ratio": null,
            "price_fair": 0,
            "eps_avg_yearly": 0,
            "eps_latest_yearly": 0,
            "eps_growth_yearly": 0
        },
        "20044": {
            "year_quarter": 20044,
            "year": 2004,
            "quarter": 4,
            "eps": null,
            "eps_growth_year": null,
            "eps_4q": null,
            "eps_4q_growth_year": null,
            "roe": null,
            "gross_profit": null,
            "gross_margin": null,
            "net_income": null,
            "revenue": null,
            "common_shares": 28800,
            "equity": 597802,
            "current_ratio": 237.32,
            "debt_ratio": 19.27,
            "inventory_turnover_ratio": null,
            "account_receivable_turnover_ratio": null,
            "reinvestment_rate": null,
            "research_to_sale_ratio": null,
            "price_fair": 0,
            "eps_avg_yearly": 0,
            "eps_latest_yearly": 0,
            "eps_growth_yearly": 0
        },
        "20051": {
            "year_quarter": 20051,
            "year": 2005,
            "quarter": 1,
            "eps": null,
            "eps_growth_year": null,
            "eps_4q": null,
            "eps_4q_growth_year": null,
            "roe": null,
            "gross_profit": null,
            "gross_margin": null,
            "net_income": null,
            "revenue": null,
            "common_shares": null,
            "equity": null,
            "current_ratio": null,
            "debt_ratio": null,
            "inventory_turnover_ratio": null,
            "account_receivable_turnover_ratio": null,
            "reinvestment_rate": null,
            "research_to_sale_ratio": null,
            "price_fair": 0,
            "eps_avg_yearly": 0,
            "eps_latest_yearly": 0,
            "eps_growth_yearly": 0
        },
        "20052": {
            "year_quarter": 20052,
            "year": 2005,
            "quarter": 2,
            "eps": null,
            "eps_growth_year": null,
            "eps_4q": null,
            "eps_4q_growth_year": null,
            "roe": null,
            "gross_profit": null,
            "gross_margin": null,
            "net_income": null,
            "revenue": null,
            "common_shares": null,
            "equity": null,
            "current_ratio": null,
            "debt_ratio": null,
            "inventory_turnover_ratio": null,
            "account_receivable_turnover_ratio": null,
            "reinvestment_rate": null,
            "research_to_sale_ratio": null,
            "price_fair": 0,
            "eps_avg_yearly": 0,
            "eps_latest_yearly": 0,
            "eps_growth_yearly": 0
        },
        "20053": {
            "year_quarter": 20053,
            "year": 2005,
            "quarter": 3,
            "eps": null,
            "eps_growth_year": null,
            "eps_4q": null,
            "eps_4q_growth_year": null,
            "roe": null,
            "gross_profit": null,
            "gross_margin": null,
            "net_income": null,
            "revenue": null,
            "common_shares": null,
            "equity": null,
            "current_ratio": null,
            "debt_ratio": null,
            "inventory_turnover_ratio": null,
            "account_receivable_turnover_ratio": null,
            "reinvestment_rate": null,
            "research_to_sale_ratio": null,
            "price_fair": 0,
            "eps_avg_yearly": 0,
            "eps_latest_yearly": 0,
            "eps_growth_yearly": 0
        },
        "20054": {
            "year_quarter": 20054,
            "year": 2005,
            "quarter": 4,
            "eps": null,
            "eps_growth_year": null,
            "eps_4q": null,
            "eps_4q_growth_year": null,
            "roe": null,
            "gross_profit": null,
            "gross_margin": null,
            "net_income": null,
            "revenue": null,
            "common_shares": 328800,
            "equity": 1285599,
            "current_ratio": 317.19,
            "debt_ratio": 28.7,
            "inventory_turnover_ratio": null,
            "account_receivable_turnover_ratio": null,
            "reinvestment_rate": null,
            "research_to_sale_ratio": null,
            "price_fair": 0,
            "eps_avg_yearly": 0,
            "eps_latest_yearly": 0,
            "eps_growth_yearly": 0
        },
        "20061": {
            "year_quarter": 20061,
            "year": 2006,
            "quarter": 1,
            "eps": null,
            "eps_growth_year": null,
            "eps_4q": null,
            "eps_4q_growth_year": null,
            "roe": null,
            "gross_profit": null,
            "gross_margin": null,
            "net_income": null,
            "revenue": null,
            "common_shares": null,
            "equity": null,
            "current_ratio": null,
            "debt_ratio": null,
            "inventory_turnover_ratio": null,
            "account_receivable_turnover_ratio": null,
            "reinvestment_rate": null,
            "research_to_sale_ratio": null,
            "price_fair": 0,
            "eps_avg_yearly": 0,
            "eps_latest_yearly": 0,
            "eps_growth_yearly": 0
        },
        "20062": {
            "year_quarter": 20062,
            "year": 2006,
            "quarter": 2,
            "eps": null,
            "eps_growth_year": null,
            "eps_4q": null,
            "eps_4q_growth_year": null,
            "roe": null,
            "gross_profit": null,
            "gross_margin": null,
            "net_income": null,
            "revenue": null,
            "common_shares": null,
            "equity": null,
            "current_ratio": null,
            "debt_ratio": null,
            "inventory_turnover_ratio": null,
            "account_receivable_turnover_ratio": null,
            "reinvestment_rate": null,
            "research_to_sale_ratio": null,
            "price_fair": 0,
            "eps_avg_yearly": 0,
            "eps_latest_yearly": 0,
            "eps_growth_yearly": 0
        },
        "20063": {
            "year_quarter": 20063,
            "year": 2006,
            "quarter": 3,
            "eps": 1.35,
            "eps_growth_year": null,
            "eps_4q": null,
            "eps_4q_growth_year": null,
            "roe": 4.31,
            "gross_profit": 28029,
            "gross_margin": 18.28,
            "net_income": 60483,
            "revenue": 153368,
            "common_shares": 524690,
            "equity": 1403756,
            "current_ratio": 183.56,
            "debt_ratio": 15.13,
            "inventory_turnover_ratio": 27.52,
            "account_receivable_turnover_ratio": null,
            "reinvestment_rate": null,
            "research_to_sale_ratio": null,
            "price_fair": 0,
            "eps_avg_yearly": 0,
            "eps_latest_yearly": 0,
            "eps_growth_yearly": 0
        },
        "20064": {
            "year_quarter": 20064,
            "year": 2006,
            "quarter": 4,
            "eps": 1.03,
            "eps_growth_year": null,
            "eps_4q": null,
            "eps_4q_growth_year": null,
            "roe": 3.37,
            "gross_profit": 31077,
            "gross_margin": 17.66,
            "net_income": 48084,
            "revenue": 175926,
            "common_shares": 524690,
            "equity": 1451840,
            "current_ratio": 351.6,
            "debt_ratio": 24.97,
            "inventory_turnover_ratio": 1.49,
            "account_receivable_turnover_ratio": null,
            "reinvestment_rate": null,
            "research_to_sale_ratio": null,
            "price_fair": 12.36,
            "eps_avg_yearly": 4.12,
            "eps_latest_yearly": 4.12,
            "eps_growth_yearly": -94.81
        },
        "20071": {
            "year_quarter": 20071,
            "year": 2007,
            "quarter": 1,
            "eps": 1.58,
            "eps_growth_year": null,
            "eps_4q": null,
            "eps_4q_growth_year": null,
            "roe": 5.55,
            "gross_profit": 38808,
            "gross_margin": 17.93,
            "net_income": 82863,
            "revenue": 216383,
            "common_shares": 524690,
            "equity": 1534703,
            "current_ratio": 188.66,
            "debt_ratio": 16.35,
            "inventory_turnover_ratio": 1.84,
            "account_receivable_turnover_ratio": null,
            "reinvestment_rate": null,
            "research_to_sale_ratio": null,
            "price_fair": 182.7,
            "eps_avg_yearly": 5.22,
            "eps_latest_yearly": 6.32,
            "eps_growth_yearly": 59.39
        },
        "20072": {
            "year_quarter": 20072,
            "year": 2007,
            "quarter": 2,
            "eps": 1.35,
            "eps_growth_year": null,
            "eps_4q": 5,
            "eps_4q_growth_year": null,
            "roe": 4.78,
            "gross_profit": 47162,
            "gross_margin": 17.32,
            "net_income": 70813,
            "revenue": 272254,
            "common_shares": 524690,
            "equity": 1430076,
            "current_ratio": 137,
            "debt_ratio": 28.07,
            "inventory_turnover_ratio": 83.99,
            "account_receivable_turnover_ratio": null,
            "reinvestment_rate": null,
            "research_to_sale_ratio": null,
            "price_fair": 159.37,
            "eps_avg_yearly": 5.28,
            "eps_latest_yearly": 5.4,
            "eps_growth_yearly": 20.18
        },
        "20073": {
            "year_quarter": 20073,
            "year": 2007,
            "quarter": 3,
            "eps": 0.83,
            "eps_growth_year": -38.52,
            "eps_4q": 4.66,
            "eps_4q_growth_year": null,
            "roe": 3.01,
            "gross_profit": 54436,
            "gross_margin": 15.99,
            "net_income": 43754,
            "revenue": 340415,
            "common_shares": 524690,
            "equity": 1473868,
            "current_ratio": 146.36,
            "debt_ratio": 23.01,
            "inventory_turnover_ratio": 103.22,
            "account_receivable_turnover_ratio": null,
            "reinvestment_rate": null,
            "research_to_sale_ratio": null,
            "price_fair": 14.37,
            "eps_avg_yearly": 4.79,
            "eps_latest_yearly": 3.32,
            "eps_growth_yearly": -23.38
        },
        "20074": {
            "year_quarter": 20074,
            "year": 2007,
            "quarter": 4,
            "eps": 1.1,
            "eps_growth_year": 6.8,
            "eps_4q": 4.87,
            "eps_4q_growth_year": null,
            "roe": 3.84,
            "gross_profit": 59267,
            "gross_margin": 15.05,
            "net_income": 57669,
            "revenue": 393869,
            "common_shares": 524690,
            "equity": 1532139,
            "current_ratio": 340.27,
            "debt_ratio": 27.06,
            "inventory_turnover_ratio": 3.26,
            "account_receivable_turnover_ratio": null,
            "reinvestment_rate": null,
            "research_to_sale_ratio": null,
            "price_fair": 81.61,
            "eps_avg_yearly": 4.71,
            "eps_latest_yearly": 4.4,
            "eps_growth_yearly": 7.32
        },
        "20081": {
            "year_quarter": 20081,
            "year": 2008,
            "quarter": 1,
            "eps": 0.43,
            "eps_growth_year": -72.78,
            "eps_4q": 3.7,
            "eps_4q_growth_year": null,
            "roe": 1.48,
            "gross_profit": 88977,
            "gross_margin": 19.38,
            "net_income": 22658,
            "revenue": 459156,
            "common_shares": 524690,
            "equity": 1539610,
            "current_ratio": 426.09,
            "debt_ratio": 21.27,
            "inventory_turnover_ratio": 2.01,
            "account_receivable_turnover_ratio": null,
            "reinvestment_rate": null,
            "research_to_sale_ratio": null,
            "price_fair": 12.64,
            "eps_avg_yearly": 4.21,
            "eps_latest_yearly": 1.72,
            "eps_growth_yearly": -34.51
        },
        "20082": {
            "year_quarter": 20082,
            "year": 2008,
            "quarter": 2,
            "eps": 0.29,
            "eps_growth_year": -78.52,
            "eps_4q": 2.44,
            "eps_4q_growth_year": -51.27,
            "roe": 1.07,
            "gross_profit": 73872,
            "gross_margin": 16.83,
            "net_income": 16766,
            "revenue": 438802,
            "common_shares": 594650,
            "equity": 1597756,
            "current_ratio": 326.08,
            "debt_ratio": 27.42,
            "inventory_turnover_ratio": 1.89,
            "account_receivable_turnover_ratio": null,
            "reinvestment_rate": null,
            "research_to_sale_ratio": null,
            "price_fair": 11.33,
            "eps_avg_yearly": 3.78,
            "eps_latest_yearly": 1.16,
            "eps_growth_yearly": -48.18
        },
        "20083": {
            "year_quarter": 20083,
            "year": 2008,
            "quarter": 3,
            "eps": 0.62,
            "eps_growth_year": -25.3,
            "eps_4q": 2.31,
            "eps_4q_growth_year": -50.43,
            "roe": 2.17,
            "gross_profit": 100436,
            "gross_margin": 18.47,
            "net_income": 35650,
            "revenue": 543712,
            "common_shares": 594650,
            "equity": 1688682,
            "current_ratio": 394.51,
            "debt_ratio": 22.8,
            "inventory_turnover_ratio": 2.09,
            "account_receivable_turnover_ratio": null,
            "reinvestment_rate": null,
            "research_to_sale_ratio": null,
            "price_fair": 89.43,
            "eps_avg_yearly": 3.62,
            "eps_latest_yearly": 2.48,
            "eps_growth_yearly": 14.74
        },
        "20084": {
            "year_quarter": 20084,
            "year": 2008,
            "quarter": 4,
            "eps": 0.22,
            "eps_growth_year": -80,
            "eps_4q": 1.53,
            "eps_4q_growth_year": -68.64,
            "roe": 0.74,
            "gross_profit": 48104,
            "gross_margin": 11.12,
            "net_income": 12649,
            "revenue": 432489,
            "common_shares": 594650,
            "equity": 1720143,
            "current_ratio": 501.42,
            "debt_ratio": 18.12,
            "inventory_turnover_ratio": 2.25,
            "account_receivable_turnover_ratio": 1.4,
            "reinvestment_rate": null,
            "research_to_sale_ratio": null,
            "price_fair": 9.93,
            "eps_avg_yearly": 3.31,
            "eps_latest_yearly": 0.88,
            "eps_growth_yearly": -15.57
        },
        "20091": {
            "year_quarter": 20091,
            "year": 2009,
            "quarter": 1,
            "eps": 0.14,
            "eps_growth_year": -67.44,
            "eps_4q": 1.26,
            "eps_4q_growth_year": -65.9,
            "roe": 0.47,
            "gross_profit": 47160,
            "gross_margin": 15.13,
            "net_income": 8124,
            "revenue": 311748,
            "common_shares": 594650,
            "equity": 1761522,
            "current_ratio": 527.01,
            "debt_ratio": 17.73,
            "inventory_turnover_ratio": 1.98,
            "account_receivable_turnover_ratio": 0.6,
            "reinvestment_rate": null,
            "research_to_sale_ratio": null,
            "price_fair": 9.11,
            "eps_avg_yearly": 3.04,
            "eps_latest_yearly": 0.56,
            "eps_growth_yearly": -28.56
        },
        "20092": {
            "year_quarter": 20092,
            "year": 2009,
            "quarter": 2,
            "eps": 0.33,
            "eps_growth_year": 13.79,
            "eps_4q": 1.28,
            "eps_4q_growth_year": -47.28,
            "roe": 1.14,
            "gross_profit": 70584,
            "gross_margin": 18.67,
            "net_income": 19512,
            "revenue": 378021,
            "common_shares": 594650,
            "equity": 1659462,
            "current_ratio": 376.2,
            "debt_ratio": 23.14,
            "inventory_turnover_ratio": 2.34,
            "account_receivable_turnover_ratio": 0.83,
            "reinvestment_rate": null,
            "research_to_sale_ratio": null,
            "price_fair": 96.15,
            "eps_avg_yearly": 2.88,
            "eps_latest_yearly": 1.32,
            "eps_growth_yearly": 23.39
        },
        "20093": {
            "year_quarter": 20093,
            "year": 2009,
            "quarter": 3,
            "eps": 0.85,
            "eps_growth_year": 37.1,
            "eps_4q": 1.53,
            "eps_4q_growth_year": -33.78,
            "roe": 3.01,
            "gross_profit": 123309,
            "gross_margin": 22.24,
            "net_income": 50442,
            "revenue": 554417,
            "common_shares": 598980,
            "equity": 1696588,
            "current_ratio": 362.23,
            "debt_ratio": 24.28,
            "inventory_turnover_ratio": 3.09,
            "account_receivable_turnover_ratio": 0.95,
            "reinvestment_rate": null,
            "research_to_sale_ratio": null,
            "price_fair": 102.32,
            "eps_avg_yearly": 2.92,
            "eps_latest_yearly": 3.4,
            "eps_growth_yearly": 73.96
        },
        "20094": {
            "year_quarter": 20094,
            "year": 2009,
            "quarter": 4,
            "eps": 0.52,
            "eps_growth_year": 136.36,
            "eps_4q": 1.81,
            "eps_4q_growth_year": 18.9,
            "roe": 1.81,
            "gross_profit": 95081,
            "gross_margin": 20.89,
            "net_income": 30930,
            "revenue": 455073,
            "common_shares": 600890,
            "equity": 1725117,
            "current_ratio": 408.34,
            "debt_ratio": 21.43,
            "inventory_turnover_ratio": 2.21,
            "account_receivable_turnover_ratio": 1.41,
            "reinvestment_rate": null,
            "research_to_sale_ratio": null,
            "price_fair": 100.05,
            "eps_avg_yearly": 2.86,
            "eps_latest_yearly": 2.08,
            "eps_growth_yearly": 56.33
        },
        "20101": {
            "year_quarter": 20101,
            "year": 2010,
            "quarter": 1,
            "eps": 0.4,
            "eps_growth_year": 185.71,
            "eps_4q": 2.08,
            "eps_4q_growth_year": 64.52,
            "roe": 1.38,
            "gross_profit": 87053,
            "gross_margin": 18.99,
            "net_income": 23867,
            "revenue": 458357,
            "common_shares": 601000,
            "equity": 1742830,
            "current_ratio": 409.97,
            "debt_ratio": 21.39,
            "inventory_turnover_ratio": 1.99,
            "account_receivable_turnover_ratio": 0.75,
            "reinvestment_rate": null,
            "research_to_sale_ratio": 4.65,
            "price_fair": 96.9,
            "eps_avg_yearly": 2.77,
            "eps_latest_yearly": 1.6,
            "eps_growth_yearly": 45.71
        },
        "20102": {
            "year_quarter": 20102,
            "year": 2010,
            "quarter": 2,
            "eps": 0.92,
            "eps_growth_year": 177.49,
            "eps_4q": 2.66,
            "eps_4q_growth_year": 107.49,
            "roe": 3.19,
            "gross_profit": 117215,
            "gross_margin": 20.51,
            "net_income": 55099,
            "revenue": 571497,
            "common_shares": 601700,
            "equity": 1713163,
            "current_ratio": 289.93,
            "debt_ratio": 29.3,
            "inventory_turnover_ratio": 2.1,
            "account_receivable_turnover_ratio": 0.88,
            "reinvestment_rate": 298.41,
            "research_to_sale_ratio": 4.21,
            "price_fair": 99.03,
            "eps_avg_yearly": 2.83,
            "eps_latest_yearly": 3.68,
            "eps_growth_yearly": 77.33
        },
        "20103": {
            "year_quarter": 20103,
            "year": 2010,
            "quarter": 3,
            "eps": 0.44,
            "eps_growth_year": -48.73,
            "eps_4q": 2.26,
            "eps_4q_growth_year": 47.67,
            "roe": 1.54,
            "gross_profit": 102480,
            "gross_margin": 17.17,
            "net_income": 26287,
            "revenue": 596784,
            "common_shares": 603190,
            "equity": 1711879,
            "current_ratio": 333.83,
            "debt_ratio": 28.96,
            "inventory_turnover_ratio": 2.14,
            "account_receivable_turnover_ratio": 0.8,
            "reinvestment_rate": 304.21,
            "research_to_sale_ratio": 4.14,
            "price_fair": 96.69,
            "eps_avg_yearly": 2.76,
            "eps_latest_yearly": 1.76,
            "eps_growth_yearly": 59.45
        },
        "20104": {
            "year_quarter": 20104,
            "year": 2010,
            "quarter": 4,
            "eps": 0.12,
            "eps_growth_year": -77.15,
            "eps_4q": 1.86,
            "eps_4q_growth_year": 2.56,
            "roe": 0.43,
            "gross_profit": 83072,
            "gross_margin": 15.65,
            "net_income": 7181,
            "revenue": 530689,
            "common_shares": 604325,
            "equity": 1644921,
            "current_ratio": 334.62,
            "debt_ratio": 27.58,
            "inventory_turnover_ratio": 2.07,
            "account_receivable_turnover_ratio": 0.73,
            "reinvestment_rate": 269.15,
            "research_to_sale_ratio": 4.04,
            "price_fair": 88.73,
            "eps_avg_yearly": 2.54,
            "eps_latest_yearly": 0.48,
            "eps_growth_yearly": 47.2
        },
        "20111": {
            "year_quarter": 20111,
            "year": 2011,
            "quarter": 1,
            "eps": 0.31,
            "eps_growth_year": -22.5,
            "eps_4q": 1.78,
            "eps_4q_growth_year": -14.39,
            "roe": 1.13,
            "gross_profit": 81771,
            "gross_margin": 15.64,
            "net_income": 18797,
            "revenue": 522846,
            "common_shares": 604385,
            "equity": 1675134,
            "current_ratio": 318.73,
            "debt_ratio": 28.78,
            "inventory_turnover_ratio": 2.08,
            "account_receivable_turnover_ratio": 0.76,
            "reinvestment_rate": 358.46,
            "research_to_sale_ratio": 4.24,
            "price_fair": 77.61,
            "eps_avg_yearly": 2.22,
            "eps_latest_yearly": 1.24,
            "eps_growth_yearly": 73.43
        },
        "20112": {
            "year_quarter": 20112,
            "year": 2011,
            "quarter": 2,
            "eps": 0.59,
            "eps_growth_year": -35.32,
            "eps_4q": 1.46,
            "eps_4q_growth_year": -45.32,
            "roe": 2.18,
            "gross_profit": 110462,
            "gross_margin": 16.13,
            "net_income": 35798,
            "revenue": 684818,
            "common_shares": 604385,
            "equity": 1615393,
            "current_ratio": 224.94,
            "debt_ratio": 37.21,
            "inventory_turnover_ratio": 2.42,
            "account_receivable_turnover_ratio": 0.89,
            "reinvestment_rate": 403.06,
            "research_to_sale_ratio": 2.56,
            "price_fair": 70.96,
            "eps_avg_yearly": 2.03,
            "eps_latest_yearly": 2.36,
            "eps_growth_yearly": 99.65
        },
        "20113": {
            "year_quarter": 20113,
            "year": 2011,
            "quarter": 3,
            "eps": 0.57,
            "eps_growth_year": 31.61,
            "eps_4q": 1.59,
            "eps_4q_growth_year": -29.56,
            "roe": 2.09,
            "gross_profit": 98968,
            "gross_margin": 14.34,
            "net_income": 34849,
            "revenue": 689976,
            "common_shares": 607580,
            "equity": 1725022,
            "current_ratio": 242.53,
            "debt_ratio": 34.75,
            "inventory_turnover_ratio": 2.5,
            "account_receivable_turnover_ratio": 0.74,
            "reinvestment_rate": 437.83,
            "research_to_sale_ratio": 2.94,
            "price_fair": 68.69,
            "eps_avg_yearly": 1.96,
            "eps_latest_yearly": 2.28,
            "eps_growth_yearly": 108.43
        },
        "20114": {
            "year_quarter": 20114,
            "year": 2011,
            "quarter": 4,
            "eps": 0.39,
            "eps_growth_year": 226.38,
            "eps_4q": 1.86,
            "eps_4q_growth_year": -0.03,
            "roe": 1.36,
            "gross_profit": 81906,
            "gross_margin": 13.46,
            "net_income": 23565,
            "revenue": 608485,
            "common_shares": 607610,
            "equity": 1745082,
            "current_ratio": 272.35,
            "debt_ratio": 32.34,
            "inventory_turnover_ratio": 2.67,
            "account_receivable_turnover_ratio": 0.64,
            "reinvestment_rate": 405.48,
            "research_to_sale_ratio": 2.45,
            "price_fair": 62.48,
            "eps_avg_yearly": 1.79,
            "eps_latest_yearly": 1.56,
            "eps_growth_yearly": 92.41
        },
        "20121": {
            "year_quarter": 20121,
            "year": 2012,
            "quarter": 1,
            "eps": 0.52,
            "eps_growth_year": 67.74,
            "eps_4q": 2.06,
            "eps_4q_growth_year": 15.85,
            "roe": 1.8,
            "gross_profit": 100522,
            "gross_margin": 17.75,
            "net_income": 31396,
            "revenue": 566184,
            "common_shares": 610325,
            "equity": 1751715,
            "current_ratio": 286.12,
            "debt_ratio": 31.02,
            "inventory_turnover_ratio": 2.53,
            "account_receivable_turnover_ratio": 0.66,
            "reinvestment_rate": 395.68,
            "research_to_sale_ratio": 3.37,
            "price_fair": 63.26,
            "eps_avg_yearly": 1.81,
            "eps_latest_yearly": 2.08,
            "eps_growth_yearly": 115.97
        },
        "20122": {
            "year_quarter": 20122,
            "year": 2012,
            "quarter": 2,
            "eps": 0.54,
            "eps_growth_year": -9.18,
            "eps_4q": 2.01,
            "eps_4q_growth_year": 37.68,
            "roe": 1.89,
            "gross_profit": 101410,
            "gross_margin": 18.02,
            "net_income": 32909,
            "revenue": 562683,
            "common_shares": 611750,
            "equity": 1726113,
            "current_ratio": 264.23,
            "debt_ratio": 33.4,
            "inventory_turnover_ratio": 2.44,
            "account_receivable_turnover_ratio": 0.69,
            "reinvestment_rate": 386.38,
            "research_to_sale_ratio": 2.82,
            "price_fair": 65.45,
            "eps_avg_yearly": 1.87,
            "eps_latest_yearly": 2.16,
            "eps_growth_yearly": 125.07
        },
        "20123": {
            "year_quarter": 20123,
            "year": 2012,
            "quarter": 3,
            "eps": 0.66,
            "eps_growth_year": 15.03,
            "eps_4q": 2.1,
            "eps_4q_growth_year": 31.81,
            "roe": 2.33,
            "gross_profit": 112114,
            "gross_margin": 17.68,
            "net_income": 40361,
            "revenue": 634133,
            "common_shares": 611750,
            "equity": 1745319,
            "current_ratio": 286.21,
            "debt_ratio": 31.19,
            "inventory_turnover_ratio": 2.7,
            "account_receivable_turnover_ratio": 0.8,
            "reinvestment_rate": 366.22,
            "research_to_sale_ratio": 3.76,
            "price_fair": 65.8,
            "eps_avg_yearly": 1.88,
            "eps_latest_yearly": 2.64,
            "eps_growth_yearly": 102.17
        },
        "20124": {
            "year_quarter": 20124,
            "year": 2012,
            "quarter": 4,
            "eps": 0.42,
            "eps_growth_year": 8.69,
            "eps_4q": 2.13,
            "eps_4q_growth_year": 14.65,
            "roe": 1.41,
            "gross_profit": 85634,
            "gross_margin": 17.13,
            "net_income": 24658,
            "revenue": 500045,
            "common_shares": 611750,
            "equity": 1747858,
            "current_ratio": 378.83,
            "debt_ratio": 25.39,
            "inventory_turnover_ratio": 2.34,
            "account_receivable_turnover_ratio": 0.67,
            "reinvestment_rate": 346.37,
            "research_to_sale_ratio": 2.52,
            "price_fair": 67.55,
            "eps_avg_yearly": 1.93,
            "eps_latest_yearly": 1.68,
            "eps_growth_yearly": 109.21
        },
        "20131": {
            "year_quarter": 20131,
            "year": 2013,
            "quarter": 1,
            "eps": 0.48,
            "eps_growth_year": -7.69,
            "eps_4q": 2.1,
            "eps_4q_growth_year": 1.94,
            "roe": 1.6,
            "gross_profit": 78346,
            "gross_margin": 16.24,
            "net_income": 28360,
            "revenue": 482319,
            "common_shares": 611750,
            "equity": 1798274,
            "current_ratio": 357.11,
            "debt_ratio": 26.88,
            "inventory_turnover_ratio": 2.59,
            "account_receivable_turnover_ratio": 0.72,
            "reinvestment_rate": 21.21,
            "research_to_sale_ratio": 2.59,
            "price_fair": 70.53,
            "eps_avg_yearly": 2.02,
            "eps_latest_yearly": 1.92,
            "eps_growth_yearly": 121.87
        },
        "20132": {
            "year_quarter": 20132,
            "year": 2013,
            "quarter": 2,
            "eps": 0.49,
            "eps_growth_year": -8.91,
            "eps_4q": 2.05,
            "eps_4q_growth_year": 2.09,
            "roe": 1.63,
            "gross_profit": 91323,
            "gross_margin": 17.79,
            "net_income": 28885,
            "revenue": 513284,
            "common_shares": 611750,
            "equity": 1737837,
            "current_ratio": 304.86,
            "debt_ratio": 30.18,
            "inventory_turnover_ratio": 2.93,
            "account_receivable_turnover_ratio": 0.79,
            "reinvestment_rate": 24,
            "research_to_sale_ratio": 3.19,
            "price_fair": 71.93,
            "eps_avg_yearly": 2.06,
            "eps_latest_yearly": 1.96,
            "eps_growth_yearly": 88.47
        },
        "20133": {
            "year_quarter": 20133,
            "year": 2013,
            "quarter": 3,
            "eps": 0.53,
            "eps_growth_year": -19.67,
            "eps_4q": 1.92,
            "eps_4q_growth_year": -8.47,
            "roe": 1.8,
            "gross_profit": 103076,
            "gross_margin": 20.2,
            "net_income": 31349,
            "revenue": 510151,
            "common_shares": 611750,
            "equity": 1747505,
            "current_ratio": 356.84,
            "debt_ratio": 26.17,
            "inventory_turnover_ratio": 2.91,
            "account_receivable_turnover_ratio": 0.81,
            "reinvestment_rate": 29.53,
            "research_to_sale_ratio": 3.58,
            "price_fair": 69.13,
            "eps_avg_yearly": 1.98,
            "eps_latest_yearly": 2.12,
            "eps_growth_yearly": 51.11
        },
        "20134": {
            "year_quarter": 20134,
            "year": 2013,
            "quarter": 4,
            "eps": 0.67,
            "eps_growth_year": 59.02,
            "eps_4q": 2.17,
            "eps_4q_growth_year": 1.64,
            "roe": 2.25,
            "gross_profit": 95894,
            "gross_margin": 19.9,
            "net_income": 40028,
            "revenue": 481861,
            "common_shares": 611750,
            "equity": 1812137,
            "current_ratio": 351.57,
            "debt_ratio": 26.21,
            "inventory_turnover_ratio": 2.77,
            "account_receivable_turnover_ratio": 0.84,
            "reinvestment_rate": -256.06,
            "research_to_sale_ratio": 4.6,
            "price_fair": 70.44,
            "eps_avg_yearly": 2.01,
            "eps_latest_yearly": 2.68,
            "eps_growth_yearly": 67.42
        },
        "20141": {
            "year_quarter": 20141,
            "year": 2014,
            "quarter": 1,
            "eps": -0.06,
            "eps_growth_year": -112.5,
            "eps_4q": 1.63,
            "eps_4q_growth_year": -22.36,
            "roe": -0.2,
            "gross_profit": 69797,
            "gross_margin": 14.55,
            "net_income": -3708,
            "revenue": 479624,
            "common_shares": 611750,
            "equity": 1828614,
            "current_ratio": 290.23,
            "debt_ratio": 29.78,
            "inventory_turnover_ratio": 2.83,
            "account_receivable_turnover_ratio": 0.89,
            "reinvestment_rate": -267.58,
            "research_to_sale_ratio": 5.53,
            "price_fair": 71.4,
            "eps_avg_yearly": 2.04,
            "eps_latest_yearly": 2.68,
            "eps_growth_yearly": 78.07
        },
        "20142": {
            "year_quarter": 20142,
            "year": 2014,
            "quarter": 2,
            "eps": 0.22,
            "eps_growth_year": -55.1,
            "eps_4q": 1.36,
            "eps_4q_growth_year": -33.71,
            "roe": 0.75,
            "gross_profit": 91881,
            "gross_margin": 18.44,
            "net_income": 13251,
            "revenue": 498184,
            "common_shares": 611750,
            "equity": 1700388,
            "current_ratio": 248.91,
            "debt_ratio": 33.49,
            "inventory_turnover_ratio": 2.59,
            "account_receivable_turnover_ratio": 0.92,
            "reinvestment_rate": -309.76,
            "research_to_sale_ratio": 5.32,
            "price_fair": 67.3,
            "eps_avg_yearly": 1.92,
            "eps_latest_yearly": 2.68,
            "eps_growth_yearly": 46.51
        },
        "20143": {
            "year_quarter": 20143,
            "year": 2014,
            "quarter": 3,
            "eps": 0.32,
            "eps_growth_year": -39.62,
            "eps_4q": 1.15,
            "eps_4q_growth_year": -40.04,
            "roe": 1.15,
            "gross_profit": 99858,
            "gross_margin": 18.55,
            "net_income": 19787,
            "revenue": 538368,
            "common_shares": 611750,
            "equity": 1755408,
            "current_ratio": 241.23,
            "debt_ratio": 33.96,
            "inventory_turnover_ratio": 2.29,
            "account_receivable_turnover_ratio": 0.89,
            "reinvestment_rate": -309.16,
            "research_to_sale_ratio": 5.13,
            "price_fair": 66.1,
            "eps_avg_yearly": 1.89,
            "eps_latest_yearly": 1.28,
            "eps_growth_yearly": 74.4
        },
        "20144": {
            "year_quarter": 20144,
            "year": 2014,
            "quarter": 4,
            "eps": -0.11,
            "eps_growth_year": -115.79,
            "eps_4q": 0.37,
            "eps_4q_growth_year": -82.73,
            "roe": -0.36,
            "gross_profit": 59969,
            "gross_margin": 13.55,
            "net_income": -6471,
            "revenue": 442489,
            "common_shares": 611750,
            "equity": 1804616,
            "current_ratio": 250.69,
            "debt_ratio": 32.73,
            "inventory_turnover_ratio": 1.8,
            "account_receivable_turnover_ratio": 0.67,
            "reinvestment_rate": -302.25,
            "research_to_sale_ratio": 5.8,
            "price_fair": 69.89,
            "eps_avg_yearly": 2,
            "eps_latest_yearly": 1.28,
            "eps_growth_yearly": 102.5
        },
        "20151": {
            "year_quarter": 20151,
            "year": 2015,
            "quarter": 1,
            "eps": -0.01,
            "eps_growth_year": null,
            "eps_4q": 0.43,
            "eps_4q_growth_year": -73.73,
            "roe": -0.02,
            "gross_profit": 68540,
            "gross_margin": 15.9,
            "net_income": -385,
            "revenue": 431091,
            "common_shares": 611750,
            "equity": 1786395,
            "current_ratio": 279.3,
            "debt_ratio": 29.53,
            "inventory_turnover_ratio": 1.97,
            "account_receivable_turnover_ratio": 0.71,
            "reinvestment_rate": -330.57,
            "research_to_sale_ratio": 5.84,
            "price_fair": 72.1,
            "eps_avg_yearly": 2.06,
            "eps_latest_yearly": 1.28,
            "eps_growth_yearly": 58.26
        },
        "20152": {
            "year_quarter": 20152,
            "year": 2015,
            "quarter": 2,
            "eps": -0.04,
            "eps_growth_year": -118.18,
            "eps_4q": 0.17,
            "eps_4q_growth_year": -87.45,
            "roe": -0.15,
            "gross_profit": 68280,
            "gross_margin": 15.83,
            "net_income": -2509,
            "revenue": 431337,
            "common_shares": 611750,
            "equity": 1668737,
            "current_ratio": 255.08,
            "debt_ratio": 32.03,
            "inventory_turnover_ratio": 2.29,
            "account_receivable_turnover_ratio": 0.79,
            "reinvestment_rate": -399.4,
            "research_to_sale_ratio": 6.64,
            "price_fair": 71.15,
            "eps_avg_yearly": 2.03,
            "eps_latest_yearly": 1.28,
            "eps_growth_yearly": 30.72
        },
        "20153": {
            "year_quarter": 20153,
            "year": 2015,
            "quarter": 3,
            "eps": 0.14,
            "eps_growth_year": -56.25,
            "eps_4q": -0.02,
            "eps_4q_growth_year": -101.45,
            "roe": 0.49,
            "gross_profit": 84993,
            "gross_margin": 18.21,
            "net_income": 8350,
            "revenue": 466770,
            "common_shares": 611750,
            "equity": 1766283,
            "current_ratio": 227.22,
            "debt_ratio": 36.44,
            "inventory_turnover_ratio": 2.44,
            "account_receivable_turnover_ratio": 0.78,
            "reinvestment_rate": -473.21,
            "research_to_sale_ratio": 5.57,
            "price_fair": 70.28,
            "eps_avg_yearly": 2.01,
            "eps_latest_yearly": 1.28,
            "eps_growth_yearly": 35.14
        },
        "20154": {
            "year_quarter": 20154,
            "year": 2015,
            "quarter": 4,
            "eps": 0.21,
            "eps_growth_year": null,
            "eps_4q": 0.3,
            "eps_4q_growth_year": -18.79,
            "roe": 0.74,
            "gross_profit": 83701,
            "gross_margin": 19.68,
            "net_income": 13135,
            "revenue": 425288,
            "common_shares": 611750,
            "equity": 1765032,
            "current_ratio": 309.25,
            "debt_ratio": 26.82,
            "inventory_turnover_ratio": 2.09,
            "account_receivable_turnover_ratio": 0.71,
            "reinvestment_rate": -491.2,
            "research_to_sale_ratio": 5.26,
            "price_fair": 67.76,
            "eps_avg_yearly": 1.94,
            "eps_latest_yearly": 0.84,
            "eps_growth_yearly": 67.78
        },
        "20161": {
            "year_quarter": 20161,
            "year": 2016,
            "quarter": 1,
            "eps": 0.16,
            "eps_growth_year": null,
            "eps_4q": 0.47,
            "eps_4q_growth_year": 10.18,
            "roe": 0.56,
            "gross_profit": 72748,
            "gross_margin": 19.15,
            "net_income": 9868,
            "revenue": 379901,
            "common_shares": 611750,
            "equity": 1746744,
            "current_ratio": 344.87,
            "debt_ratio": 24.36,
            "inventory_turnover_ratio": 1.95,
            "account_receivable_turnover_ratio": 0.74,
            "reinvestment_rate": -527.49,
            "research_to_sale_ratio": 5.56,
            "price_fair": 62.72,
            "eps_avg_yearly": 1.79,
            "eps_latest_yearly": 0.64,
            "eps_growth_yearly": 44.92
        },
        "20162": {
            "year_quarter": 20162,
            "year": 2016,
            "quarter": 2,
            "eps": 0.25,
            "eps_growth_year": null,
            "eps_4q": 0.77,
            "eps_4q_growth_year": 350.1,
            "roe": 0.89,
            "gross_profit": 92946,
            "gross_margin": 21.25,
            "net_income": 15538,
            "revenue": 437432,
            "common_shares": 611750,
            "equity": 1739016,
            "current_ratio": 346.31,
            "debt_ratio": 24.66,
            "inventory_turnover_ratio": 2.31,
            "account_receivable_turnover_ratio": 0.91,
            "reinvestment_rate": -587.46,
            "research_to_sale_ratio": 4.56,
            "price_fair": 58.66,
            "eps_avg_yearly": 1.68,
            "eps_latest_yearly": 1,
            "eps_growth_yearly": 65.88
        },
        "20163": {
            "year_quarter": 20163,
            "year": 2016,
            "quarter": 3,
            "eps": 0.59,
            "eps_growth_year": 321.43,
            "eps_4q": 1.22,
            "eps_4q_growth_year": null,
            "roe": 2.07,
            "gross_profit": 119361,
            "gross_margin": 25.35,
            "net_income": 35974,
            "revenue": 470866,
            "common_shares": 611750,
            "equity": 1729168,
            "current_ratio": 325.8,
            "debt_ratio": 26.64,
            "inventory_turnover_ratio": 2.34,
            "account_receivable_turnover_ratio": 0.91,
            "reinvestment_rate": -607.63,
            "research_to_sale_ratio": 4.75,
            "price_fair": 57.68,
            "eps_avg_yearly": 1.65,
            "eps_latest_yearly": 2.36,
            "eps_growth_yearly": 111.39
        },
        "20164": {
            "year_quarter": 20164,
            "year": 2016,
            "quarter": 4,
            "eps": 0.54,
            "eps_growth_year": 153.09,
            "eps_4q": 1.55,
            "eps_4q_growth_year": 408.98,
            "roe": 1.9,
            "gross_profit": 108242,
            "gross_margin": 25.65,
            "net_income": 33244,
            "revenue": 422067,
            "common_shares": 611750,
            "equity": 1778999,
            "current_ratio": 320.5,
            "debt_ratio": 27.63,
            "inventory_turnover_ratio": 1.81,
            "account_receivable_turnover_ratio": 0.76,
            "reinvestment_rate": -599.5,
            "research_to_sale_ratio": 3.84,
            "price_fair": 59.36,
            "eps_avg_yearly": 1.7,
            "eps_latest_yearly": 2.16,
            "eps_growth_yearly": 122.55
        },
        "20171": {
            "year_quarter": 20171,
            "year": 2017,
            "quarter": 1,
            "eps": 0.45,
            "eps_growth_year": 181.25,
            "eps_4q": 1.83,
            "eps_4q_growth_year": 288.68,
            "roe": 1.48,
            "gross_profit": 114132,
            "gross_margin": 25.35,
            "net_income": 26057,
            "revenue": 450184,
            "common_shares": 611750,
            "equity": 1747179,
            "current_ratio": 344.83,
            "debt_ratio": 25.98,
            "inventory_turnover_ratio": 1.77,
            "account_receivable_turnover_ratio": 0.81,
            "reinvestment_rate": -55.09,
            "research_to_sale_ratio": 4.36,
            "price_fair": 58.94,
            "eps_avg_yearly": 1.68,
            "eps_latest_yearly": 1.8,
            "eps_growth_yearly": 110.17
        },
        "20172": {
            "year_quarter": 20172,
            "year": 2017,
            "quarter": 2,
            "eps": 0.85,
            "eps_growth_year": 240,
            "eps_4q": 2.43,
            "eps_4q_growth_year": 216.76,
            "roe": 2.88,
            "gross_profit": 121334,
            "gross_margin": 24.46,
            "net_income": 50167,
            "revenue": 496014,
            "common_shares": 611750,
            "equity": 1741654,
            "current_ratio": 316.21,
            "debt_ratio": 28.3,
            "inventory_turnover_ratio": 1.99,
            "account_receivable_turnover_ratio": 0.89,
            "reinvestment_rate": -50.13,
            "research_to_sale_ratio": 3.94,
            "price_fair": 63.98,
            "eps_avg_yearly": 1.83,
            "eps_latest_yearly": 3.4,
            "eps_growth_yearly": 144.89
        },
        "20173": {
            "year_quarter": 20173,
            "year": 2017,
            "quarter": 3,
            "eps": 0.85,
            "eps_growth_year": 44.07,
            "eps_4q": 2.69,
            "eps_4q_growth_year": 121.12,
            "roe": 2.83,
            "gross_profit": 126186,
            "gross_margin": 23.98,
            "net_income": 50553,
            "revenue": 526252,
            "common_shares": 611750,
            "equity": 1824768,
            "current_ratio": 321.37,
            "debt_ratio": 28.08,
            "inventory_turnover_ratio": 2.07,
            "account_receivable_turnover_ratio": 0.87,
            "reinvestment_rate": -43.53,
            "research_to_sale_ratio": 3.84,
            "price_fair": 68.46,
            "eps_avg_yearly": 1.96,
            "eps_latest_yearly": 3.4,
            "eps_growth_yearly": 141.62
        },
        "20174": {
            "year_quarter": 20174,
            "year": 2017,
            "quarter": 4,
            "eps": 0.61,
            "eps_growth_year": 12.96,
            "eps_4q": 2.76,
            "eps_4q_growth_year": 78.68,
            "roe": 1.92,
            "gross_profit": 116289,
            "gross_margin": 24.35,
            "net_income": 35344,
            "revenue": 477488,
            "common_shares": 611750,
            "equity": 1847681,
            "current_ratio": 304.75,
            "debt_ratio": 28.25,
            "inventory_turnover_ratio": 1.72,
            "account_receivable_turnover_ratio": 0.78,
            "reinvestment_rate": -45.06,
            "research_to_sale_ratio": 4.56,
            "price_fair": 67.62,
            "eps_avg_yearly": 1.93,
            "eps_latest_yearly": 2.44,
            "eps_growth_yearly": 119.76
        },
        "20181": {
            "year_quarter": 20181,
            "year": 2018,
            "quarter": 1,
            "eps": 0.11,
            "eps_growth_year": -75.56,
            "eps_4q": 2.42,
            "eps_4q_growth_year": 32.16,
            "roe": 0.26,
            "gross_profit": 79591,
            "gross_margin": 18.97,
            "net_income": 4783,
            "revenue": 419476,
            "common_shares": 611750,
            "equity": 1838888,
            "current_ratio": 322.9,
            "debt_ratio": 26.65,
            "inventory_turnover_ratio": 1.47,
            "account_receivable_turnover_ratio": 0.76,
            "reinvestment_rate": -66.77,
            "research_to_sale_ratio": 4.92,
            "price_fair": 62.87,
            "eps_avg_yearly": 1.8,
            "eps_latest_yearly": 0.44,
            "eps_growth_yearly": 79.07
        },
        "20182": {
            "year_quarter": 20182,
            "year": 2018,
            "quarter": 2,
            "eps": 0.39,
            "eps_growth_year": -54.12,
            "eps_4q": 1.97,
            "eps_4q_growth_year": -18.96,
            "roe": 1.23,
            "gross_profit": 84521,
            "gross_margin": 18.21,
            "net_income": 22114,
            "revenue": 464021,
            "common_shares": 611750,
            "equity": 1764307,
            "current_ratio": 304.15,
            "debt_ratio": 28.3,
            "inventory_turnover_ratio": 1.64,
            "account_receivable_turnover_ratio": 0.9,
            "reinvestment_rate": -71.82,
            "research_to_sale_ratio": 4.33,
            "price_fair": 62.18,
            "eps_avg_yearly": 1.78,
            "eps_latest_yearly": 1.56,
            "eps_growth_yearly": 157.33
        },
        "20183": {
            "year_quarter": 20183,
            "year": 2018,
            "quarter": 3,
            "eps": 0.42,
            "eps_growth_year": -50.59,
            "eps_4q": 1.53,
            "eps_4q_growth_year": -43.17,
            "roe": 1.33,
            "gross_profit": 110333,
            "gross_margin": 22.23,
            "net_income": 23444,
            "revenue": 496360,
            "common_shares": 611750,
            "equity": 1773657,
            "current_ratio": 320.83,
            "debt_ratio": 26.96,
            "inventory_turnover_ratio": 1.69,
            "account_receivable_turnover_ratio": 0.9,
            "reinvestment_rate": -77.51,
            "research_to_sale_ratio": 4.35,
            "price_fair": 63.35,
            "eps_avg_yearly": 1.81,
            "eps_latest_yearly": 1.68,
            "eps_growth_yearly": 144.74
        },
        "20184": {
            "year_quarter": 20184,
            "year": 2018,
            "quarter": 4,
            "eps": 0.47,
            "eps_growth_year": -24.22,
            "eps_4q": 1.38,
            "eps_4q_growth_year": -50,
            "roe": 1.47,
            "gross_profit": 99227,
            "gross_margin": 21.41,
            "net_income": 26464,
            "revenue": 463520,
            "common_shares": 611750,
            "equity": 1820990,
            "current_ratio": 353.54,
            "debt_ratio": 24.65,
            "inventory_turnover_ratio": 1.51,
            "account_receivable_turnover_ratio": 0.85,
            "reinvestment_rate": -71.34,
            "research_to_sale_ratio": 4.52,
            "price_fair": 63.54,
            "eps_avg_yearly": 1.82,
            "eps_latest_yearly": 1.88,
            "eps_growth_yearly": 137.27
        },
        "20191": {
            "year_quarter": 20191,
            "year": 2019,
            "quarter": 1,
            "eps": 0.4,
            "eps_growth_year": 263.64,
            "eps_4q": 1.67,
            "eps_4q_growth_year": -30.86,
            "roe": 1.21,
            "gross_profit": 74134,
            "gross_margin": 18.55,
            "net_income": 22165,
            "revenue": 399702,
            "common_shares": 611750,
            "equity": 1855304,
            "current_ratio": 407.28,
            "debt_ratio": 21.84,
            "inventory_turnover_ratio": 1.27,
            "account_receivable_turnover_ratio": 0.85,
            "reinvestment_rate": -61.07,
            "research_to_sale_ratio": 5.22,
            "price_fair": 63,
            "eps_avg_yearly": 1.8,
            "eps_latest_yearly": 1.6,
            "eps_growth_yearly": 123.21
        },
        "20192": {
            "year_quarter": 20192,
            "year": 2019,
            "quarter": 2,
            "eps": 0.51,
            "eps_growth_year": 30.77,
            "eps_4q": 1.79,
            "eps_4q_growth_year": -9.13,
            "roe": 1.59,
            "gross_profit": 101403,
            "gross_margin": 20.51,
            "net_income": 29216,
            "revenue": 494367,
            "common_shares": 611750,
            "equity": 1811132,
            "current_ratio": 334.96,
            "debt_ratio": 26.53,
            "inventory_turnover_ratio": 1.48,
            "account_receivable_turnover_ratio": 1.06,
            "reinvestment_rate": -54.2,
            "research_to_sale_ratio": 3.48,
            "price_fair": 63.56,
            "eps_avg_yearly": 1.82,
            "eps_latest_yearly": 2.04,
            "eps_growth_yearly": 122.33
        },
        "20193": {
            "year_quarter": 20193,
            "year": 2019,
            "quarter": 3,
            "eps": 0.56,
            "eps_growth_year": 33.33,
            "eps_4q": 1.94,
            "eps_4q_growth_year": 26.47,
            "roe": 1.77,
            "gross_profit": 113721,
            "gross_margin": 21.87,
            "net_income": 32128,
            "revenue": 519891,
            "common_shares": 611750,
            "equity": 1826993,
            "current_ratio": 390.8,
            "debt_ratio": 23.6,
            "inventory_turnover_ratio": 1.54,
            "account_receivable_turnover_ratio": 0.97,
            "reinvestment_rate": -51.99,
            "research_to_sale_ratio": 4.02,
            "price_fair": 64.49,
            "eps_avg_yearly": 1.84,
            "eps_latest_yearly": 2.24,
            "eps_growth_yearly": 117.13
        },
        "20194": {
            "year_quarter": 20194,
            "year": 2019,
            "quarter": 4,
            "eps": 0.82,
            "eps_growth_year": 75.38,
            "eps_4q": 2.29,
            "eps_4q_growth_year": 65.45,
            "roe": 2.57,
            "gross_profit": 114988,
            "gross_margin": 23.54,
            "net_income": 47119,
            "revenue": 488450,
            "common_shares": 611750,
            "equity": 1840260,
            "current_ratio": 368.05,
            "debt_ratio": 27.55,
            "inventory_turnover_ratio": 1.39,
            "account_receivable_turnover_ratio": 0.89,
            "reinvestment_rate": -32.64,
            "research_to_sale_ratio": 3.56,
            "price_fair": 69.83,
            "eps_avg_yearly": 2,
            "eps_latest_yearly": 3.28,
            "eps_growth_yearly": 116.24
        },
        "20201": {
            "year_quarter": 20201,
            "year": 2020,
            "quarter": 1,
            "eps": 0.03,
            "eps_growth_year": -92.5,
            "eps_4q": 1.92,
            "eps_4q_growth_year": 14.53,
            "roe": -0.04,
            "gross_profit": 57029,
            "gross_margin": 15.63,
            "net_income": -797,
            "revenue": 364841,
            "common_shares": 611750,
            "equity": 1841393,
            "current_ratio": 434.93,
            "debt_ratio": 25.54,
            "inventory_turnover_ratio": 1.14,
            "account_receivable_turnover_ratio": 0.75,
            "reinvestment_rate": -25.53,
            "research_to_sale_ratio": 4.07,
            "price_fair": 68.69,
            "eps_avg_yearly": 1.96,
            "eps_latest_yearly": 0.12,
            "eps_growth_yearly": 98.11
        },
        "20202": {
            "year_quarter": 20202,
            "year": 2020,
            "quarter": 2,
            "eps": 0.23,
            "eps_growth_year": -54.9,
            "eps_4q": 1.64,
            "eps_4q_growth_year": -8.27,
            "roe": 0.66,
            "gross_profit": 81912,
            "gross_margin": 20.57,
            "net_income": 11732,
            "revenue": 398295,
            "common_shares": 611750,
            "equity": 1716303,
            "current_ratio": 367.5,
            "debt_ratio": 30.69,
            "inventory_turnover_ratio": 1.2,
            "account_receivable_turnover_ratio": 0.94,
            "reinvestment_rate": -20.82,
            "research_to_sale_ratio": 4.17,
            "price_fair": 68.51,
            "eps_avg_yearly": 1.96,
            "eps_latest_yearly": 0.92,
            "eps_growth_yearly": 250.71
        },
        "20203": {
            "year_quarter": 20203,
            "year": 2020,
            "quarter": 3,
            "eps": 0.13,
            "eps_growth_year": -76.79,
            "eps_4q": 1.21,
            "eps_4q_growth_year": -37.46,
            "roe": 0.35,
            "gross_profit": 86664,
            "gross_margin": 19.51,
            "net_income": 5995,
            "revenue": 444139,
            "common_shares": 611750,
            "equity": 1721774,
            "current_ratio": 292.87,
            "debt_ratio": 30.67,
            "inventory_turnover_ratio": 1.37,
            "account_receivable_turnover_ratio": 1.07,
            "reinvestment_rate": -12.3,
            "research_to_sale_ratio": 3.63,
            "price_fair": 64.49,
            "eps_avg_yearly": 1.84,
            "eps_latest_yearly": 0.52,
            "eps_growth_yearly": 205.84
        },
        "20204": {
            "year_quarter": 20204,
            "year": 2020,
            "quarter": 4,
            "eps": 0.45,
            "eps_growth_year": -45.4,
            "eps_4q": 0.84,
            "eps_4q_growth_year": -63.26,
            "roe": 1.45,
            "gross_profit": 102937,
            "gross_margin": 20.99,
            "net_income": 25102,
            "revenue": 490321,
            "common_shares": 611750,
            "equity": 1751606,
            "current_ratio": 277.08,
            "debt_ratio": 33.44,
            "inventory_turnover_ratio": 1.34,
            "account_receivable_turnover_ratio": 1.03,
            "reinvestment_rate": -9.26,
            "research_to_sale_ratio": 3.35,
            "price_fair": 63.7,
            "eps_avg_yearly": 1.82,
            "eps_latest_yearly": 1.8,
            "eps_growth_yearly": 269.5
        },
        "20211": {
            "year_quarter": 20211,
            "year": 2021,
            "quarter": 1,
            "eps": 0.11,
            "eps_growth_year": 266.67,
            "eps_4q": 0.92,
            "eps_4q_growth_year": -51.96,
            "roe": 0.25,
            "gross_profit": 67294,
            "gross_margin": 14.85,
            "net_income": 4389,
            "revenue": 453037,
            "common_shares": 611750,
            "equity": 1756449,
            "current_ratio": 290.28,
            "debt_ratio": 32.26,
            "inventory_turnover_ratio": 1.17,
            "account_receivable_turnover_ratio": 0.89,
            "reinvestment_rate": -4.48,
            "research_to_sale_ratio": 3.5,
            "price_fair": 60.73,
            "eps_avg_yearly": 1.74,
            "eps_latest_yearly": 0.44,
            "eps_growth_yearly": 254.78
        },
        "20212": {
            "year_quarter": 20212,
            "year": 2021,
            "quarter": 2,
            "eps": 0.05,
            "eps_growth_year": -78.26,
            "eps_4q": 0.74,
            "eps_4q_growth_year": -54.74,
            "roe": 0.05,
            "gross_profit": 84067,
            "gross_margin": 16.53,
            "net_income": 849,
            "revenue": 508631,
            "common_shares": 611750,
            "equity": 1745010,
            "current_ratio": 287.49,
            "debt_ratio": 33.44,
            "inventory_turnover_ratio": 1.29,
            "account_receivable_turnover_ratio": 0.98,
            "reinvestment_rate": -9.08,
            "research_to_sale_ratio": 3.4,
            "price_fair": 53.73,
            "eps_avg_yearly": 1.54,
            "eps_latest_yearly": 0.2,
            "eps_growth_yearly": 218.92
        },
        "20213": {
            "year_quarter": 20213,
            "year": 2021,
            "quarter": 3,
            "eps": 0.43,
            "eps_growth_year": 230.77,
            "eps_4q": 1.04,
            "eps_4q_growth_year": -14.47,
            "roe": 1.5,
            "gross_profit": 92284,
            "gross_margin": 17.41,
            "net_income": 25829,
            "revenue": 529932,
            "common_shares": 611750,
            "equity": 1709015,
            "current_ratio": 248.97,
            "debt_ratio": 35.88,
            "inventory_turnover_ratio": 1.33,
            "account_receivable_turnover_ratio": 0.91,
            "reinvestment_rate": -17.18,
            "research_to_sale_ratio": 3.05,
            "price_fair": 50.05,
            "eps_avg_yearly": 1.43,
            "eps_latest_yearly": 1.72,
            "eps_growth_yearly": 408.92
        },
        "20214": {
            "year_quarter": 20214,
            "year": 2021,
            "quarter": 4,
            "eps": 0.79,
            "eps_growth_year": 78.08,
            "eps_4q": 1.38,
            "eps_4q_growth_year": 64.64,
            "roe": 2.66,
            "gross_profit": 102785,
            "gross_margin": 18,
            "net_income": 46220,
            "revenue": 570948,
            "common_shares": 611750,
            "equity": 1759996,
            "current_ratio": 250.98,
            "debt_ratio": 37.08,
            "inventory_turnover_ratio": 1.31,
            "account_receivable_turnover_ratio": 0.9,
            "reinvestment_rate": -12.07,
            "research_to_sale_ratio": 2.93,
            "price_fair": 51.63,
            "eps_avg_yearly": 1.48,
            "eps_latest_yearly": 3.16,
            "eps_growth_yearly": 436.91
        },
        "20221": {
            "year_quarter": 20221,
            "year": 2022,
            "quarter": 1,
            "eps": 0.65,
            "eps_growth_year": 490.91,
            "eps_4q": 1.92,
            "eps_4q_growth_year": 108.63,
            "roe": 2.19,
            "gross_profit": 80133,
            "gross_margin": 15.07,
            "net_income": 38522,
            "revenue": 531613,
            "common_shares": 611750,
            "equity": 1752028,
            "current_ratio": 237.89,
            "debt_ratio": 38.06,
            "inventory_turnover_ratio": 1.16,
            "account_receivable_turnover_ratio": 0.82,
            "reinvestment_rate": -3.33,
            "research_to_sale_ratio": 2.96,
            "price_fair": 56.35,
            "eps_avg_yearly": 1.61,
            "eps_latest_yearly": 2.6,
            "eps_growth_yearly": 452.97
        },
        "20222": {
            "year_quarter": 20222,
            "year": 2022,
            "quarter": 2,
            "eps": 1.07,
            "eps_growth_year": 2040,
            "eps_4q": 2.94,
            "eps_4q_growth_year": 295.83,
            "roe": 3.61,
            "gross_profit": 113207,
            "gross_margin": 18.42,
            "net_income": 64423,
            "revenue": 614615,
            "common_shares": 611750,
            "equity": 1813784,
            "current_ratio": 234.75,
            "debt_ratio": 38.28,
            "inventory_turnover_ratio": 1.23,
            "account_receivable_turnover_ratio": 0.92,
            "reinvestment_rate": -5.27,
            "research_to_sale_ratio": 3.17,
            "price_fair": 62.3,
            "eps_avg_yearly": 1.78,
            "eps_latest_yearly": 4.28,
            "eps_growth_yearly": 405.49
        },
        "20223": {
            "year_quarter": 20223,
            "year": 2022,
            "quarter": 3,
            "eps": 1.25,
            "eps_growth_year": 190.7,
            "eps_4q": 3.76,
            "eps_4q_growth_year": 262.82,
            "roe": 4.11,
            "gross_profit": 98053,
            "gross_margin": 16.6,
            "net_income": 76519,
            "revenue": 590543,
            "common_shares": 611750,
            "equity": 1907949,
            "current_ratio": 253.44,
            "debt_ratio": 35.61,
            "inventory_turnover_ratio": 1.21,
            "account_receivable_turnover_ratio": 0.81,
            "reinvestment_rate": -4.35,
            "research_to_sale_ratio": 2.7,
            "price_fair": 69.56,
            "eps_avg_yearly": 1.99,
            "eps_latest_yearly": 5,
            "eps_growth_yearly": 407.77
        },
        "20224": {
            "year_quarter": 20224,
            "year": 2022,
            "quarter": 4,
            "eps": 0.06,
            "eps_growth_year": -92.4,
            "eps_4q": 3.02,
            "eps_4q_growth_year": 118.59,
            "roe": 0.26,
            "gross_profit": 85750,
            "gross_margin": 17.01,
            "net_income": 4880,
            "revenue": 504068,
            "common_shares": 611750,
            "equity": 1898469,
            "current_ratio": 286.65,
            "debt_ratio": 31.71,
            "inventory_turnover_ratio": 1.05,
            "account_receivable_turnover_ratio": 0.71,
            "reinvestment_rate": -6.99,
            "research_to_sale_ratio": 2.2,
            "price_fair": 65.98,
            "eps_avg_yearly": 1.89,
            "eps_latest_yearly": 0.24,
            "eps_growth_yearly": 380.99
        },
        "20231": {
            "year_quarter": 20231,
            "year": 2023,
            "quarter": 1,
            "eps": 0.02,
            "eps_growth_year": -96.92,
            "eps_4q": 2.4,
            "eps_4q_growth_year": 24.7,
            "roe": -0.01,
            "gross_profit": 65625,
            "gross_margin": 14.36,
            "net_income": -210,
            "revenue": 457030,
            "common_shares": 611750,
            "equity": 1774672,
            "current_ratio": 266.16,
            "debt_ratio": 32.96,
            "inventory_turnover_ratio": 1.07,
            "account_receivable_turnover_ratio": 0.76,
            "reinvestment_rate": -10.81,
            "research_to_sale_ratio": 3.61,
            "price_fair": 62.65,
            "eps_avg_yearly": 1.79,
            "eps_latest_yearly": 0.08,
            "eps_growth_yearly": 368.05
        }
    },
    "months": {
        "2006-12": {
            "month": "2006-12",
            "price": "46.54",
            "revenue": 55696
        },
        "2007-01": {
            "month": "2007-01",
            "price": "42.43",
            "revenue": 89849
        },
        "2007-02": {
            "month": "2007-02",
            "price": "40.38",
            "revenue": 48485
        },
        "2007-03": {
            "month": "2007-03",
            "price": "41.24",
            "revenue": 83982
        },
        "2007-04": {
            "month": "2007-04",
            "price": "42.76",
            "revenue": 85193
        },
        "2007-05": {
            "month": "2007-05",
            "price": "50.75",
            "revenue": 179978
        },
        "2007-06": {
            "month": "2007-06",
            "price": "81.30",
            "revenue": 148329
        },
        "2007-07": {
            "month": "2007-07",
            "price": "81.59",
            "revenue": 163900
        },
        "2007-08": {
            "month": "2007-08",
            "price": "70.02",
            "revenue": 178417
        },
        "2007-09": {
            "month": "2007-09",
            "price": "71.74",
            "revenue": 184017
        },
        "2007-10": {
            "month": "2007-10",
            "price": "70.89",
            "revenue": 231230
        },
        "2007-11": {
            "month": "2007-11",
            "price": "69.05",
            "revenue": 198982
        },
        "2007-12": {
            "month": "2007-12",
            "price": "58.66",
            "revenue": 132383
        },
        "2008-01": {
            "month": "2008-01",
            "price": "54.55",
            "revenue": 174222
        },
        "2008-02": {
            "month": "2008-02",
            "price": "49.07",
            "revenue": 109735
        },
        "2008-03": {
            "month": "2008-03",
            "price": "49.80",
            "revenue": 174976
        },
        "2008-04": {
            "month": "2008-04",
            "price": "55.13",
            "revenue": 188037
        },
        "2008-05": {
            "month": "2008-05",
            "price": "59.25",
            "revenue": 140922
        },
        "2008-06": {
            "month": "2008-06",
            "price": "49.26",
            "revenue": 109748
        },
        "2008-07": {
            "month": "2008-07",
            "price": "35.06",
            "revenue": 170761
        },
        "2008-08": {
            "month": "2008-08",
            "price": "33.80",
            "revenue": 206308
        },
        "2008-09": {
            "month": "2008-09",
            "price": "28.93",
            "revenue": 166659
        },
        "2008-10": {
            "month": "2008-10",
            "price": "21.22",
            "revenue": 200706
        },
        "2008-11": {
            "month": "2008-11",
            "price": "17.98",
            "revenue": 134351
        },
        "2008-12": {
            "month": "2008-12",
            "price": "18.13",
            "revenue": 95568
        },
        "2009-01": {
            "month": "2009-01",
            "price": "17.20",
            "revenue": 86273
        },
        "2009-02": {
            "month": "2009-02",
            "price": "17.01",
            "revenue": 94343
        },
        "2009-03": {
            "month": "2009-03",
            "price": "21.45",
            "revenue": 131107
        },
        "2009-04": {
            "month": "2009-04",
            "price": "24.51",
            "revenue": 123064
        },
        "2009-05": {
            "month": "2009-05",
            "price": "26.31",
            "revenue": 115309
        },
        "2009-06": {
            "month": "2009-06",
            "price": "28.64",
            "revenue": 139452
        },
        "2009-07": {
            "month": "2009-07",
            "price": "27.03",
            "revenue": 185202
        },
        "2009-08": {
            "month": "2009-08",
            "price": "27.57",
            "revenue": 185759
        },
        "2009-09": {
            "month": "2009-09",
            "price": "30.32",
            "revenue": 183249
        },
        "2009-10": {
            "month": "2009-10",
            "price": "33.99",
            "revenue": 172383
        },
        "2009-11": {
            "month": "2009-11",
            "price": "32.15",
            "revenue": 162769
        },
        "2009-12": {
            "month": "2009-12",
            "price": "39.57",
            "revenue": 119216
        },
        "2010-01": {
            "month": "2010-01",
            "price": "39.46",
            "revenue": 168384
        },
        "2010-02": {
            "month": "2010-02",
            "price": "33.76",
            "revenue": 106872
        },
        "2010-03": {
            "month": "2010-03",
            "price": "36.36",
            "revenue": 183044
        },
        "2010-04": {
            "month": "2010-04",
            "price": "37.15",
            "revenue": 212113
        },
        "2010-05": {
            "month": "2010-05",
            "price": "32.34",
            "revenue": 184380
        },
        "2010-06": {
            "month": "2010-06",
            "price": "30.31",
            "revenue": 174777
        },
        "2010-07": {
            "month": "2010-07",
            "price": "30.41",
            "revenue": 186666
        },
        "2010-08": {
            "month": "2010-08",
            "price": "30.44",
            "revenue": 207249
        },
        "2010-09": {
            "month": "2010-09",
            "price": "30.26",
            "revenue": 203030
        },
        "2010-10": {
            "month": "2010-10",
            "price": "35.07",
            "revenue": 171664
        },
        "2010-11": {
            "month": "2010-11",
            "price": "29.99",
            "revenue": 183227
        },
        "2010-12": {
            "month": "2010-12",
            "price": "30.25",
            "revenue": 175471
        },
        "2011-01": {
            "month": "2011-01",
            "price": "29.80",
            "revenue": 191368
        },
        "2011-02": {
            "month": "2011-02",
            "price": "28.18",
            "revenue": 105212
        },
        "2011-03": {
            "month": "2011-03",
            "price": "27.22",
            "revenue": 226308
        },
        "2011-04": {
            "month": "2011-04",
            "price": "26.03",
            "revenue": 219561
        },
        "2011-05": {
            "month": "2011-05",
            "price": "25.08",
            "revenue": 235548
        },
        "2011-06": {
            "month": "2011-06",
            "price": "27.49",
            "revenue": 229485
        },
        "2011-07": {
            "month": "2011-07",
            "price": "25.10",
            "revenue": 231264
        },
        "2011-08": {
            "month": "2011-08",
            "price": "21.08",
            "revenue": 209493
        },
        "2011-09": {
            "month": "2011-09",
            "price": "21.79",
            "revenue": 249791
        },
        "2011-10": {
            "month": "2011-10",
            "price": "20.56",
            "revenue": 193981
        },
        "2011-11": {
            "month": "2011-11",
            "price": "19.90",
            "revenue": 203334
        },
        "2011-12": {
            "month": "2011-12",
            "price": "19.09",
            "revenue": 210618
        },
        "2012-01": {
            "month": "2012-01",
            "price": "18.93",
            "revenue": 156091
        },
        "2012-02": {
            "month": "2012-02",
            "price": "22.16",
            "revenue": 176812
        },
        "2012-03": {
            "month": "2012-03",
            "price": "22.85",
            "revenue": 233205
        },
        "2012-04": {
            "month": "2012-04",
            "price": "20.20",
            "revenue": 205180
        },
        "2012-05": {
            "month": "2012-05",
            "price": "19.98",
            "revenue": 186166
        },
        "2012-06": {
            "month": "2012-06",
            "price": "19.17",
            "revenue": 171367
        },
        "2012-07": {
            "month": "2012-07",
            "price": "17.88",
            "revenue": 206861
        },
        "2012-08": {
            "month": "2012-08",
            "price": "20.08",
            "revenue": 222821
        },
        "2012-09": {
            "month": "2012-09",
            "price": "23.18",
            "revenue": 204716
        },
        "2012-10": {
            "month": "2012-10",
            "price": "21.64",
            "revenue": 165216
        },
        "2012-11": {
            "month": "2012-11",
            "price": "20.98",
            "revenue": 176749
        },
        "2012-12": {
            "month": "2012-12",
            "price": "20.78",
            "revenue": 158293
        },
        "2013-01": {
            "month": "2013-01",
            "price": "20.56",
            "revenue": 188590
        },
        "2013-02": {
            "month": "2013-02",
            "price": "20.90",
            "revenue": 101942
        },
        "2013-03": {
            "month": "2013-03",
            "price": "24.95",
            "revenue": 191710
        },
        "2013-04": {
            "month": "2013-04",
            "price": "26.36",
            "revenue": 182006
        },
        "2013-05": {
            "month": "2013-05",
            "price": "26.30",
            "revenue": 165754
        },
        "2013-06": {
            "month": "2013-06",
            "price": "26.04",
            "revenue": 166340
        },
        "2013-07": {
            "month": "2013-07",
            "price": "25.22",
            "revenue": 173225
        },
        "2013-08": {
            "month": "2013-08",
            "price": "24.51",
            "revenue": 176076
        },
        "2013-09": {
            "month": "2013-09",
            "price": "23.66",
            "revenue": 160870
        },
        "2013-10": {
            "month": "2013-10",
            "price": "23.63",
            "revenue": 167827
        },
        "2013-11": {
            "month": "2013-11",
            "price": "23.00",
            "revenue": 159378
        },
        "2013-12": {
            "month": "2013-12",
            "price": "23.93",
            "revenue": 154025
        },
        "2014-01": {
            "month": "2014-01",
            "price": "26.78",
            "revenue": 167625
        },
        "2014-02": {
            "month": "2014-02",
            "price": "26.31",
            "revenue": 121149
        },
        "2014-03": {
            "month": "2014-03",
            "price": "27.79",
            "revenue": 190825
        },
        "2014-04": {
            "month": "2014-04",
            "price": "28.67",
            "revenue": 160682
        },
        "2014-05": {
            "month": "2014-05",
            "price": "25.08",
            "revenue": 173661
        },
        "2014-06": {
            "month": "2014-06",
            "price": "24.25",
            "revenue": 163785
        },
        "2014-07": {
            "month": "2014-07",
            "price": "23.93",
            "revenue": 152869
        },
        "2014-08": {
            "month": "2014-08",
            "price": "22.24",
            "revenue": 179730
        },
        "2014-09": {
            "month": "2014-09",
            "price": "22.08",
            "revenue": 205821
        },
        "2014-10": {
            "month": "2014-10",
            "price": "21.74",
            "revenue": 145346
        },
        "2014-11": {
            "month": "2014-11",
            "price": "21.27",
            "revenue": 163611
        },
        "2014-12": {
            "month": "2014-12",
            "price": "20.73",
            "revenue": 133720
        },
        "2015-01": {
            "month": "2015-01",
            "price": "20.66",
            "revenue": 161454
        },
        "2015-02": {
            "month": "2015-02",
            "price": "20.53",
            "revenue": 113382
        },
        "2015-03": {
            "month": "2015-03",
            "price": "20.60",
            "revenue": 156260
        },
        "2015-04": {
            "month": "2015-04",
            "price": "20.77",
            "revenue": 148567
        },
        "2015-05": {
            "month": "2015-05",
            "price": "19.42",
            "revenue": 148890
        },
        "2015-06": {
            "month": "2015-06",
            "price": "17.98",
            "revenue": 134055
        },
        "2015-07": {
            "month": "2015-07",
            "price": "17.32",
            "revenue": 162636
        },
        "2015-08": {
            "month": "2015-08",
            "price": "14.58",
            "revenue": 159827
        },
        "2015-09": {
            "month": "2015-09",
            "price": "15.52",
            "revenue": 144120
        },
        "2015-10": {
            "month": "2015-10",
            "price": "15.95",
            "revenue": 143329
        },
        "2015-11": {
            "month": "2015-11",
            "price": "15.23",
            "revenue": 144456
        },
        "2015-12": {
            "month": "2015-12",
            "price": "13.38",
            "revenue": 137276
        },
        "2016-01": {
            "month": "2016-01",
            "price": "13.13",
            "revenue": 158910
        },
        "2016-02": {
            "month": "2016-02",
            "price": "13.74",
            "revenue": 85892
        },
        "2016-03": {
            "month": "2016-03",
            "price": "14.61",
            "revenue": 135086
        },
        "2016-04": {
            "month": "2016-04",
            "price": "13.74",
            "revenue": 149088
        },
        "2016-05": {
            "month": "2016-05",
            "price": "13.70",
            "revenue": 141023
        },
        "2016-06": {
            "month": "2016-06",
            "price": "15.61",
            "revenue": 147289
        },
        "2016-07": {
            "month": "2016-07",
            "price": "16.10",
            "revenue": 132588
        },
        "2016-08": {
            "month": "2016-08",
            "price": "17.69",
            "revenue": 169232
        },
        "2016-09": {
            "month": "2016-09",
            "price": "17.41",
            "revenue": 168867
        },
        "2016-10": {
            "month": "2016-10",
            "price": "18.07",
            "revenue": 123539
        },
        "2016-11": {
            "month": "2016-11",
            "price": "17.57",
            "revenue": 146901
        },
        "2016-12": {
            "month": "2016-12",
            "price": "17.72",
            "revenue": 151417
        },
        "2017-01": {
            "month": "2017-01",
            "price": "18.65",
            "revenue": 157077
        },
        "2017-02": {
            "month": "2017-02",
            "price": "20.01",
            "revenue": 130460
        },
        "2017-03": {
            "month": "2017-03",
            "price": "21.83",
            "revenue": 162582
        },
        "2017-04": {
            "month": "2017-04",
            "price": "23.01",
            "revenue": 163996
        },
        "2017-05": {
            "month": "2017-05",
            "price": "26.16",
            "revenue": 169518
        },
        "2017-06": {
            "month": "2017-06",
            "price": "26.75",
            "revenue": 162513
        },
        "2017-07": {
            "month": "2017-07",
            "price": "27.90",
            "revenue": 159777
        },
        "2017-08": {
            "month": "2017-08",
            "price": "29.48",
            "revenue": 181017
        },
        "2017-09": {
            "month": "2017-09",
            "price": "31.62",
            "revenue": 185503
        },
        "2017-10": {
            "month": "2017-10",
            "price": "31.13",
            "revenue": 156491
        },
        "2017-11": {
            "month": "2017-11",
            "price": "28.69",
            "revenue": 168222
        },
        "2017-12": {
            "month": "2017-12",
            "price": "27.95",
            "revenue": 154381
        },
        "2018-01": {
            "month": "2018-01",
            "price": "28.37",
            "revenue": 177129
        },
        "2018-02": {
            "month": "2018-02",
            "price": "28.00",
            "revenue": 95564
        },
        "2018-03": {
            "month": "2018-03",
            "price": "27.34",
            "revenue": 147028
        },
        "2018-04": {
            "month": "2018-04",
            "price": "26.78",
            "revenue": 151768
        },
        "2018-05": {
            "month": "2018-05",
            "price": "25.26",
            "revenue": 157922
        },
        "2018-06": {
            "month": "2018-06",
            "price": "25.08",
            "revenue": 154067
        },
        "2018-07": {
            "month": "2018-07",
            "price": "24.51",
            "revenue": 171647
        },
        "2018-08": {
            "month": "2018-08",
            "price": "21.24",
            "revenue": 168478
        },
        "2018-09": {
            "month": "2018-09",
            "price": "20.99",
            "revenue": 156212
        },
        "2018-10": {
            "month": "2018-10",
            "price": "19.72",
            "revenue": 163273
        },
        "2018-11": {
            "month": "2018-11",
            "price": "19.75",
            "revenue": 160653
        },
        "2018-12": {
            "month": "2018-12",
            "price": "19.94",
            "revenue": 139489
        },
        "2019-01": {
            "month": "2019-01",
            "price": "20.10",
            "revenue": 176088
        },
        "2019-02": {
            "month": "2019-02",
            "price": "20.65",
            "revenue": 81367
        },
        "2019-03": {
            "month": "2019-03",
            "price": "21.33",
            "revenue": 142260
        },
        "2019-04": {
            "month": "2019-04",
            "price": "21.84",
            "revenue": 157992
        },
        "2019-05": {
            "month": "2019-05",
            "price": "21.82",
            "revenue": 166682
        },
        "2019-06": {
            "month": "2019-06",
            "price": "21.86",
            "revenue": 169688
        },
        "2019-07": {
            "month": "2019-07",
            "price": "22.95",
            "revenue": 159421
        },
        "2019-08": {
            "month": "2019-08",
            "price": "22.64",
            "revenue": 181681
        },
        "2019-09": {
            "month": "2019-09",
            "price": "23.17",
            "revenue": 178202
        },
        "2019-10": {
            "month": "2019-10",
            "price": "22.80",
            "revenue": 170797
        },
        "2019-11": {
            "month": "2019-11",
            "price": "22.87",
            "revenue": 169054
        },
        "2019-12": {
            "month": "2019-12",
            "price": "23.15",
            "revenue": 147483
        },
        "2020-01": {
            "month": "2020-01",
            "price": "23.84",
            "revenue": 140912
        },
        "2020-02": {
            "month": "2020-02",
            "price": "22.33",
            "revenue": 101806
        },
        "2020-03": {
            "month": "2020-03",
            "price": "20.99",
            "revenue": 122138
        },
        "2020-04": {
            "month": "2020-04",
            "price": "22.52",
            "revenue": 146840
        },
        "2020-05": {
            "month": "2020-05",
            "price": "23.50",
            "revenue": 132350
        },
        "2020-06": {
            "month": "2020-06",
            "price": "23.38",
            "revenue": 118617
        },
        "2020-07": {
            "month": "2020-07",
            "price": "23.53",
            "revenue": 149376
        },
        "2020-08": {
            "month": "2020-08",
            "price": "21.52",
            "revenue": 133031
        },
        "2020-09": {
            "month": "2020-09",
            "price": "21.16",
            "revenue": 161848
        },
        "2020-10": {
            "month": "2020-10",
            "price": "21.21",
            "revenue": 165748
        },
        "2020-11": {
            "month": "2020-11",
            "price": "21.52",
            "revenue": 171008
        },
        "2020-12": {
            "month": "2020-12",
            "price": "21.59",
            "revenue": 154161
        },
        "2021-01": {
            "month": "2021-01",
            "price": "20.96",
            "revenue": 196787
        },
        "2021-02": {
            "month": "2021-02",
            "price": "21.18",
            "revenue": 114485
        },
        "2021-03": {
            "month": "2021-03",
            "price": "22.53",
            "revenue": 141783
        },
        "2021-04": {
            "month": "2021-04",
            "price": "24.59",
            "revenue": 169592
        },
        "2021-05": {
            "month": "2021-05",
            "price": "23.65",
            "revenue": 171698
        },
        "2021-06": {
            "month": "2021-06",
            "price": "22.81",
            "revenue": 167197
        },
        "2021-07": {
            "month": "2021-07",
            "price": "23.28",
            "revenue": 166122
        },
        "2021-08": {
            "month": "2021-08",
            "price": "22.57",
            "revenue": 201002
        },
        "2021-09": {
            "month": "2021-09",
            "price": "21.57",
            "revenue": 162465
        },
        "2021-10": {
            "month": "2021-10",
            "price": "22.03",
            "revenue": 177553
        },
        "2021-11": {
            "month": "2021-11",
            "price": "22.03",
            "revenue": 198482
        },
        "2021-12": {
            "month": "2021-12",
            "price": "21.91",
            "revenue": 195181
        },
        "2022-01": {
            "month": "2022-01",
            "price": "22.28",
            "revenue": 212774
        },
        "2022-02": {
            "month": "2022-02",
            "price": "21.90",
            "revenue": 130564
        },
        "2022-03": {
            "month": "2022-03",
            "price": "22.05",
            "revenue": 188215
        },
        "2022-04": {
            "month": "2022-04",
            "price": "22.77",
            "revenue": 184192
        },
        "2022-05": {
            "month": "2022-05",
            "price": "22.76",
            "revenue": 217822
        },
        "2022-06": {
            "month": "2022-06",
            "price": "24.20",
            "revenue": 212745
        },
        "2022-07": {
            "month": "2022-07",
            "price": "22.50",
            "revenue": 213334
        },
        "2022-08": {
            "month": "2022-08",
            "price": "27.20",
            "revenue": 176297
        },
        "2022-09": {
            "month": "2022-09",
            "price": "26.22",
            "revenue": 200925
        },
        "2022-10": {
            "month": "2022-10",
            "price": "26.51",
            "revenue": 167391
        },
        "2022-11": {
            "month": "2022-11",
            "price": "27.27",
            "revenue": 175511
        },
        "2022-12": {
            "month": "2022-12",
            "price": "26.77",
            "revenue": 161472
        },
        "2023-01": {
            "month": "2023-01",
            "price": "26.48",
            "revenue": 142244
        },
        "2023-02": {
            "month": "2023-02",
            "price": "27.19",
            "revenue": 137160
        },
        "2023-03": {
            "month": "2023-03",
            "price": "28.06",
            "revenue": 177731
        },
        "2023-04": {
            "month": "2023-04",
            "price": "28.06",
            "revenue": 143128
        }
    }
}
