{
    "summary": {
        "stock_name": "台勝科",
        "stock_id": "3532",
        "category": "半導體",
        "main_business": "矽晶圓電子材料之製造及銷售進出口業務<br>前項原材料之買賣及進出口業務<br>除許可業務外，得經營非法令非禁止或限制之業務",
        "website_url": "http://www.fstech.com.tw",
        "ceo": "田中恵一",
        "pe_ratio": 17,
        "report_year_from": 2006,
        "report_year_to": 2023,
        "age": 18,
        "eps_negative_percentage": 6,
        "eps_growth_avg": {
            "last_all": 12.88,
            "last_2y": 21.93,
            "last_4y": -4.01,
            "last_8y": 17.04,
            "last_12y": 20.45,
            "last_16y": 12.88,
            "last_20y": null,
            "at_2006_last_3y": null,
            "at_2007_last_3y": null,
            "at_2008_last_3y": null,
            "at_2009_last_3y": null,
            "at_2010_last_3y": -19.94,
            "at_2011_last_3y": -69.46,
            "at_2012_last_3y": -62.49,
            "at_2013_last_3y": 4.18,
            "at_2014_last_3y": 28.13,
            "at_2015_last_3y": 44.53,
            "at_2016_last_3y": 43.35,
            "at_2017_last_3y": 43.35,
            "at_2018_last_3y": 43.35,
            "at_2019_last_3y": 27.21,
            "at_2020_last_3y": 28.54,
            "at_2021_last_3y": 5.39,
            "at_2022_last_3y": 5.39,
            "at_2023_last_3y": 6.87,
            "at_2024_last_3y": 6.87,
            "at_2006_last_all": null,
            "at_2007_last_all": null,
            "at_2008_last_all": 20.09,
            "at_2009_last_all": -19.94,
            "at_2010_last_all": -19.94,
            "at_2011_last_all": -27.1,
            "at_2012_last_all": -29.46,
            "at_2013_last_all": -7.88,
            "at_2014_last_all": 7.53,
            "at_2015_last_all": 8.72,
            "at_2016_last_all": 2.9,
            "at_2017_last_all": 12.61,
            "at_2018_last_all": 20.55,
            "at_2019_last_all": 14.88,
            "at_2020_last_all": 10.79,
            "at_2021_last_all": 10.55,
            "at_2022_last_all": 16.51,
            "at_2023_last_all": 12.88,
            "at_2024_last_all": 12.88
        },
        "latest_eps": 9.84,
        "latest_price": 168.5,
        "latest_roe": 15.71,
        "latest_gross_margin": 34.11,
        "latest_equity": 24798356,
        "latest_revenue": 3627849,
        "latest_gross_profit": 1237535,
        "latest_net_income": 944263,
        "latest_debt_ratio": 40.26,
        "latest_current_ratio": 74.99,
        "latest_account_receivable_turnover_ratio": 1.47,
        "latest_inventory_turnover_ratio": 0.62,
        "latest_reinvestment_rate": 187.09,
        "latest_research_to_sale_ratio": null
    },
    "eps_dividends": {
        "2001": {
            "cash": 0,
            "stock": 0,
            "eps": 0
        },
        "2002": {
            "cash": 0,
            "stock": 0,
            "eps": 0
        },
        "2003": {
            "cash": 0,
            "stock": 0,
            "eps": 0
        },
        "2004": {
            "cash": 0,
            "stock": 0,
            "eps": 0
        },
        "2005": {
            "cash": 0,
            "stock": 0,
            "eps": 0
        },
        "2006": {
            "cash": 0,
            "stock": 0,
            "eps": 2.1
        },
        "2007": {
            "cash": 0.41,
            "stock": 0.41,
            "eps": 6.72
        },
        "2008": {
            "cash": 1.45,
            "stock": 1.45,
            "eps": 2.7
        },
        "2009": {
            "cash": 0.9,
            "stock": 0.5,
            "eps": -0.9
        },
        "2010": {
            "cash": 0,
            "stock": 0,
            "eps": 0.35
        },
        "2011": {
            "cash": 0.4,
            "stock": 0,
            "eps": 0.18
        },
        "2012": {
            "cash": 0,
            "stock": 0,
            "eps": 0.11
        },
        "2013": {
            "cash": 0.1,
            "stock": 0,
            "eps": 0.41
        },
        "2014": {
            "cash": 0.3,
            "stock": 0,
            "eps": 1.41
        },
        "2015": {
            "cash": 1,
            "stock": 0,
            "eps": 1.65
        },
        "2016": {
            "cash": 1.1,
            "stock": 0,
            "eps": 0.93
        },
        "2017": {
            "cash": 0.67,
            "stock": 0,
            "eps": 2.89
        },
        "2018": {
            "cash": 2.08,
            "stock": 0,
            "eps": 10.44
        },
        "2019": {
            "cash": 9,
            "stock": 0,
            "eps": 5.48
        },
        "2020": {
            "cash": 3.5,
            "stock": 0,
            "eps": 3.38
        },
        "2021": {
            "cash": 2.15,
            "stock": 0,
            "eps": 3.63
        },
        "2022": {
            "cash": 2.22,
            "stock": 0,
            "eps": 12.43
        },
        "2023": {
            "cash": 14.6,
            "stock": 0,
            "eps": 7.26
        }
    },
    "dividends": {
        "2007-03-08": {
            "cash": 0.41,
            "stock": 0.41
        },
        "2008-03-25": {
            "cash": 1.45,
            "stock": 1.45
        },
        "2009-03-23": {
            "cash": 0.9,
            "stock": 0.5
        },
        "2011-03-28": {
            "cash": 0.4,
            "stock": 0
        },
        "2013-03-15": {
            "cash": 0.1,
            "stock": 0
        },
        "2014-06-11": {
            "cash": 0.3,
            "stock": 0
        },
        "2015-07-31": {
            "cash": 1,
            "stock": 0
        },
        "2016-08-05": {
            "cash": 1.1,
            "stock": 0
        },
        "2017-08-16": {
            "cash": 0.67,
            "stock": 0
        },
        "2018-08-10": {
            "cash": 2.08,
            "stock": 0
        },
        "2019-08-08": {
            "cash": 9,
            "stock": 0
        },
        "2020-08-06": {
            "cash": 3.5,
            "stock": 0
        },
        "2021-08-26": {
            "cash": 2.15,
            "stock": 0
        },
        "2022-08-12": {
            "cash": 2.22,
            "stock": 0
        },
        "2023-03-07": {
            "cash": 7.3,
            "stock": 0
        },
        "2023-08-09": {
            "cash": 7.3,
            "stock": 0
        }
    },
    "prices": {
        "200101": "無",
        "200102": "無",
        "200103": "無",
        "200104": "無",
        "200105": "無",
        "200106": "無",
        "200107": "無",
        "200108": "無",
        "200109": "無",
        "200110": "無",
        "200111": "無",
        "200112": "無",
        "200201": "無",
        "200202": "無",
        "200203": "無",
        "200204": "無",
        "200205": "無",
        "200206": "無",
        "200207": "無",
        "200208": "無",
        "200209": "無",
        "200210": "無",
        "200211": "無",
        "200212": "無",
        "200301": "無",
        "200302": "無",
        "200303": "無",
        "200304": "無",
        "200305": "無",
        "200306": "無",
        "200307": "無",
        "200308": "無",
        "200309": "無",
        "200310": "無",
        "200311": "無",
        "200312": "無",
        "200401": "無",
        "200402": "無",
        "200403": "無",
        "200404": "無",
        "200405": "無",
        "200406": "無",
        "200407": "無",
        "200408": "無",
        "200409": "無",
        "200410": "無",
        "200411": "無",
        "200412": "無",
        "200501": "無",
        "200502": "無",
        "200503": "無",
        "200504": "無",
        "200505": "無",
        "200506": "無",
        "200507": "無",
        "200508": "無",
        "200509": "無",
        "200510": "無",
        "200511": "無",
        "200512": "無",
        "200601": "無",
        "200602": "無",
        "200603": "無",
        "200604": "無",
        "200605": "無",
        "200606": "無",
        "200607": "無",
        "200608": "無",
        "200609": "無",
        "200610": "無",
        "200611": "290.44",
        "200612": "215.44",
        "200701": "213.82",
        "200702": "212.91",
        "200703": "245.76",
        "200704": "253.70",
        "200705": "240.28",
        "200706": "284.78",
        "200707": "350.30",
        "200708": "306.87",
        "200709": "296.81",
        "200710": "294.83",
        "200711": "277.12",
        "200712": "181.22",
        "200801": "162.80",
        "200802": "141.71",
        "200803": "147.38",
        "200804": "152.90",
        "200805": "147.83",
        "200806": "122.79",
        "200807": "102.74",
        "200808": "89.74",
        "200809": "61.21",
        "200810": "52.12",
        "200811": "52.24",
        "200812": "71.09",
        "200901": "63.19",
        "200902": "60.27",
        "200903": "67.85",
        "200904": "74.10",
        "200905": "84.19",
        "200906": "73.87",
        "200907": "72.30",
        "200908": "67.89",
        "200909": "75.94",
        "200910": "80.70",
        "200911": "80.31",
        "200912": "81.70",
        "201001": "91.01",
        "201002": "83.18",
        "201003": "90.98",
        "201004": "94.82",
        "201005": "75.27",
        "201006": "59.38",
        "201007": "64.09",
        "201008": "62.50",
        "201009": "61.83",
        "201010": "59.53",
        "201011": "59.84",
        "201012": "58.82",
        "201101": "59.42",
        "201102": "58.57",
        "201103": "69.12",
        "201104": "71.28",
        "201105": "64.74",
        "201106": "59.96",
        "201107": "53.79",
        "201108": "41.36",
        "201109": "33.05",
        "201110": "32.15",
        "201111": "30.31",
        "201112": "29.73",
        "201201": "29.59",
        "201202": "41.06",
        "201203": "39.70",
        "201204": "33.14",
        "201205": "30.72",
        "201206": "29.23",
        "201207": "27.70",
        "201208": "28.52",
        "201209": "34.44",
        "201210": "32.55",
        "201211": "29.54",
        "201212": "31.02",
        "201301": "31.64",
        "201302": "30.55",
        "201303": "31.38",
        "201304": "30.39",
        "201305": "31.27",
        "201306": "30.78",
        "201307": "30.27",
        "201308": "29.13",
        "201309": "29.62",
        "201310": "29.64",
        "201311": "29.21",
        "201312": "29.06",
        "201401": "33.77",
        "201402": "31.44",
        "201403": "32.05",
        "201404": "31.33",
        "201405": "31.14",
        "201406": "37.21",
        "201407": "36.60",
        "201408": "35.49",
        "201409": "35.95",
        "201410": "32.94",
        "201411": "30.59",
        "201412": "42.51",
        "201501": "55.70",
        "201502": "63.58",
        "201503": "63.88",
        "201504": "50.49",
        "201505": "51.13",
        "201506": "41.43",
        "201507": "35.60",
        "201508": "29.08",
        "201509": "33.96",
        "201510": "39.60",
        "201511": "37.94",
        "201512": "37.01",
        "201601": "31.67",
        "201602": "35.05",
        "201603": "35.52",
        "201604": "32.22",
        "201605": "30.03",
        "201606": "30.39",
        "201607": "30.36",
        "201608": "31.72",
        "201609": "34.17",
        "201610": "32.64",
        "201611": "42.12",
        "201612": "60.48",
        "201701": "66.01",
        "201702": "88.81",
        "201703": "109.90",
        "201704": "105.78",
        "201705": "91.60",
        "201706": "82.24",
        "201707": "87.61",
        "201708": "89.64",
        "201709": "100.16",
        "201710": "108.79",
        "201711": "106.31",
        "201712": "96.78",
        "201801": "120.96",
        "201802": "128.85",
        "201803": "132.04",
        "201804": "119.58",
        "201805": "146.39",
        "201806": "149.15",
        "201807": "143.48",
        "201808": "121.63",
        "201809": "117.32",
        "201810": "117.95",
        "201811": "120.64",
        "201812": "130.31",
        "201901": "116.95",
        "201902": "124.85",
        "201903": "113.85",
        "201904": "120.58",
        "201905": "106.45",
        "201906": "111.81",
        "201907": "114.43",
        "201908": "104.17",
        "201909": "103.26",
        "201910": "113.45",
        "201911": "112.69",
        "201912": "114.11",
        "202001": "112.73",
        "202002": "126.58",
        "202003": "137.27",
        "202004": "134.82",
        "202005": "154.62",
        "202006": "142.52",
        "202007": "132.65",
        "202008": "116.67",
        "202009": "105.73",
        "202010": "114.42",
        "202011": "123.50",
        "202012": "138.30",
        "202101": "141.35",
        "202102": "141.12",
        "202103": "137.50",
        "202104": "162.32",
        "202105": "161.29",
        "202106": "177.17",
        "202107": "197.77",
        "202108": "180.52",
        "202109": "177.75",
        "202110": "151.58",
        "202111": "194.68",
        "202112": "285.41",
        "202201": "272.11",
        "202202": "269.57",
        "202203": "306.09",
        "202204": "234.45",
        "202205": "228.62",
        "202206": "218.57",
        "202207": "166.36",
        "202208": "176.04",
        "202209": "160.88",
        "202210": "139.22",
        "202211": "159.66",
        "202212": "149.34",
        "202301": "147.69",
        "202302": "155.33",
        "202303": "161.96",
        "202304": "155.47",
        "202305": "150.82",
        "202306": "164.42",
        "202307": "162.40",
        "202308": "143.59",
        "202309": "145.48",
        "202310": "152.22",
        "202311": "157.55",
        "202312": "171.76"
    },
    "quarters": {
        "20011": {
            "year_quarter": 20011,
            "year": 2001,
            "quarter": 1,
            "eps": null,
            "eps_growth_year": null,
            "eps_4q": null,
            "eps_4q_growth_year": null,
            "roe": null,
            "roe_4q": 0,
            "gross_profit": null,
            "gross_margin": null,
            "gross_margin_4q_avg": 0,
            "net_income": null,
            "net_income_4q": null,
            "revenue": null,
            "revenue_4q": null,
            "common_shares": null,
            "book_valuer_per_share": null,
            "book_valuer_per_share_4q_avg": 0,
            "equity": null,
            "current_ratio": null,
            "debt_ratio": null,
            "inventory_turnover_ratio": null,
            "account_receivable_turnover_ratio": null,
            "reinvestment_rate": null,
            "research_to_sale_ratio": null,
            "price_fair": 0,
            "eps_avg_yearly": 0,
            "eps_latest_yearly": 0,
            "eps_growth_yearly": 0
        },
        "20012": {
            "year_quarter": 20012,
            "year": 2001,
            "quarter": 2,
            "eps": null,
            "eps_growth_year": null,
            "eps_4q": null,
            "eps_4q_growth_year": null,
            "roe": null,
            "roe_4q": 0,
            "gross_profit": null,
            "gross_margin": null,
            "gross_margin_4q_avg": 0,
            "net_income": null,
            "net_income_4q": null,
            "revenue": null,
            "revenue_4q": null,
            "common_shares": null,
            "book_valuer_per_share": null,
            "book_valuer_per_share_4q_avg": 0,
            "equity": null,
            "current_ratio": null,
            "debt_ratio": null,
            "inventory_turnover_ratio": null,
            "account_receivable_turnover_ratio": null,
            "reinvestment_rate": null,
            "research_to_sale_ratio": null,
            "price_fair": 0,
            "eps_avg_yearly": 0,
            "eps_latest_yearly": 0,
            "eps_growth_yearly": 0
        },
        "20013": {
            "year_quarter": 20013,
            "year": 2001,
            "quarter": 3,
            "eps": null,
            "eps_growth_year": null,
            "eps_4q": null,
            "eps_4q_growth_year": null,
            "roe": null,
            "roe_4q": 0,
            "gross_profit": null,
            "gross_margin": null,
            "gross_margin_4q_avg": 0,
            "net_income": null,
            "net_income_4q": null,
            "revenue": null,
            "revenue_4q": null,
            "common_shares": null,
            "book_valuer_per_share": null,
            "book_valuer_per_share_4q_avg": 0,
            "equity": null,
            "current_ratio": null,
            "debt_ratio": null,
            "inventory_turnover_ratio": null,
            "account_receivable_turnover_ratio": null,
            "reinvestment_rate": null,
            "research_to_sale_ratio": null,
            "price_fair": 0,
            "eps_avg_yearly": 0,
            "eps_latest_yearly": 0,
            "eps_growth_yearly": 0
        },
        "20014": {
            "year_quarter": 20014,
            "year": 2001,
            "quarter": 4,
            "eps": null,
            "eps_growth_year": null,
            "eps_4q": null,
            "eps_4q_growth_year": null,
            "roe": null,
            "roe_4q": 0,
            "gross_profit": null,
            "gross_margin": null,
            "gross_margin_4q_avg": 0,
            "net_income": null,
            "net_income_4q": null,
            "revenue": null,
            "revenue_4q": null,
            "common_shares": null,
            "book_valuer_per_share": null,
            "book_valuer_per_share_4q_avg": 0,
            "equity": null,
            "current_ratio": null,
            "debt_ratio": null,
            "inventory_turnover_ratio": null,
            "account_receivable_turnover_ratio": null,
            "reinvestment_rate": null,
            "research_to_sale_ratio": null,
            "price_fair": 0,
            "eps_avg_yearly": 0,
            "eps_latest_yearly": 0,
            "eps_growth_yearly": 0
        },
        "20021": {
            "year_quarter": 20021,
            "year": 2002,
            "quarter": 1,
            "eps": null,
            "eps_growth_year": null,
            "eps_4q": null,
            "eps_4q_growth_year": null,
            "roe": null,
            "roe_4q": 0,
            "gross_profit": null,
            "gross_margin": null,
            "gross_margin_4q_avg": 0,
            "net_income": null,
            "net_income_4q": null,
            "revenue": null,
            "revenue_4q": null,
            "common_shares": null,
            "book_valuer_per_share": null,
            "book_valuer_per_share_4q_avg": 0,
            "equity": null,
            "current_ratio": null,
            "debt_ratio": null,
            "inventory_turnover_ratio": null,
            "account_receivable_turnover_ratio": null,
            "reinvestment_rate": null,
            "research_to_sale_ratio": null,
            "price_fair": 0,
            "eps_avg_yearly": 0,
            "eps_latest_yearly": 0,
            "eps_growth_yearly": 0
        },
        "20022": {
            "year_quarter": 20022,
            "year": 2002,
            "quarter": 2,
            "eps": null,
            "eps_growth_year": null,
            "eps_4q": null,
            "eps_4q_growth_year": null,
            "roe": null,
            "roe_4q": 0,
            "gross_profit": null,
            "gross_margin": null,
            "gross_margin_4q_avg": 0,
            "net_income": null,
            "net_income_4q": null,
            "revenue": null,
            "revenue_4q": null,
            "common_shares": null,
            "book_valuer_per_share": null,
            "book_valuer_per_share_4q_avg": 0,
            "equity": null,
            "current_ratio": null,
            "debt_ratio": null,
            "inventory_turnover_ratio": null,
            "account_receivable_turnover_ratio": null,
            "reinvestment_rate": null,
            "research_to_sale_ratio": null,
            "price_fair": 0,
            "eps_avg_yearly": 0,
            "eps_latest_yearly": 0,
            "eps_growth_yearly": 0
        },
        "20023": {
            "year_quarter": 20023,
            "year": 2002,
            "quarter": 3,
            "eps": null,
            "eps_growth_year": null,
            "eps_4q": null,
            "eps_4q_growth_year": null,
            "roe": null,
            "roe_4q": 0,
            "gross_profit": null,
            "gross_margin": null,
            "gross_margin_4q_avg": 0,
            "net_income": null,
            "net_income_4q": null,
            "revenue": null,
            "revenue_4q": null,
            "common_shares": null,
            "book_valuer_per_share": null,
            "book_valuer_per_share_4q_avg": 0,
            "equity": null,
            "current_ratio": null,
            "debt_ratio": null,
            "inventory_turnover_ratio": null,
            "account_receivable_turnover_ratio": null,
            "reinvestment_rate": null,
            "research_to_sale_ratio": null,
            "price_fair": 0,
            "eps_avg_yearly": 0,
            "eps_latest_yearly": 0,
            "eps_growth_yearly": 0
        },
        "20024": {
            "year_quarter": 20024,
            "year": 2002,
            "quarter": 4,
            "eps": null,
            "eps_growth_year": null,
            "eps_4q": null,
            "eps_4q_growth_year": null,
            "roe": null,
            "roe_4q": 0,
            "gross_profit": null,
            "gross_margin": null,
            "gross_margin_4q_avg": 0,
            "net_income": null,
            "net_income_4q": null,
            "revenue": null,
            "revenue_4q": null,
            "common_shares": null,
            "book_valuer_per_share": null,
            "book_valuer_per_share_4q_avg": 0,
            "equity": null,
            "current_ratio": null,
            "debt_ratio": null,
            "inventory_turnover_ratio": null,
            "account_receivable_turnover_ratio": null,
            "reinvestment_rate": null,
            "research_to_sale_ratio": null,
            "price_fair": 0,
            "eps_avg_yearly": 0,
            "eps_latest_yearly": 0,
            "eps_growth_yearly": 0
        },
        "20031": {
            "year_quarter": 20031,
            "year": 2003,
            "quarter": 1,
            "eps": null,
            "eps_growth_year": null,
            "eps_4q": null,
            "eps_4q_growth_year": null,
            "roe": null,
            "roe_4q": 0,
            "gross_profit": null,
            "gross_margin": null,
            "gross_margin_4q_avg": 0,
            "net_income": null,
            "net_income_4q": null,
            "revenue": null,
            "revenue_4q": null,
            "common_shares": null,
            "book_valuer_per_share": null,
            "book_valuer_per_share_4q_avg": 0,
            "equity": null,
            "current_ratio": null,
            "debt_ratio": null,
            "inventory_turnover_ratio": null,
            "account_receivable_turnover_ratio": null,
            "reinvestment_rate": null,
            "research_to_sale_ratio": null,
            "price_fair": 0,
            "eps_avg_yearly": 0,
            "eps_latest_yearly": 0,
            "eps_growth_yearly": 0
        },
        "20032": {
            "year_quarter": 20032,
            "year": 2003,
            "quarter": 2,
            "eps": null,
            "eps_growth_year": null,
            "eps_4q": null,
            "eps_4q_growth_year": null,
            "roe": null,
            "roe_4q": 0,
            "gross_profit": null,
            "gross_margin": null,
            "gross_margin_4q_avg": 0,
            "net_income": null,
            "net_income_4q": null,
            "revenue": null,
            "revenue_4q": null,
            "common_shares": null,
            "book_valuer_per_share": null,
            "book_valuer_per_share_4q_avg": 0,
            "equity": null,
            "current_ratio": null,
            "debt_ratio": null,
            "inventory_turnover_ratio": null,
            "account_receivable_turnover_ratio": null,
            "reinvestment_rate": null,
            "research_to_sale_ratio": null,
            "price_fair": 0,
            "eps_avg_yearly": 0,
            "eps_latest_yearly": 0,
            "eps_growth_yearly": 0
        },
        "20033": {
            "year_quarter": 20033,
            "year": 2003,
            "quarter": 3,
            "eps": null,
            "eps_growth_year": null,
            "eps_4q": null,
            "eps_4q_growth_year": null,
            "roe": null,
            "roe_4q": 0,
            "gross_profit": null,
            "gross_margin": null,
            "gross_margin_4q_avg": 0,
            "net_income": null,
            "net_income_4q": null,
            "revenue": null,
            "revenue_4q": null,
            "common_shares": null,
            "book_valuer_per_share": null,
            "book_valuer_per_share_4q_avg": 0,
            "equity": null,
            "current_ratio": null,
            "debt_ratio": null,
            "inventory_turnover_ratio": null,
            "account_receivable_turnover_ratio": null,
            "reinvestment_rate": null,
            "research_to_sale_ratio": null,
            "price_fair": 0,
            "eps_avg_yearly": 0,
            "eps_latest_yearly": 0,
            "eps_growth_yearly": 0
        },
        "20034": {
            "year_quarter": 20034,
            "year": 2003,
            "quarter": 4,
            "eps": null,
            "eps_growth_year": null,
            "eps_4q": null,
            "eps_4q_growth_year": null,
            "roe": null,
            "roe_4q": 0,
            "gross_profit": null,
            "gross_margin": null,
            "gross_margin_4q_avg": 0,
            "net_income": null,
            "net_income_4q": null,
            "revenue": null,
            "revenue_4q": null,
            "common_shares": null,
            "book_valuer_per_share": null,
            "book_valuer_per_share_4q_avg": 0,
            "equity": null,
            "current_ratio": null,
            "debt_ratio": null,
            "inventory_turnover_ratio": null,
            "account_receivable_turnover_ratio": null,
            "reinvestment_rate": null,
            "research_to_sale_ratio": null,
            "price_fair": 0,
            "eps_avg_yearly": 0,
            "eps_latest_yearly": 0,
            "eps_growth_yearly": 0
        },
        "20041": {
            "year_quarter": 20041,
            "year": 2004,
            "quarter": 1,
            "eps": null,
            "eps_growth_year": null,
            "eps_4q": null,
            "eps_4q_growth_year": null,
            "roe": null,
            "roe_4q": 0,
            "gross_profit": null,
            "gross_margin": null,
            "gross_margin_4q_avg": 0,
            "net_income": null,
            "net_income_4q": null,
            "revenue": null,
            "revenue_4q": null,
            "common_shares": null,
            "book_valuer_per_share": null,
            "book_valuer_per_share_4q_avg": 0,
            "equity": null,
            "current_ratio": null,
            "debt_ratio": null,
            "inventory_turnover_ratio": null,
            "account_receivable_turnover_ratio": null,
            "reinvestment_rate": null,
            "research_to_sale_ratio": null,
            "price_fair": 0,
            "eps_avg_yearly": 0,
            "eps_latest_yearly": 0,
            "eps_growth_yearly": 0
        },
        "20042": {
            "year_quarter": 20042,
            "year": 2004,
            "quarter": 2,
            "eps": null,
            "eps_growth_year": null,
            "eps_4q": null,
            "eps_4q_growth_year": null,
            "roe": null,
            "roe_4q": 0,
            "gross_profit": null,
            "gross_margin": null,
            "gross_margin_4q_avg": 0,
            "net_income": null,
            "net_income_4q": null,
            "revenue": null,
            "revenue_4q": null,
            "common_shares": null,
            "book_valuer_per_share": null,
            "book_valuer_per_share_4q_avg": 0,
            "equity": null,
            "current_ratio": null,
            "debt_ratio": null,
            "inventory_turnover_ratio": null,
            "account_receivable_turnover_ratio": null,
            "reinvestment_rate": null,
            "research_to_sale_ratio": null,
            "price_fair": 0,
            "eps_avg_yearly": 0,
            "eps_latest_yearly": 0,
            "eps_growth_yearly": 0
        },
        "20043": {
            "year_quarter": 20043,
            "year": 2004,
            "quarter": 3,
            "eps": null,
            "eps_growth_year": null,
            "eps_4q": null,
            "eps_4q_growth_year": null,
            "roe": null,
            "roe_4q": 0,
            "gross_profit": null,
            "gross_margin": null,
            "gross_margin_4q_avg": 0,
            "net_income": null,
            "net_income_4q": null,
            "revenue": null,
            "revenue_4q": null,
            "common_shares": null,
            "book_valuer_per_share": null,
            "book_valuer_per_share_4q_avg": 0,
            "equity": null,
            "current_ratio": null,
            "debt_ratio": null,
            "inventory_turnover_ratio": null,
            "account_receivable_turnover_ratio": null,
            "reinvestment_rate": null,
            "research_to_sale_ratio": null,
            "price_fair": 0,
            "eps_avg_yearly": 0,
            "eps_latest_yearly": 0,
            "eps_growth_yearly": 0
        },
        "20044": {
            "year_quarter": 20044,
            "year": 2004,
            "quarter": 4,
            "eps": null,
            "eps_growth_year": null,
            "eps_4q": null,
            "eps_4q_growth_year": null,
            "roe": null,
            "roe_4q": 0,
            "gross_profit": null,
            "gross_margin": null,
            "gross_margin_4q_avg": 0,
            "net_income": null,
            "net_income_4q": null,
            "revenue": null,
            "revenue_4q": null,
            "common_shares": 4268750,
            "book_valuer_per_share": 10.47,
            "book_valuer_per_share_4q_avg": 2.62,
            "equity": 4469539,
            "current_ratio": 38.12,
            "debt_ratio": 47.39,
            "inventory_turnover_ratio": null,
            "account_receivable_turnover_ratio": null,
            "reinvestment_rate": null,
            "research_to_sale_ratio": null,
            "price_fair": 0,
            "eps_avg_yearly": 0,
            "eps_latest_yearly": 0,
            "eps_growth_yearly": 0
        },
        "20051": {
            "year_quarter": 20051,
            "year": 2005,
            "quarter": 1,
            "eps": null,
            "eps_growth_year": null,
            "eps_4q": null,
            "eps_4q_growth_year": null,
            "roe": null,
            "roe_4q": 0,
            "gross_profit": null,
            "gross_margin": null,
            "gross_margin_4q_avg": 0,
            "net_income": null,
            "net_income_4q": null,
            "revenue": null,
            "revenue_4q": null,
            "common_shares": null,
            "book_valuer_per_share": null,
            "book_valuer_per_share_4q_avg": 2.62,
            "equity": null,
            "current_ratio": null,
            "debt_ratio": null,
            "inventory_turnover_ratio": null,
            "account_receivable_turnover_ratio": null,
            "reinvestment_rate": null,
            "research_to_sale_ratio": null,
            "price_fair": 0,
            "eps_avg_yearly": 0,
            "eps_latest_yearly": 0,
            "eps_growth_yearly": 0
        },
        "20052": {
            "year_quarter": 20052,
            "year": 2005,
            "quarter": 2,
            "eps": null,
            "eps_growth_year": null,
            "eps_4q": null,
            "eps_4q_growth_year": null,
            "roe": null,
            "roe_4q": 0,
            "gross_profit": null,
            "gross_margin": null,
            "gross_margin_4q_avg": 0,
            "net_income": null,
            "net_income_4q": null,
            "revenue": null,
            "revenue_4q": null,
            "common_shares": null,
            "book_valuer_per_share": null,
            "book_valuer_per_share_4q_avg": 2.62,
            "equity": null,
            "current_ratio": null,
            "debt_ratio": null,
            "inventory_turnover_ratio": null,
            "account_receivable_turnover_ratio": null,
            "reinvestment_rate": null,
            "research_to_sale_ratio": null,
            "price_fair": 0,
            "eps_avg_yearly": 0,
            "eps_latest_yearly": 0,
            "eps_growth_yearly": 0
        },
        "20053": {
            "year_quarter": 20053,
            "year": 2005,
            "quarter": 3,
            "eps": null,
            "eps_growth_year": null,
            "eps_4q": null,
            "eps_4q_growth_year": null,
            "roe": null,
            "roe_4q": 0,
            "gross_profit": null,
            "gross_margin": null,
            "gross_margin_4q_avg": 0,
            "net_income": null,
            "net_income_4q": null,
            "revenue": null,
            "revenue_4q": null,
            "common_shares": null,
            "book_valuer_per_share": null,
            "book_valuer_per_share_4q_avg": 2.62,
            "equity": null,
            "current_ratio": null,
            "debt_ratio": null,
            "inventory_turnover_ratio": null,
            "account_receivable_turnover_ratio": null,
            "reinvestment_rate": null,
            "research_to_sale_ratio": null,
            "price_fair": 0,
            "eps_avg_yearly": 0,
            "eps_latest_yearly": 0,
            "eps_growth_yearly": 0
        },
        "20054": {
            "year_quarter": 20054,
            "year": 2005,
            "quarter": 4,
            "eps": null,
            "eps_growth_year": null,
            "eps_4q": null,
            "eps_4q_growth_year": null,
            "roe": null,
            "roe_4q": 0,
            "gross_profit": null,
            "gross_margin": null,
            "gross_margin_4q_avg": 0,
            "net_income": null,
            "net_income_4q": null,
            "revenue": null,
            "revenue_4q": null,
            "common_shares": 4268750,
            "book_valuer_per_share": 12.87,
            "book_valuer_per_share_4q_avg": 3.22,
            "equity": 5495187,
            "current_ratio": 43.3,
            "debt_ratio": 42.63,
            "inventory_turnover_ratio": null,
            "account_receivable_turnover_ratio": null,
            "reinvestment_rate": null,
            "research_to_sale_ratio": null,
            "price_fair": 0,
            "eps_avg_yearly": 0,
            "eps_latest_yearly": 0,
            "eps_growth_yearly": 0
        },
        "20061": {
            "year_quarter": 20061,
            "year": 2006,
            "quarter": 1,
            "eps": null,
            "eps_growth_year": null,
            "eps_4q": null,
            "eps_4q_growth_year": null,
            "roe": null,
            "roe_4q": 0,
            "gross_profit": null,
            "gross_margin": null,
            "gross_margin_4q_avg": 0,
            "net_income": null,
            "net_income_4q": null,
            "revenue": null,
            "revenue_4q": null,
            "common_shares": null,
            "book_valuer_per_share": null,
            "book_valuer_per_share_4q_avg": 3.22,
            "equity": null,
            "current_ratio": null,
            "debt_ratio": null,
            "inventory_turnover_ratio": null,
            "account_receivable_turnover_ratio": null,
            "reinvestment_rate": null,
            "research_to_sale_ratio": null,
            "price_fair": 0,
            "eps_avg_yearly": 0,
            "eps_latest_yearly": 0,
            "eps_growth_yearly": 0
        },
        "20062": {
            "year_quarter": 20062,
            "year": 2006,
            "quarter": 2,
            "eps": null,
            "eps_growth_year": null,
            "eps_4q": null,
            "eps_4q_growth_year": null,
            "roe": null,
            "roe_4q": 0,
            "gross_profit": null,
            "gross_margin": null,
            "gross_margin_4q_avg": 0,
            "net_income": null,
            "net_income_4q": null,
            "revenue": null,
            "revenue_4q": null,
            "common_shares": null,
            "book_valuer_per_share": null,
            "book_valuer_per_share_4q_avg": 3.22,
            "equity": null,
            "current_ratio": null,
            "debt_ratio": null,
            "inventory_turnover_ratio": null,
            "account_receivable_turnover_ratio": null,
            "reinvestment_rate": null,
            "research_to_sale_ratio": null,
            "price_fair": 0,
            "eps_avg_yearly": 0,
            "eps_latest_yearly": 0,
            "eps_growth_yearly": 0
        },
        "20063": {
            "year_quarter": 20063,
            "year": 2006,
            "quarter": 3,
            "eps": 1.04,
            "eps_growth_year": null,
            "eps_4q": null,
            "eps_4q_growth_year": null,
            "roe": 5.32,
            "roe_4q": 5.32,
            "gross_profit": 634202,
            "gross_margin": 40.08,
            "gross_margin_4q_avg": 10.02,
            "net_income": 552139,
            "net_income_4q": null,
            "revenue": 1582211,
            "revenue_4q": null,
            "common_shares": 6000750,
            "book_valuer_per_share": 17.28,
            "book_valuer_per_share_4q_avg": 7.54,
            "equity": 10370599,
            "current_ratio": 81.53,
            "debt_ratio": 22.14,
            "inventory_turnover_ratio": 1.16,
            "account_receivable_turnover_ratio": null,
            "reinvestment_rate": null,
            "research_to_sale_ratio": null,
            "price_fair": 0,
            "eps_avg_yearly": 0,
            "eps_latest_yearly": 0,
            "eps_growth_yearly": 0
        },
        "20064": {
            "year_quarter": 20064,
            "year": 2006,
            "quarter": 4,
            "eps": 1.06,
            "eps_growth_year": null,
            "eps_4q": null,
            "eps_4q_growth_year": null,
            "roe": 5.27,
            "roe_4q": 10.59,
            "gross_profit": 663124,
            "gross_margin": 40.68,
            "gross_margin_4q_avg": 20.19,
            "net_income": 560923,
            "net_income_4q": null,
            "revenue": 1629916,
            "revenue_4q": null,
            "common_shares": 6000750,
            "book_valuer_per_share": 18.22,
            "book_valuer_per_share_4q_avg": 8.88,
            "equity": 10931546,
            "current_ratio": 90.44,
            "debt_ratio": 19.84,
            "inventory_turnover_ratio": 1.09,
            "account_receivable_turnover_ratio": null,
            "reinvestment_rate": null,
            "research_to_sale_ratio": null,
            "price_fair": 75.02,
            "eps_avg_yearly": 4.24,
            "eps_latest_yearly": 4.24,
            "eps_growth_yearly": 7.69
        },
        "20071": {
            "year_quarter": 20071,
            "year": 2007,
            "quarter": 1,
            "eps": 1.03,
            "eps_growth_year": null,
            "eps_4q": null,
            "eps_4q_growth_year": null,
            "roe": 5.69,
            "roe_4q": 16.28,
            "gross_profit": 660295,
            "gross_margin": 38.82,
            "gross_margin_4q_avg": 29.9,
            "net_income": 640328,
            "net_income_4q": null,
            "revenue": 1700953,
            "revenue_4q": null,
            "common_shares": 6000750,
            "book_valuer_per_share": 19.28,
            "book_valuer_per_share_4q_avg": 13.7,
            "equity": 11571876,
            "current_ratio": 98.62,
            "debt_ratio": 18.7,
            "inventory_turnover_ratio": 1,
            "account_receivable_turnover_ratio": null,
            "reinvestment_rate": null,
            "research_to_sale_ratio": null,
            "price_fair": 12.54,
            "eps_avg_yearly": 4.18,
            "eps_latest_yearly": 4.12,
            "eps_growth_yearly": -1.81
        },
        "20072": {
            "year_quarter": 20072,
            "year": 2007,
            "quarter": 2,
            "eps": 0.9,
            "eps_growth_year": null,
            "eps_4q": 3.72,
            "eps_4q_growth_year": null,
            "roe": 4.77,
            "roe_4q": 21.05,
            "gross_profit": 736073,
            "gross_margin": 36.51,
            "gross_margin_4q_avg": 39.02,
            "net_income": 559336,
            "net_income_4q": null,
            "revenue": 2015870,
            "revenue_4q": null,
            "common_shares": 6000750,
            "book_valuer_per_share": 19.79,
            "book_valuer_per_share_4q_avg": 18.64,
            "equity": 11872651,
            "current_ratio": 76.71,
            "debt_ratio": 22.83,
            "inventory_turnover_ratio": 1.11,
            "account_receivable_turnover_ratio": null,
            "reinvestment_rate": null,
            "research_to_sale_ratio": null,
            "price_fair": 11.96,
            "eps_avg_yearly": 3.99,
            "eps_latest_yearly": 3.6,
            "eps_growth_yearly": -18.04
        },
        "20073": {
            "year_quarter": 20073,
            "year": 2007,
            "quarter": 3,
            "eps": 1.17,
            "eps_growth_year": 12.5,
            "eps_4q": 4,
            "eps_4q_growth_year": null,
            "roe": 5.95,
            "roe_4q": 21.68,
            "gross_profit": 793494,
            "gross_margin": 34.7,
            "gross_margin_4q_avg": 37.68,
            "net_income": 728019,
            "net_income_4q": null,
            "revenue": 2286868,
            "revenue_4q": null,
            "common_shares": 6246781,
            "book_valuer_per_share": 20.17,
            "book_valuer_per_share_4q_avg": 19.37,
            "equity": 12600720,
            "current_ratio": 61.51,
            "debt_ratio": 29.05,
            "inventory_turnover_ratio": 1.24,
            "account_receivable_turnover_ratio": null,
            "reinvestment_rate": null,
            "research_to_sale_ratio": null,
            "price_fair": 110.12,
            "eps_avg_yearly": 4.16,
            "eps_latest_yearly": 4.68,
            "eps_growth_yearly": 16.47
        },
        "20074": {
            "year_quarter": 20074,
            "year": 2007,
            "quarter": 4,
            "eps": 3.62,
            "eps_growth_year": 241.51,
            "eps_4q": 6.7,
            "eps_4q_growth_year": null,
            "roe": 14.44,
            "roe_4q": 30.85,
            "gross_profit": 855055,
            "gross_margin": 35.9,
            "gross_margin_4q_avg": 36.48,
            "net_income": 2264307,
            "net_income_4q": null,
            "revenue": 2382008,
            "revenue_4q": null,
            "common_shares": 6452041,
            "book_valuer_per_share": 29.08,
            "book_valuer_per_share_4q_avg": 22.08,
            "equity": 18764964,
            "current_ratio": 130.01,
            "debt_ratio": 16.41,
            "inventory_turnover_ratio": 1.24,
            "account_receivable_turnover_ratio": null,
            "reinvestment_rate": null,
            "research_to_sale_ratio": null,
            "price_fair": 217.84,
            "eps_avg_yearly": 6.22,
            "eps_latest_yearly": 14.48,
            "eps_growth_yearly": 180.7
        },
        "20081": {
            "year_quarter": 20081,
            "year": 2008,
            "quarter": 1,
            "eps": 0.81,
            "eps_growth_year": -21.36,
            "eps_4q": 6.32,
            "eps_4q_growth_year": null,
            "roe": 2.75,
            "roe_4q": 27.909999999999997,
            "gross_profit": 814329,
            "gross_margin": 38.05,
            "gross_margin_4q_avg": 36.29,
            "net_income": 522387,
            "net_income_4q": null,
            "revenue": 2139878,
            "revenue_4q": null,
            "common_shares": 6452041,
            "book_valuer_per_share": 29.89,
            "book_valuer_per_share_4q_avg": 24.73,
            "equity": 19287330,
            "current_ratio": 149.86,
            "debt_ratio": 12.74,
            "inventory_turnover_ratio": 1.05,
            "account_receivable_turnover_ratio": null,
            "reinvestment_rate": null,
            "research_to_sale_ratio": null,
            "price_fair": 200.43,
            "eps_avg_yearly": 5.73,
            "eps_latest_yearly": 3.24,
            "eps_growth_yearly": 98.83
        },
        "20082": {
            "year_quarter": 20082,
            "year": 2008,
            "quarter": 2,
            "eps": 0.51,
            "eps_growth_year": -43.33,
            "eps_4q": 5.92,
            "eps_4q_growth_year": 58.99,
            "roe": 1.75,
            "roe_4q": 24.889999999999997,
            "gross_profit": 707831,
            "gross_margin": 32.86,
            "gross_margin_4q_avg": 35.38,
            "net_income": 331550,
            "net_income_4q": null,
            "revenue": 2154366,
            "revenue_4q": null,
            "common_shares": 6452041,
            "book_valuer_per_share": 28.91,
            "book_valuer_per_share_4q_avg": 27.01,
            "equity": 18654930,
            "current_ratio": 108.58,
            "debt_ratio": 13.74,
            "inventory_turnover_ratio": 1.21,
            "account_receivable_turnover_ratio": null,
            "reinvestment_rate": null,
            "research_to_sale_ratio": null,
            "price_fair": 182,
            "eps_avg_yearly": 5.2,
            "eps_latest_yearly": 2.04,
            "eps_growth_yearly": 63.55
        },
        "20083": {
            "year_quarter": 20083,
            "year": 2008,
            "quarter": 3,
            "eps": 0.94,
            "eps_growth_year": -19.66,
            "eps_4q": 5.18,
            "eps_4q_growth_year": 29.59,
            "roe": 3.64,
            "roe_4q": 22.58,
            "gross_profit": 913062,
            "gross_margin": 40.17,
            "gross_margin_4q_avg": 36.75,
            "net_income": 690846,
            "net_income_4q": null,
            "revenue": 2273230,
            "revenue_4q": null,
            "common_shares": 7387587,
            "book_valuer_per_share": 26.19,
            "book_valuer_per_share_4q_avg": 28.52,
            "equity": 19345755,
            "current_ratio": 102.19,
            "debt_ratio": 15.14,
            "inventory_turnover_ratio": 1.12,
            "account_receivable_turnover_ratio": null,
            "reinvestment_rate": null,
            "research_to_sale_ratio": null,
            "price_fair": 175.7,
            "eps_avg_yearly": 5.02,
            "eps_latest_yearly": 3.76,
            "eps_growth_yearly": 97.76
        },
        "20084": {
            "year_quarter": 20084,
            "year": 2008,
            "quarter": 4,
            "eps": 0.44,
            "eps_growth_year": -87.85,
            "eps_4q": 2.51,
            "eps_4q_growth_year": -62.52,
            "roe": 1.68,
            "roe_4q": 9.82,
            "gross_profit": 505554,
            "gross_margin": 36.55,
            "gross_margin_4q_avg": 36.91,
            "net_income": 328018,
            "net_income_4q": null,
            "revenue": 1383222,
            "revenue_4q": null,
            "common_shares": 7387587,
            "book_valuer_per_share": 26.63,
            "book_valuer_per_share_4q_avg": 27.91,
            "equity": 19673755,
            "current_ratio": 120.17,
            "debt_ratio": 13.83,
            "inventory_turnover_ratio": 0.53,
            "account_receivable_turnover_ratio": null,
            "reinvestment_rate": null,
            "research_to_sale_ratio": null,
            "price_fair": 163.02,
            "eps_avg_yearly": 4.66,
            "eps_latest_yearly": 1.76,
            "eps_growth_yearly": 63.26
        },
        "20091": {
            "year_quarter": 20091,
            "year": 2009,
            "quarter": 1,
            "eps": -0.53,
            "eps_growth_year": -165.43,
            "eps_4q": 1.3,
            "eps_4q_growth_year": -79.5,
            "roe": -2.02,
            "roe_4q": 5.05,
            "gross_profit": -362321,
            "gross_margin": -46.16,
            "gross_margin_4q_avg": 15.86,
            "net_income": -393483,
            "net_income_4q": null,
            "revenue": 784943,
            "revenue_4q": null,
            "common_shares": 7387587,
            "book_valuer_per_share": 26.1,
            "book_valuer_per_share_4q_avg": 26.96,
            "equity": 19280270,
            "current_ratio": 116.3,
            "debt_ratio": 14.68,
            "inventory_turnover_ratio": 0.6,
            "account_receivable_turnover_ratio": null,
            "reinvestment_rate": null,
            "research_to_sale_ratio": null,
            "price_fair": 163.02,
            "eps_avg_yearly": 4.66,
            "eps_latest_yearly": 1.76,
            "eps_growth_yearly": 63.26
        },
        "20092": {
            "year_quarter": 20092,
            "year": 2009,
            "quarter": 2,
            "eps": -0.24,
            "eps_growth_year": -147.06,
            "eps_4q": 0.61,
            "eps_4q_growth_year": -89.72,
            "roe": -0.93,
            "roe_4q": 2.37,
            "gross_profit": 37458,
            "gross_margin": 1.9,
            "gross_margin_4q_avg": 8.12,
            "net_income": -175885,
            "net_income_4q": null,
            "revenue": 1969969,
            "revenue_4q": null,
            "common_shares": 7387587,
            "book_valuer_per_share": 24.96,
            "book_valuer_per_share_4q_avg": 25.97,
            "equity": 18439536,
            "current_ratio": 100.13,
            "debt_ratio": 19.06,
            "inventory_turnover_ratio": 0.99,
            "account_receivable_turnover_ratio": 3.4,
            "reinvestment_rate": null,
            "research_to_sale_ratio": null,
            "price_fair": 163.02,
            "eps_avg_yearly": 4.66,
            "eps_latest_yearly": 1.76,
            "eps_growth_yearly": 63.26
        },
        "20093": {
            "year_quarter": 20093,
            "year": 2009,
            "quarter": 3,
            "eps": -0.16,
            "eps_growth_year": -117.02,
            "eps_4q": -0.47,
            "eps_4q_growth_year": -109.09,
            "roe": -0.68,
            "roe_4q": -1.95,
            "gross_profit": -76509,
            "gross_margin": -4.05,
            "gross_margin_4q_avg": -2.94,
            "net_income": -124170,
            "net_income_4q": null,
            "revenue": 1888649,
            "revenue_4q": null,
            "common_shares": 7756966,
            "book_valuer_per_share": 23.61,
            "book_valuer_per_share_4q_avg": 25.33,
            "equity": 18315392,
            "current_ratio": 95.39,
            "debt_ratio": 18.33,
            "inventory_turnover_ratio": 0.96,
            "account_receivable_turnover_ratio": 1.54,
            "reinvestment_rate": null,
            "research_to_sale_ratio": null,
            "price_fair": 163.02,
            "eps_avg_yearly": 4.66,
            "eps_latest_yearly": 1.76,
            "eps_growth_yearly": 63.26
        },
        "20094": {
            "year_quarter": 20094,
            "year": 2009,
            "quarter": 4,
            "eps": 0.03,
            "eps_growth_year": -93.18,
            "eps_4q": -0.81,
            "eps_4q_growth_year": -132.17,
            "roe": 0.14,
            "roe_4q": -3.49,
            "gross_profit": 72057,
            "gross_margin": 3.15,
            "gross_margin_4q_avg": -11.29,
            "net_income": 24824,
            "net_income_4q": null,
            "revenue": 2285485,
            "revenue_4q": null,
            "common_shares": 7756966,
            "book_valuer_per_share": 23.64,
            "book_valuer_per_share_4q_avg": 24.58,
            "equity": 18340211,
            "current_ratio": 210.82,
            "debt_ratio": 17.49,
            "inventory_turnover_ratio": 1.13,
            "account_receivable_turnover_ratio": 1.66,
            "reinvestment_rate": null,
            "research_to_sale_ratio": null,
            "price_fair": 163.02,
            "eps_avg_yearly": 4.66,
            "eps_latest_yearly": 1.76,
            "eps_growth_yearly": 63.26
        },
        "20101": {
            "year_quarter": 20101,
            "year": 2010,
            "quarter": 1,
            "eps": null,
            "eps_growth_year": null,
            "eps_4q": null,
            "eps_4q_growth_year": null,
            "roe": null,
            "roe_4q": -1.4700000000000002,
            "gross_profit": 126783,
            "gross_margin": null,
            "gross_margin_4q_avg": 0.25,
            "net_income": 111024,
            "net_income_4q": null,
            "revenue": 2242050,
            "revenue_4q": null,
            "common_shares": 7756966,
            "book_valuer_per_share": 23.79,
            "book_valuer_per_share_4q_avg": 24,
            "equity": 18451240,
            "current_ratio": 317.08,
            "debt_ratio": 15.03,
            "inventory_turnover_ratio": null,
            "account_receivable_turnover_ratio": null,
            "reinvestment_rate": null,
            "research_to_sale_ratio": null,
            "price_fair": 163.02,
            "eps_avg_yearly": 4.66,
            "eps_latest_yearly": 1.76,
            "eps_growth_yearly": 63.26
        },
        "20102": {
            "year_quarter": 20102,
            "year": 2010,
            "quarter": 2,
            "eps": 0.19,
            "eps_growth_year": null,
            "eps_4q": 0.06,
            "eps_4q_growth_year": -90.41,
            "roe": 0.78,
            "roe_4q": 0.24,
            "gross_profit": 273271,
            "gross_margin": 10.63,
            "gross_margin_4q_avg": 2.43,
            "net_income": 144611,
            "net_income_4q": null,
            "revenue": 2569948,
            "revenue_4q": null,
            "common_shares": 7756966,
            "book_valuer_per_share": 23.97,
            "book_valuer_per_share_4q_avg": 23.75,
            "equity": 18595828,
            "current_ratio": 378.37,
            "debt_ratio": 14.53,
            "inventory_turnover_ratio": 1.3,
            "account_receivable_turnover_ratio": 3.06,
            "reinvestment_rate": 235.68,
            "research_to_sale_ratio": null,
            "price_fair": 163.02,
            "eps_avg_yearly": 4.66,
            "eps_latest_yearly": 1.76,
            "eps_growth_yearly": 63.26
        },
        "20103": {
            "year_quarter": 20103,
            "year": 2010,
            "quarter": 3,
            "eps": 0.26,
            "eps_growth_year": null,
            "eps_4q": 0.48,
            "eps_4q_growth_year": null,
            "roe": 1.09,
            "roe_4q": 2.0100000000000002,
            "gross_profit": 360791,
            "gross_margin": 13.68,
            "gross_margin_4q_avg": 6.87,
            "net_income": 203476,
            "net_income_4q": null,
            "revenue": 2636753,
            "revenue_4q": null,
            "common_shares": 7756966,
            "book_valuer_per_share": 24.24,
            "book_valuer_per_share_4q_avg": 23.91,
            "equity": 18799316,
            "current_ratio": 418.47,
            "debt_ratio": 14.68,
            "inventory_turnover_ratio": 1.31,
            "account_receivable_turnover_ratio": 1.54,
            "reinvestment_rate": 76.01,
            "research_to_sale_ratio": null,
            "price_fair": 150.36,
            "eps_avg_yearly": 4.3,
            "eps_latest_yearly": 1.04,
            "eps_growth_yearly": 71.67
        },
        "20104": {
            "year_quarter": 20104,
            "year": 2010,
            "quarter": 4,
            "eps": -0.1,
            "eps_growth_year": -417.74,
            "eps_4q": 0.35,
            "eps_4q_growth_year": null,
            "roe": -0.39,
            "roe_4q": 1.48,
            "gross_profit": 167203,
            "gross_margin": 7.61,
            "gross_margin_4q_avg": 7.98,
            "net_income": -73940,
            "net_income_4q": null,
            "revenue": 2197674,
            "revenue_4q": null,
            "common_shares": 7756966,
            "book_valuer_per_share": 24.14,
            "book_valuer_per_share_4q_avg": 24.04,
            "equity": 18725436,
            "current_ratio": 438.84,
            "debt_ratio": 14.01,
            "inventory_turnover_ratio": 1.11,
            "account_receivable_turnover_ratio": 1.4,
            "reinvestment_rate": 74.51,
            "research_to_sale_ratio": null,
            "price_fair": 150.58,
            "eps_avg_yearly": 4.3,
            "eps_latest_yearly": 1.04,
            "eps_growth_yearly": 78.78
        },
        "20111": {
            "year_quarter": 20111,
            "year": 2011,
            "quarter": 1,
            "eps": 0.15,
            "eps_growth_year": null,
            "eps_4q": 0.5,
            "eps_4q_growth_year": null,
            "roe": 0.62,
            "roe_4q": 2.1,
            "gross_profit": 221436,
            "gross_margin": 9.65,
            "gross_margin_4q_avg": 10.39,
            "net_income": 117302,
            "net_income_4q": null,
            "revenue": 2293718,
            "revenue_4q": null,
            "common_shares": 7756966,
            "book_valuer_per_share": 24.29,
            "book_valuer_per_share_4q_avg": 24.16,
            "equity": 18842729,
            "current_ratio": 525.97,
            "debt_ratio": 13.28,
            "inventory_turnover_ratio": 1.13,
            "account_receivable_turnover_ratio": 1.54,
            "reinvestment_rate": 70.68,
            "research_to_sale_ratio": null,
            "price_fair": 151.38,
            "eps_avg_yearly": 4.33,
            "eps_latest_yearly": 1.04,
            "eps_growth_yearly": 90.04
        },
        "20112": {
            "year_quarter": 20112,
            "year": 2011,
            "quarter": 2,
            "eps": 0.14,
            "eps_growth_year": -22.95,
            "eps_4q": 0.46,
            "eps_4q_growth_year": 691.46,
            "roe": 0.59,
            "roe_4q": 1.9100000000000001,
            "gross_profit": 279886,
            "gross_margin": 11.11,
            "gross_margin_4q_avg": 10.51,
            "net_income": 111416,
            "net_income_4q": null,
            "revenue": 2519657,
            "revenue_4q": null,
            "common_shares": 7756966,
            "book_valuer_per_share": 24.04,
            "book_valuer_per_share_4q_avg": 24.18,
            "equity": 18643882,
            "current_ratio": 319.01,
            "debt_ratio": 15.8,
            "inventory_turnover_ratio": 1.25,
            "account_receivable_turnover_ratio": 1.51,
            "reinvestment_rate": 59.8,
            "research_to_sale_ratio": null,
            "price_fair": 138.08,
            "eps_avg_yearly": 3.95,
            "eps_latest_yearly": 0.56,
            "eps_growth_yearly": 93.02
        },
        "20113": {
            "year_quarter": 20113,
            "year": 2011,
            "quarter": 3,
            "eps": 0.18,
            "eps_growth_year": -30.41,
            "eps_4q": 0.38,
            "eps_4q_growth_year": -20.52,
            "roe": 0.76,
            "roe_4q": 1.58,
            "gross_profit": 179231,
            "gross_margin": 8.98,
            "gross_margin_4q_avg": 9.34,
            "net_income": 141601,
            "net_income_4q": null,
            "revenue": 1996963,
            "revenue_4q": null,
            "common_shares": 7756966,
            "book_valuer_per_share": 24.22,
            "book_valuer_per_share_4q_avg": 24.17,
            "equity": 18785427,
            "current_ratio": 186.24,
            "debt_ratio": 17.6,
            "inventory_turnover_ratio": 0.99,
            "account_receivable_turnover_ratio": 1.24,
            "reinvestment_rate": 74.12,
            "research_to_sale_ratio": null,
            "price_fair": 120.75,
            "eps_avg_yearly": 3.45,
            "eps_latest_yearly": 0.72,
            "eps_growth_yearly": 92.3
        },
        "20114": {
            "year_quarter": 20114,
            "year": 2011,
            "quarter": 4,
            "eps": -0.29,
            "eps_growth_year": null,
            "eps_4q": 0.19,
            "eps_4q_growth_year": -47.6,
            "roe": -1.21,
            "roe_4q": 0.76,
            "gross_profit": -101460,
            "gross_margin": -6.06,
            "gross_margin_4q_avg": 5.92,
            "net_income": -226660,
            "net_income_4q": null,
            "revenue": 1674814,
            "revenue_4q": null,
            "common_shares": 7756966,
            "book_valuer_per_share": 23.93,
            "book_valuer_per_share_4q_avg": 24.12,
            "equity": 18558799,
            "current_ratio": 86.29,
            "debt_ratio": 23.12,
            "inventory_turnover_ratio": 0.97,
            "account_receivable_turnover_ratio": 1.31,
            "reinvestment_rate": 189.99,
            "research_to_sale_ratio": null,
            "price_fair": 5.62,
            "eps_avg_yearly": 1.87,
            "eps_latest_yearly": 0.72,
            "eps_growth_yearly": -14.17
        },
        "20121": {
            "year_quarter": 20121,
            "year": 2012,
            "quarter": 1,
            "eps": -0.19,
            "eps_growth_year": -226.67,
            "eps_4q": -0.16,
            "eps_4q_growth_year": -131.83,
            "roe": -0.82,
            "roe_4q": -0.6799999999999998,
            "gross_profit": -53444,
            "gross_margin": -2.56,
            "gross_margin_4q_avg": 2.87,
            "net_income": -150939,
            "net_income_4q": null,
            "revenue": 2084126,
            "revenue_4q": null,
            "common_shares": 7756966,
            "book_valuer_per_share": 23.73,
            "book_valuer_per_share_4q_avg": 23.98,
            "equity": 18407854,
            "current_ratio": 79.08,
            "debt_ratio": 25.68,
            "inventory_turnover_ratio": 1.24,
            "account_receivable_turnover_ratio": 1.63,
            "reinvestment_rate": 305.99,
            "research_to_sale_ratio": null,
            "price_fair": 57.63,
            "eps_avg_yearly": 1.65,
            "eps_latest_yearly": 0.72,
            "eps_growth_yearly": 35.22
        },
        "20122": {
            "year_quarter": 20122,
            "year": 2012,
            "quarter": 2,
            "eps": 0.2,
            "eps_growth_year": 40.1,
            "eps_4q": -0.1,
            "eps_4q_growth_year": -122.3,
            "roe": 0.84,
            "roe_4q": -0.42999999999999994,
            "gross_profit": 187010,
            "gross_margin": 7.77,
            "gross_margin_4q_avg": 2.03,
            "net_income": 156095,
            "net_income_4q": null,
            "revenue": 2408335,
            "revenue_4q": null,
            "common_shares": 7756966,
            "book_valuer_per_share": 23.93,
            "book_valuer_per_share_4q_avg": 23.95,
            "equity": 18563913,
            "current_ratio": 80.82,
            "debt_ratio": 24.24,
            "inventory_turnover_ratio": 1.27,
            "account_receivable_turnover_ratio": 1.62,
            "reinvestment_rate": 237.99,
            "research_to_sale_ratio": null,
            "price_fair": 54.88,
            "eps_avg_yearly": 1.57,
            "eps_latest_yearly": 0.72,
            "eps_growth_yearly": 71.9
        },
        "20123": {
            "year_quarter": 20123,
            "year": 2012,
            "quarter": 3,
            "eps": 0.2,
            "eps_growth_year": 8.4,
            "eps_4q": -0.09,
            "eps_4q_growth_year": -122.95,
            "roe": 0.82,
            "roe_4q": -0.37,
            "gross_profit": 276156,
            "gross_margin": 9.65,
            "gross_margin_4q_avg": 2.2,
            "net_income": 153498,
            "net_income_4q": null,
            "revenue": 2861027,
            "revenue_4q": null,
            "common_shares": 7756966,
            "book_valuer_per_share": 24.13,
            "book_valuer_per_share_4q_avg": 23.93,
            "equity": 18717435,
            "current_ratio": 87.47,
            "debt_ratio": 24.42,
            "inventory_turnover_ratio": 1.44,
            "account_receivable_turnover_ratio": 1.69,
            "reinvestment_rate": 343.9,
            "research_to_sale_ratio": null,
            "price_fair": 14.1,
            "eps_avg_yearly": 0.98,
            "eps_latest_yearly": 0.8,
            "eps_growth_yearly": 4.44
        },
        "20124": {
            "year_quarter": 20124,
            "year": 2012,
            "quarter": 4,
            "eps": -0.1,
            "eps_growth_year": null,
            "eps_4q": 0.11,
            "eps_4q_growth_year": -42.1,
            "roe": -0.4,
            "roe_4q": 0.43999999999999984,
            "gross_profit": 105194,
            "gross_margin": 4.88,
            "gross_margin_4q_avg": 4.94,
            "net_income": -75480,
            "net_income_4q": null,
            "revenue": 2156971,
            "revenue_4q": null,
            "common_shares": 7756966,
            "book_valuer_per_share": 24.03,
            "book_valuer_per_share_4q_avg": 23.96,
            "equity": 18641948,
            "current_ratio": 94.78,
            "debt_ratio": 22.11,
            "inventory_turnover_ratio": 1.12,
            "account_receivable_turnover_ratio": 1.29,
            "reinvestment_rate": null,
            "research_to_sale_ratio": null,
            "price_fair": 27.3,
            "eps_avg_yearly": 0.78,
            "eps_latest_yearly": 0.8,
            "eps_growth_yearly": 58.75
        },
        "20131": {
            "year_quarter": 20131,
            "year": 2013,
            "quarter": 1,
            "eps": 0.01,
            "eps_growth_year": null,
            "eps_4q": 0.31,
            "eps_4q_growth_year": null,
            "roe": 0.05,
            "roe_4q": 1.3099999999999998,
            "gross_profit": 69670,
            "gross_margin": 3.07,
            "gross_margin_4q_avg": 6.34,
            "net_income": 8656,
            "net_income_4q": null,
            "revenue": 2268002,
            "revenue_4q": null,
            "common_shares": 7756966,
            "book_valuer_per_share": 23.91,
            "book_valuer_per_share_4q_avg": 24,
            "equity": 18546827,
            "current_ratio": 104.77,
            "debt_ratio": 20.91,
            "inventory_turnover_ratio": 1.15,
            "account_receivable_turnover_ratio": 1.53,
            "reinvestment_rate": -385.03,
            "research_to_sale_ratio": null,
            "price_fair": 27.3,
            "eps_avg_yearly": 0.78,
            "eps_latest_yearly": 0.8,
            "eps_growth_yearly": 58.75
        },
        "20132": {
            "year_quarter": 20132,
            "year": 2013,
            "quarter": 2,
            "eps": 0.15,
            "eps_growth_year": -25.46,
            "eps_4q": 0.26,
            "eps_4q_growth_year": null,
            "roe": 0.62,
            "roe_4q": 1.0899999999999999,
            "gross_profit": 254175,
            "gross_margin": 9.36,
            "gross_margin_4q_avg": 6.74,
            "net_income": 114191,
            "net_income_4q": null,
            "revenue": 2715630,
            "revenue_4q": null,
            "common_shares": 7756966,
            "book_valuer_per_share": 23.96,
            "book_valuer_per_share_4q_avg": 24.01,
            "equity": 18583444,
            "current_ratio": 118.04,
            "debt_ratio": 19.07,
            "inventory_turnover_ratio": 1.31,
            "account_receivable_turnover_ratio": 1.68,
            "reinvestment_rate": -55.93,
            "research_to_sale_ratio": null,
            "price_fair": 26.04,
            "eps_avg_yearly": 0.74,
            "eps_latest_yearly": 0.6,
            "eps_growth_yearly": 1167
        },
        "20133": {
            "year_quarter": 20133,
            "year": 2013,
            "quarter": 3,
            "eps": 0.12,
            "eps_growth_year": -39.36,
            "eps_4q": 0.18,
            "eps_4q_growth_year": null,
            "roe": 0.5,
            "roe_4q": 0.7700000000000001,
            "gross_profit": 309155,
            "gross_margin": 11.97,
            "gross_margin_4q_avg": 7.32,
            "net_income": 92701,
            "net_income_4q": null,
            "revenue": 2583320,
            "revenue_4q": null,
            "common_shares": 7756966,
            "book_valuer_per_share": 24.08,
            "book_valuer_per_share_4q_avg": 24,
            "equity": 18676149,
            "current_ratio": 148.14,
            "debt_ratio": 16.8,
            "inventory_turnover_ratio": 1.26,
            "account_receivable_turnover_ratio": 1.49,
            "reinvestment_rate": 79.58,
            "research_to_sale_ratio": null,
            "price_fair": 24.5,
            "eps_avg_yearly": 0.7,
            "eps_latest_yearly": 0.48,
            "eps_growth_yearly": 959.16
        },
        "20134": {
            "year_quarter": 20134,
            "year": 2013,
            "quarter": 4,
            "eps": 0.13,
            "eps_growth_year": null,
            "eps_4q": 0.4,
            "eps_4q_growth_year": 277.61,
            "roe": 0.53,
            "roe_4q": 1.7,
            "gross_profit": 220773,
            "gross_margin": 9.62,
            "gross_margin_4q_avg": 8.51,
            "net_income": 98529,
            "net_income_4q": null,
            "revenue": 2295631,
            "revenue_4q": null,
            "common_shares": 7756966,
            "book_valuer_per_share": 24.21,
            "book_valuer_per_share_4q_avg": 24.04,
            "equity": 18780734,
            "current_ratio": 178.45,
            "debt_ratio": 14.26,
            "inventory_turnover_ratio": 1.07,
            "account_receivable_turnover_ratio": 1.39,
            "reinvestment_rate": 74.84,
            "research_to_sale_ratio": null,
            "price_fair": 23.6,
            "eps_avg_yearly": 0.67,
            "eps_latest_yearly": 0.52,
            "eps_growth_yearly": 826.9
        },
        "20141": {
            "year_quarter": 20141,
            "year": 2014,
            "quarter": 1,
            "eps": 0.22,
            "eps_growth_year": 2100,
            "eps_4q": 0.61,
            "eps_4q_growth_year": 95.46,
            "roe": 0.9,
            "roe_4q": 2.5500000000000003,
            "gross_profit": 272954,
            "gross_margin": 9.97,
            "gross_margin_4q_avg": 10.23,
            "net_income": 169096,
            "net_income_4q": null,
            "revenue": 2738251,
            "revenue_4q": null,
            "common_shares": 7756966,
            "book_valuer_per_share": 24.43,
            "book_valuer_per_share_4q_avg": 24.17,
            "equity": 18949816,
            "current_ratio": 248.93,
            "debt_ratio": 11.73,
            "inventory_turnover_ratio": 1.3,
            "account_receivable_turnover_ratio": 1.6,
            "reinvestment_rate": 66.43,
            "research_to_sale_ratio": null,
            "price_fair": 24.5,
            "eps_avg_yearly": 0.7,
            "eps_latest_yearly": 0.88,
            "eps_growth_yearly": 758.16
        },
        "20142": {
            "year_quarter": 20142,
            "year": 2014,
            "quarter": 2,
            "eps": 0.26,
            "eps_growth_year": 73.33,
            "eps_4q": 0.72,
            "eps_4q_growth_year": 179.3,
            "roe": 1.06,
            "roe_4q": 2.99,
            "gross_profit": 352341,
            "gross_margin": 12.33,
            "gross_margin_4q_avg": 10.97,
            "net_income": 200681,
            "net_income_4q": null,
            "revenue": 2858039,
            "revenue_4q": null,
            "common_shares": 7756966,
            "book_valuer_per_share": 24.39,
            "book_valuer_per_share_4q_avg": 24.28,
            "equity": 18917789,
            "current_ratio": 242.06,
            "debt_ratio": 12.31,
            "inventory_turnover_ratio": 1.47,
            "account_receivable_turnover_ratio": 1.53,
            "reinvestment_rate": 48.67,
            "research_to_sale_ratio": null,
            "price_fair": 25.82,
            "eps_avg_yearly": 0.74,
            "eps_latest_yearly": 1.04,
            "eps_growth_yearly": 682
        },
        "20143": {
            "year_quarter": 20143,
            "year": 2014,
            "quarter": 3,
            "eps": 0.46,
            "eps_growth_year": 283.33,
            "eps_4q": 1.06,
            "eps_4q_growth_year": 488.44,
            "roe": 1.86,
            "roe_4q": 4.35,
            "gross_profit": 474875,
            "gross_margin": 17.04,
            "gross_margin_4q_avg": 12.24,
            "net_income": 355913,
            "net_income_4q": null,
            "revenue": 2786738,
            "revenue_4q": null,
            "common_shares": 7756966,
            "book_valuer_per_share": 24.85,
            "book_valuer_per_share_4q_avg": 24.47,
            "equity": 19273689,
            "current_ratio": 309.22,
            "debt_ratio": 11.19,
            "inventory_turnover_ratio": 1.37,
            "account_receivable_turnover_ratio": 1.57,
            "reinvestment_rate": 36.85,
            "research_to_sale_ratio": null,
            "price_fair": 28.93,
            "eps_avg_yearly": 0.83,
            "eps_latest_yearly": 1.84,
            "eps_growth_yearly": 699.81
        },
        "20144": {
            "year_quarter": 20144,
            "year": 2014,
            "quarter": 4,
            "eps": 0.47,
            "eps_growth_year": 266.5,
            "eps_4q": 1.4,
            "eps_4q_growth_year": 246.03,
            "roe": 1.86,
            "roe_4q": 5.680000000000001,
            "gross_profit": 450311,
            "gross_margin": 16.29,
            "gross_margin_4q_avg": 13.91,
            "net_income": 361112,
            "net_income_4q": null,
            "revenue": 2763986,
            "revenue_4q": null,
            "common_shares": 7756966,
            "book_valuer_per_share": 25.32,
            "book_valuer_per_share_4q_avg": 24.75,
            "equity": 19639050,
            "current_ratio": 338.33,
            "debt_ratio": 10.61,
            "inventory_turnover_ratio": 1.34,
            "account_receivable_turnover_ratio": 1.67,
            "reinvestment_rate": 14.68,
            "research_to_sale_ratio": null,
            "price_fair": 32.62,
            "eps_avg_yearly": 0.93,
            "eps_latest_yearly": 1.88,
            "eps_growth_yearly": 630.7
        },
        "20151": {
            "year_quarter": 20151,
            "year": 2015,
            "quarter": 1,
            "eps": 0.51,
            "eps_growth_year": 131.82,
            "eps_4q": 1.69,
            "eps_4q_growth_year": 176.39,
            "roe": 1.99,
            "roe_4q": 6.77,
            "gross_profit": 583144,
            "gross_margin": 20.02,
            "gross_margin_4q_avg": 16.42,
            "net_income": 393808,
            "net_income_4q": null,
            "revenue": 2912896,
            "revenue_4q": null,
            "common_shares": 7756966,
            "book_valuer_per_share": 25.82,
            "book_valuer_per_share_4q_avg": 25.1,
            "equity": 20030107,
            "current_ratio": 407.01,
            "debt_ratio": 10.15,
            "inventory_turnover_ratio": 1.33,
            "account_receivable_turnover_ratio": 1.75,
            "reinvestment_rate": -2.41,
            "research_to_sale_ratio": null,
            "price_fair": 36.15,
            "eps_avg_yearly": 1.03,
            "eps_latest_yearly": 2.04,
            "eps_growth_yearly": 576.46
        },
        "20152": {
            "year_quarter": 20152,
            "year": 2015,
            "quarter": 2,
            "eps": 0.43,
            "eps_growth_year": 65.38,
            "eps_4q": 1.86,
            "eps_4q_growth_year": 157.19,
            "roe": 1.68,
            "roe_4q": 7.390000000000001,
            "gross_profit": 521780,
            "gross_margin": 19.18,
            "gross_margin_4q_avg": 18.13,
            "net_income": 332003,
            "net_income_4q": null,
            "revenue": 2720751,
            "revenue_4q": null,
            "common_shares": 7756966,
            "book_valuer_per_share": 25.25,
            "book_valuer_per_share_4q_avg": 25.31,
            "equity": 19589454,
            "current_ratio": 331.5,
            "debt_ratio": 10.65,
            "inventory_turnover_ratio": 1.22,
            "account_receivable_turnover_ratio": 1.6,
            "reinvestment_rate": -20.06,
            "research_to_sale_ratio": null,
            "price_fair": 39.84,
            "eps_avg_yearly": 1.14,
            "eps_latest_yearly": 1.72,
            "eps_growth_yearly": 573.18
        },
        "20153": {
            "year_quarter": 20153,
            "year": 2015,
            "quarter": 3,
            "eps": 0.53,
            "eps_growth_year": 15.22,
            "eps_4q": 1.94,
            "eps_4q_growth_year": 82.11,
            "roe": 2.09,
            "roe_4q": 7.62,
            "gross_profit": 538731,
            "gross_margin": 21.62,
            "gross_margin_4q_avg": 19.28,
            "net_income": 414080,
            "net_income_4q": null,
            "revenue": 2491295,
            "revenue_4q": null,
            "common_shares": 7756966,
            "book_valuer_per_share": 25.82,
            "book_valuer_per_share_4q_avg": 25.55,
            "equity": 20027134,
            "current_ratio": 452.06,
            "debt_ratio": 8.13,
            "inventory_turnover_ratio": 0.99,
            "account_receivable_turnover_ratio": 1.44,
            "reinvestment_rate": -102.41,
            "research_to_sale_ratio": null,
            "price_fair": 44.29,
            "eps_avg_yearly": 1.27,
            "eps_latest_yearly": 2.12,
            "eps_growth_yearly": 571.24
        },
        "20154": {
            "year_quarter": 20154,
            "year": 2015,
            "quarter": 4,
            "eps": 0.18,
            "eps_growth_year": -61.74,
            "eps_4q": 1.65,
            "eps_4q_growth_year": 17.6,
            "roe": 0.69,
            "roe_4q": 6.45,
            "gross_profit": 231347,
            "gross_margin": 9.79,
            "gross_margin_4q_avg": 17.65,
            "net_income": 138160,
            "net_income_4q": null,
            "revenue": 2362955,
            "revenue_4q": null,
            "common_shares": 7756966,
            "book_valuer_per_share": 25.95,
            "book_valuer_per_share_4q_avg": 25.71,
            "equity": 20129409,
            "current_ratio": 412.52,
            "debt_ratio": 9.16,
            "inventory_turnover_ratio": 0.97,
            "account_receivable_turnover_ratio": 1.49,
            "reinvestment_rate": -169.99,
            "research_to_sale_ratio": null,
            "price_fair": 42.7,
            "eps_avg_yearly": 1.22,
            "eps_latest_yearly": 0.72,
            "eps_growth_yearly": 501.63
        },
        "20161": {
            "year_quarter": 20161,
            "year": 2016,
            "quarter": 1,
            "eps": 0.17,
            "eps_growth_year": -66.67,
            "eps_4q": 1.31,
            "eps_4q_growth_year": -22.25,
            "roe": 0.67,
            "roe_4q": 5.13,
            "gross_profit": 279556,
            "gross_margin": 11.02,
            "gross_margin_4q_avg": 15.4,
            "net_income": 135493,
            "net_income_4q": null,
            "revenue": 2535917,
            "revenue_4q": null,
            "common_shares": 7756966,
            "book_valuer_per_share": 26.14,
            "book_valuer_per_share_4q_avg": 25.79,
            "equity": 20276896,
            "current_ratio": 519.95,
            "debt_ratio": 7.65,
            "inventory_turnover_ratio": 0.96,
            "account_receivable_turnover_ratio": 1.76,
            "reinvestment_rate": -173.12,
            "research_to_sale_ratio": null,
            "price_fair": 41.25,
            "eps_avg_yearly": 1.18,
            "eps_latest_yearly": 0.68,
            "eps_growth_yearly": 461.33
        },
        "20162": {
            "year_quarter": 20162,
            "year": 2016,
            "quarter": 2,
            "eps": 0.31,
            "eps_growth_year": -27.91,
            "eps_4q": 1.2,
            "eps_4q_growth_year": -35.51,
            "roe": 1.21,
            "roe_4q": 4.66,
            "gross_profit": 342309,
            "gross_margin": 12.82,
            "gross_margin_4q_avg": 13.81,
            "net_income": 242715,
            "net_income_4q": null,
            "revenue": 2669105,
            "revenue_4q": null,
            "common_shares": 7756966,
            "book_valuer_per_share": 25.39,
            "book_valuer_per_share_4q_avg": 25.83,
            "equity": 19693753,
            "current_ratio": 259.83,
            "debt_ratio": 15.81,
            "inventory_turnover_ratio": 0.97,
            "account_receivable_turnover_ratio": 1.65,
            "reinvestment_rate": -168.2,
            "research_to_sale_ratio": null,
            "price_fair": 41.4,
            "eps_avg_yearly": 1.18,
            "eps_latest_yearly": 1.24,
            "eps_growth_yearly": 451.91
        },
        "20163": {
            "year_quarter": 20163,
            "year": 2016,
            "quarter": 3,
            "eps": 0.17,
            "eps_growth_year": -67.92,
            "eps_4q": 0.84,
            "eps_4q_growth_year": -56.78,
            "roe": 0.67,
            "roe_4q": 3.2399999999999998,
            "gross_profit": 337904,
            "gross_margin": 12.15,
            "gross_margin_4q_avg": 11.45,
            "net_income": 132301,
            "net_income_4q": null,
            "revenue": 2780716,
            "revenue_4q": null,
            "common_shares": 7756966,
            "book_valuer_per_share": 25.56,
            "book_valuer_per_share_4q_avg": 25.76,
            "equity": 19823417,
            "current_ratio": 603.34,
            "debt_ratio": 7.19,
            "inventory_turnover_ratio": 1.06,
            "account_receivable_turnover_ratio": 1.63,
            "reinvestment_rate": -182.25,
            "research_to_sale_ratio": null,
            "price_fair": 41.1,
            "eps_avg_yearly": 1.17,
            "eps_latest_yearly": 0.68,
            "eps_growth_yearly": 439.01
        },
        "20164": {
            "year_quarter": 20164,
            "year": 2016,
            "quarter": 4,
            "eps": 0.28,
            "eps_growth_year": 59.15,
            "eps_4q": 0.94,
            "eps_4q_growth_year": -42.85,
            "roe": 1.1,
            "roe_4q": 3.65,
            "gross_profit": 404781,
            "gross_margin": 14.41,
            "gross_margin_4q_avg": 12.6,
            "net_income": 219881,
            "net_income_4q": null,
            "revenue": 2808602,
            "revenue_4q": null,
            "common_shares": 7756966,
            "book_valuer_per_share": 25.78,
            "book_valuer_per_share_4q_avg": 25.72,
            "equity": 20001241,
            "current_ratio": 594.45,
            "debt_ratio": 7.94,
            "inventory_turnover_ratio": 1.12,
            "account_receivable_turnover_ratio": 1.73,
            "reinvestment_rate": -171.3,
            "research_to_sale_ratio": null,
            "price_fair": 40.97,
            "eps_avg_yearly": 1.17,
            "eps_latest_yearly": 1.12,
            "eps_growth_yearly": 426.99
        },
        "20171": {
            "year_quarter": 20171,
            "year": 2017,
            "quarter": 1,
            "eps": 0.38,
            "eps_growth_year": 123.53,
            "eps_4q": 1.15,
            "eps_4q_growth_year": -12.76,
            "roe": 1.46,
            "roe_4q": 4.4399999999999995,
            "gross_profit": 580433,
            "gross_margin": 19.45,
            "gross_margin_4q_avg": 14.71,
            "net_income": 294761,
            "net_income_4q": null,
            "revenue": 2984109,
            "revenue_4q": null,
            "common_shares": 7756966,
            "book_valuer_per_share": 26.16,
            "book_valuer_per_share_4q_avg": 25.72,
            "equity": 20289752,
            "current_ratio": 729.51,
            "debt_ratio": 7.18,
            "inventory_turnover_ratio": 1.16,
            "account_receivable_turnover_ratio": 1.83,
            "reinvestment_rate": -103.83,
            "research_to_sale_ratio": null,
            "price_fair": 41.74,
            "eps_avg_yearly": 1.19,
            "eps_latest_yearly": 1.52,
            "eps_growth_yearly": 409.24
        },
        "20172": {
            "year_quarter": 20172,
            "year": 2017,
            "quarter": 2,
            "eps": 0.69,
            "eps_growth_year": 122.58,
            "eps_4q": 1.53,
            "eps_4q_growth_year": 27.28,
            "roe": 2.65,
            "roe_4q": 5.879999999999999,
            "gross_profit": 755885,
            "gross_margin": 24.11,
            "gross_margin_4q_avg": 17.53,
            "net_income": 537305,
            "net_income_4q": null,
            "revenue": 3134829,
            "revenue_4q": null,
            "common_shares": 7756966,
            "book_valuer_per_share": 26.18,
            "book_valuer_per_share_4q_avg": 25.92,
            "equity": 20307373,
            "current_ratio": 541.88,
            "debt_ratio": 9.84,
            "inventory_turnover_ratio": 1.13,
            "account_receivable_turnover_ratio": 1.84,
            "reinvestment_rate": -119.2,
            "research_to_sale_ratio": null,
            "price_fair": 46.46,
            "eps_avg_yearly": 1.33,
            "eps_latest_yearly": 2.76,
            "eps_growth_yearly": 79.63
        },
        "20173": {
            "year_quarter": 20173,
            "year": 2017,
            "quarter": 3,
            "eps": 0.9,
            "eps_growth_year": 429.41,
            "eps_4q": 2.26,
            "eps_4q_growth_year": 169.95,
            "roe": 3.38,
            "roe_4q": 8.59,
            "gross_profit": 996155,
            "gross_margin": 30.45,
            "gross_margin_4q_avg": 22.11,
            "net_income": 699108,
            "net_income_4q": null,
            "revenue": 3271774,
            "revenue_4q": null,
            "common_shares": 7756966,
            "book_valuer_per_share": 27.08,
            "book_valuer_per_share_4q_avg": 26.3,
            "equity": 21004750,
            "current_ratio": 706.21,
            "debt_ratio": 8.34,
            "inventory_turnover_ratio": 1.05,
            "account_receivable_turnover_ratio": 1.69,
            "reinvestment_rate": -126.83,
            "research_to_sale_ratio": null,
            "price_fair": 53.29,
            "eps_avg_yearly": 1.52,
            "eps_latest_yearly": 3.6,
            "eps_growth_yearly": 92.24
        },
        "20174": {
            "year_quarter": 20174,
            "year": 2017,
            "quarter": 4,
            "eps": 0.92,
            "eps_growth_year": 223.63,
            "eps_4q": 2.89,
            "eps_4q_growth_year": 207.07,
            "roe": 3.33,
            "roe_4q": 10.82,
            "gross_profit": 1062036,
            "gross_margin": 31.97,
            "gross_margin_4q_avg": 26.5,
            "net_income": 711600,
            "net_income_4q": null,
            "revenue": 3322313,
            "revenue_4q": null,
            "common_shares": 7756966,
            "book_valuer_per_share": 27.94,
            "book_valuer_per_share_4q_avg": 26.84,
            "equity": 21672008,
            "current_ratio": 568.01,
            "debt_ratio": 10.58,
            "inventory_turnover_ratio": 0.99,
            "account_receivable_turnover_ratio": 1.57,
            "reinvestment_rate": -103.19,
            "research_to_sale_ratio": null,
            "price_fair": 60.2,
            "eps_avg_yearly": 1.72,
            "eps_latest_yearly": 3.68,
            "eps_growth_yearly": 90.71
        },
        "20181": {
            "year_quarter": 20181,
            "year": 2018,
            "quarter": 1,
            "eps": 1.45,
            "eps_growth_year": 281.58,
            "eps_4q": 3.97,
            "eps_4q_growth_year": 245.75,
            "roe": 5.07,
            "roe_4q": 14.430000000000001,
            "gross_profit": 1491696,
            "gross_margin": 39.06,
            "gross_margin_4q_avg": 31.4,
            "net_income": 1128010,
            "net_income_4q": null,
            "revenue": 3818759,
            "revenue_4q": null,
            "common_shares": 7756966,
            "book_valuer_per_share": 29.41,
            "book_valuer_per_share_4q_avg": 27.65,
            "equity": 22811149,
            "current_ratio": 799.47,
            "debt_ratio": 8.22,
            "inventory_turnover_ratio": 0.98,
            "account_receivable_turnover_ratio": 1.61,
            "reinvestment_rate": -83.34,
            "research_to_sale_ratio": null,
            "price_fair": 70.96,
            "eps_avg_yearly": 2.03,
            "eps_latest_yearly": 5.8,
            "eps_growth_yearly": 87.81
        },
        "20182": {
            "year_quarter": 20182,
            "year": 2018,
            "quarter": 2,
            "eps": 2.03,
            "eps_growth_year": 194.2,
            "eps_4q": 5.3,
            "eps_4q_growth_year": 247.47,
            "roe": 6.92,
            "roe_4q": 18.7,
            "gross_profit": 1775586,
            "gross_margin": 43.74,
            "gross_margin_4q_avg": 36.31,
            "net_income": 1576208,
            "net_income_4q": null,
            "revenue": 4059023,
            "revenue_4q": null,
            "common_shares": 7756966,
            "book_valuer_per_share": 29.36,
            "book_valuer_per_share_4q_avg": 28.45,
            "equity": 22777263,
            "current_ratio": 429.04,
            "debt_ratio": 14.66,
            "inventory_turnover_ratio": 0.93,
            "account_receivable_turnover_ratio": 1.5,
            "reinvestment_rate": -65.2,
            "research_to_sale_ratio": null,
            "price_fair": 86.45,
            "eps_avg_yearly": 2.47,
            "eps_latest_yearly": 8.12,
            "eps_growth_yearly": 93.26
        },
        "20183": {
            "year_quarter": 20183,
            "year": 2018,
            "quarter": 3,
            "eps": 3.47,
            "eps_growth_year": 285.56,
            "eps_4q": 12.73,
            "eps_4q_growth_year": 463.85,
            "roe": 7.04,
            "roe_4q": 22.36,
            "gross_profit": 1934936,
            "gross_margin": 45.4,
            "gross_margin_4q_avg": 40.04,
            "net_income": 1520856,
            "net_income_4q": null,
            "revenue": 4262134,
            "revenue_4q": null,
            "common_shares": 3878483,
            "book_valuer_per_share": 52.63,
            "book_valuer_per_share_4q_avg": 34.84,
            "equity": 20410732,
            "current_ratio": 536.66,
            "debt_ratio": 11.14,
            "inventory_turnover_ratio": 0.92,
            "account_receivable_turnover_ratio": 1.47,
            "reinvestment_rate": -53.57,
            "research_to_sale_ratio": null,
            "price_fair": 112.79,
            "eps_avg_yearly": 3.22,
            "eps_latest_yearly": 13.88,
            "eps_growth_yearly": 91.76
        },
        "20184": {
            "year_quarter": 20184,
            "year": 2018,
            "quarter": 4,
            "eps": 3.49,
            "eps_growth_year": 280.94,
            "eps_4q": 14.39,
            "eps_4q_growth_year": 397.64,
            "roe": 6.43,
            "roe_4q": 25.46,
            "gross_profit": 1761579,
            "gross_margin": 41.76,
            "gross_margin_4q_avg": 42.49,
            "net_income": 1355385,
            "net_income_4q": null,
            "revenue": 4218210,
            "revenue_4q": null,
            "common_shares": 3878483,
            "book_valuer_per_share": 56.14,
            "book_valuer_per_share_4q_avg": 41.89,
            "equity": 21773139,
            "current_ratio": 529.22,
            "debt_ratio": 12.11,
            "inventory_turnover_ratio": 0.92,
            "account_receivable_turnover_ratio": 1.45,
            "reinvestment_rate": -46.68,
            "research_to_sale_ratio": null,
            "price_fair": 139.21,
            "eps_avg_yearly": 3.98,
            "eps_latest_yearly": 13.96,
            "eps_growth_yearly": 91.36
        },
        "20191": {
            "year_quarter": 20191,
            "year": 2019,
            "quarter": 1,
            "eps": 2.69,
            "eps_growth_year": 85.52,
            "eps_4q": 14.17,
            "eps_4q_growth_year": 257.35,
            "roe": 4.68,
            "roe_4q": 25.07,
            "gross_profit": 1385381,
            "gross_margin": 38.03,
            "gross_margin_4q_avg": 42.23,
            "net_income": 1043706,
            "net_income_4q": null,
            "revenue": 3642545,
            "revenue_4q": null,
            "common_shares": 3878483,
            "book_valuer_per_share": 58.83,
            "book_valuer_per_share_4q_avg": 49.24,
            "equity": 22818982,
            "current_ratio": 643.06,
            "debt_ratio": 10.45,
            "inventory_turnover_ratio": 0.83,
            "account_receivable_turnover_ratio": 1.32,
            "reinvestment_rate": -38.98,
            "research_to_sale_ratio": null,
            "price_fair": 158.29,
            "eps_avg_yearly": 4.52,
            "eps_latest_yearly": 10.76,
            "eps_growth_yearly": 83.51
        },
        "20192": {
            "year_quarter": 20192,
            "year": 2019,
            "quarter": 2,
            "eps": 1.59,
            "eps_growth_year": -21.67,
            "eps_4q": 11.69,
            "eps_4q_growth_year": 120.45,
            "roe": 2.88,
            "roe_4q": 21.029999999999998,
            "gross_profit": 897128,
            "gross_margin": 31.4,
            "gross_margin_4q_avg": 39.15,
            "net_income": 615686,
            "net_income_4q": null,
            "revenue": 2857043,
            "revenue_4q": null,
            "common_shares": 3878483,
            "book_valuer_per_share": 51.45,
            "book_valuer_per_share_4q_avg": 54.76,
            "equity": 19955114,
            "current_ratio": 267.76,
            "debt_ratio": 22.55,
            "inventory_turnover_ratio": 0.72,
            "account_receivable_turnover_ratio": 1.21,
            "reinvestment_rate": -33.16,
            "research_to_sale_ratio": null,
            "price_fair": 168.44,
            "eps_avg_yearly": 4.81,
            "eps_latest_yearly": 6.36,
            "eps_growth_yearly": 77.2
        },
        "20193": {
            "year_quarter": 20193,
            "year": 2019,
            "quarter": 3,
            "eps": 0.74,
            "eps_growth_year": -78.67,
            "eps_4q": 8.51,
            "eps_4q_growth_year": -33.12,
            "roe": 1.43,
            "roe_4q": 15.419999999999998,
            "gross_profit": 448551,
            "gross_margin": 18.69,
            "gross_margin_4q_avg": 32.47,
            "net_income": 286763,
            "net_income_4q": null,
            "revenue": 2400219,
            "revenue_4q": null,
            "common_shares": 3878483,
            "book_valuer_per_share": 52.19,
            "book_valuer_per_share_4q_avg": 54.65,
            "equity": 20241742,
            "current_ratio": 555.31,
            "debt_ratio": 10.96,
            "inventory_turnover_ratio": 0.7,
            "account_receivable_turnover_ratio": 1.16,
            "reinvestment_rate": -33.53,
            "research_to_sale_ratio": null,
            "price_fair": 170.28,
            "eps_avg_yearly": 4.87,
            "eps_latest_yearly": 2.96,
            "eps_growth_yearly": 58.03
        },
        "20194": {
            "year_quarter": 20194,
            "year": 2019,
            "quarter": 4,
            "eps": 0.46,
            "eps_growth_year": -86.75,
            "eps_4q": 5.48,
            "eps_4q_growth_year": -61.91,
            "roe": 0.88,
            "roe_4q": 9.87,
            "gross_profit": 525995,
            "gross_margin": 19.22,
            "gross_margin_4q_avg": 26.84,
            "net_income": 179643,
            "net_income_4q": null,
            "revenue": 2736233,
            "revenue_4q": null,
            "common_shares": 3878483,
            "book_valuer_per_share": 52.58,
            "book_valuer_per_share_4q_avg": 53.76,
            "equity": 20394769,
            "current_ratio": 601.44,
            "debt_ratio": 10.61,
            "inventory_turnover_ratio": 0.78,
            "account_receivable_turnover_ratio": 1.36,
            "reinvestment_rate": -36.76,
            "research_to_sale_ratio": null,
            "price_fair": 172.73,
            "eps_avg_yearly": 4.94,
            "eps_latest_yearly": 1.84,
            "eps_growth_yearly": 65.08
        },
        "20201": {
            "year_quarter": 20201,
            "year": 2020,
            "quarter": 1,
            "eps": 1.02,
            "eps_growth_year": -62.08,
            "eps_4q": 3.81,
            "eps_4q_growth_year": -73.13,
            "roe": 1.92,
            "roe_4q": 7.109999999999999,
            "gross_profit": 573284,
            "gross_margin": 19.56,
            "gross_margin_4q_avg": 22.22,
            "net_income": 394657,
            "net_income_4q": null,
            "revenue": 2931543,
            "revenue_4q": null,
            "common_shares": 3878483,
            "book_valuer_per_share": 53.62,
            "book_valuer_per_share_4q_avg": 52.46,
            "equity": 20795465,
            "current_ratio": 762.47,
            "debt_ratio": 9.04,
            "inventory_turnover_ratio": 0.79,
            "account_receivable_turnover_ratio": 1.42,
            "reinvestment_rate": -36.36,
            "research_to_sale_ratio": null,
            "price_fair": 180.16,
            "eps_avg_yearly": 5.15,
            "eps_latest_yearly": 4.08,
            "eps_growth_yearly": 96.9
        },
        "20202": {
            "year_quarter": 20202,
            "year": 2020,
            "quarter": 2,
            "eps": 0.88,
            "eps_growth_year": -44.65,
            "eps_4q": 3.1,
            "eps_4q_growth_year": -73.49,
            "roe": 1.68,
            "roe_4q": 5.909999999999999,
            "gross_profit": 643046,
            "gross_margin": 20.79,
            "gross_margin_4q_avg": 19.57,
            "net_income": 341325,
            "net_income_4q": null,
            "revenue": 3093545,
            "revenue_4q": null,
            "common_shares": 3878483,
            "book_valuer_per_share": 50.97,
            "book_valuer_per_share_4q_avg": 52.34,
            "equity": 19769606,
            "current_ratio": 454.2,
            "debt_ratio": 14.29,
            "inventory_turnover_ratio": 0.82,
            "account_receivable_turnover_ratio": 1.42,
            "reinvestment_rate": -38.47,
            "research_to_sale_ratio": null,
            "price_fair": 185.15,
            "eps_avg_yearly": 5.29,
            "eps_latest_yearly": 3.52,
            "eps_growth_yearly": 72.88
        },
        "20203": {
            "year_quarter": 20203,
            "year": 2020,
            "quarter": 3,
            "eps": 0.7,
            "eps_growth_year": -5.41,
            "eps_4q": 3.06,
            "eps_4q_growth_year": -64.05,
            "roe": 1.36,
            "roe_4q": 5.84,
            "gross_profit": 574637,
            "gross_margin": 19.44,
            "gross_margin_4q_avg": 19.75,
            "net_income": 271145,
            "net_income_4q": null,
            "revenue": 2956558,
            "revenue_4q": null,
            "common_shares": 3878483,
            "book_valuer_per_share": 51.67,
            "book_valuer_per_share_4q_avg": 52.21,
            "equity": 20041627,
            "current_ratio": 749.7,
            "debt_ratio": 9.65,
            "inventory_turnover_ratio": 0.82,
            "account_receivable_turnover_ratio": 1.39,
            "reinvestment_rate": -38.16,
            "research_to_sale_ratio": null,
            "price_fair": 189.79,
            "eps_avg_yearly": 5.42,
            "eps_latest_yearly": 2.8,
            "eps_growth_yearly": 79.06
        },
        "20204": {
            "year_quarter": 20204,
            "year": 2020,
            "quarter": 4,
            "eps": 0.78,
            "eps_growth_year": 67.43,
            "eps_4q": 3.37,
            "eps_4q_growth_year": -38.47,
            "roe": 1.49,
            "roe_4q": 6.45,
            "gross_profit": 623040,
            "gross_margin": 21.1,
            "gross_margin_4q_avg": 20.22,
            "net_income": 300784,
            "net_income_4q": null,
            "revenue": 2953051,
            "revenue_4q": null,
            "common_shares": 3878483,
            "book_valuer_per_share": 52.46,
            "book_valuer_per_share_4q_avg": 52.18,
            "equity": 20346028,
            "current_ratio": 584.85,
            "debt_ratio": 11.93,
            "inventory_turnover_ratio": 0.8,
            "account_receivable_turnover_ratio": 1.47,
            "reinvestment_rate": -32.67,
            "research_to_sale_ratio": null,
            "price_fair": 194.16,
            "eps_avg_yearly": 5.55,
            "eps_latest_yearly": 3.12,
            "eps_growth_yearly": 65.74
        },
        "20211": {
            "year_quarter": 20211,
            "year": 2021,
            "quarter": 1,
            "eps": 0.84,
            "eps_growth_year": -17.65,
            "eps_4q": 3.2,
            "eps_4q_growth_year": -16.06,
            "roe": 1.59,
            "roe_4q": 6.12,
            "gross_profit": 602766,
            "gross_margin": 20.41,
            "gross_margin_4q_avg": 20.44,
            "net_income": 326316,
            "net_income_4q": null,
            "revenue": 2953645,
            "revenue_4q": null,
            "common_shares": 3878483,
            "book_valuer_per_share": 53.24,
            "book_valuer_per_share_4q_avg": 52.09,
            "equity": 20650759,
            "current_ratio": 707.58,
            "debt_ratio": 10.23,
            "inventory_turnover_ratio": 0.78,
            "account_receivable_turnover_ratio": 1.46,
            "reinvestment_rate": -32.12,
            "research_to_sale_ratio": null,
            "price_fair": 198.19,
            "eps_avg_yearly": 5.66,
            "eps_latest_yearly": 3.36,
            "eps_growth_yearly": 58.73
        },
        "20212": {
            "year_quarter": 20212,
            "year": 2021,
            "quarter": 2,
            "eps": 0.71,
            "eps_growth_year": -19.32,
            "eps_4q": 3.03,
            "eps_4q_growth_year": -2.39,
            "roe": 1.35,
            "roe_4q": 5.790000000000001,
            "gross_profit": 530632,
            "gross_margin": 18.57,
            "gross_margin_4q_avg": 19.88,
            "net_income": 275360,
            "net_income_4q": null,
            "revenue": 2857443,
            "revenue_4q": null,
            "common_shares": 3878483,
            "book_valuer_per_share": 51.78,
            "book_valuer_per_share_4q_avg": 52.29,
            "equity": 20083899,
            "current_ratio": 543.15,
            "debt_ratio": 12.7,
            "inventory_turnover_ratio": 0.79,
            "account_receivable_turnover_ratio": 1.4,
            "reinvestment_rate": -27.47,
            "research_to_sale_ratio": null,
            "price_fair": 198.36,
            "eps_avg_yearly": 5.67,
            "eps_latest_yearly": 2.84,
            "eps_growth_yearly": 34.47
        },
        "20213": {
            "year_quarter": 20213,
            "year": 2021,
            "quarter": 3,
            "eps": 1.1,
            "eps_growth_year": 57.14,
            "eps_4q": 3.43,
            "eps_4q_growth_year": 12.06,
            "roe": 2.11,
            "roe_4q": 6.54,
            "gross_profit": 712415,
            "gross_margin": 22.43,
            "gross_margin_4q_avg": 20.63,
            "net_income": 427480,
            "net_income_4q": null,
            "revenue": 3175973,
            "revenue_4q": null,
            "common_shares": 3878483,
            "book_valuer_per_share": 52.87,
            "book_valuer_per_share_4q_avg": 52.59,
            "equity": 20505182,
            "current_ratio": 663.29,
            "debt_ratio": 10.96,
            "inventory_turnover_ratio": 0.86,
            "account_receivable_turnover_ratio": 1.56,
            "reinvestment_rate": -26.5,
            "research_to_sale_ratio": null,
            "price_fair": 200.11,
            "eps_avg_yearly": 5.72,
            "eps_latest_yearly": 4.4,
            "eps_growth_yearly": 40.59
        },
        "20214": {
            "year_quarter": 20214,
            "year": 2021,
            "quarter": 4,
            "eps": 0.98,
            "eps_growth_year": 26.87,
            "eps_4q": 3.64,
            "eps_4q_growth_year": 7.86,
            "roe": 1.85,
            "roe_4q": 6.9,
            "gross_profit": 706660,
            "gross_margin": 22.23,
            "gross_margin_4q_avg": 20.91,
            "net_income": 381614,
            "net_income_4q": null,
            "revenue": 3179252,
            "revenue_4q": null,
            "common_shares": 3878483,
            "book_valuer_per_share": 53.77,
            "book_valuer_per_share_4q_avg": 52.92,
            "equity": 20852756,
            "current_ratio": 600.02,
            "debt_ratio": 12.09,
            "inventory_turnover_ratio": 0.86,
            "account_receivable_turnover_ratio": 1.52,
            "reinvestment_rate": -28.13,
            "research_to_sale_ratio": null,
            "price_fair": 200.64,
            "eps_avg_yearly": 5.73,
            "eps_latest_yearly": 3.92,
            "eps_growth_yearly": 37.31
        },
        "20221": {
            "year_quarter": 20221,
            "year": 2022,
            "quarter": 1,
            "eps": 2.58,
            "eps_growth_year": 207.14,
            "eps_4q": 5.38,
            "eps_4q_growth_year": 68.32,
            "roe": 4.69,
            "roe_4q": 10,
            "gross_profit": 1357137,
            "gross_margin": 36.3,
            "gross_margin_4q_avg": 24.88,
            "net_income": 1001987,
            "net_income_4q": null,
            "revenue": 3738404,
            "revenue_4q": null,
            "common_shares": 3878483,
            "book_valuer_per_share": 56.32,
            "book_valuer_per_share_4q_avg": 53.69,
            "equity": 21845213,
            "current_ratio": 712.62,
            "debt_ratio": 12.73,
            "inventory_turnover_ratio": 0.82,
            "account_receivable_turnover_ratio": 1.54,
            "reinvestment_rate": -26.49,
            "research_to_sale_ratio": null,
            "price_fair": 210.53,
            "eps_avg_yearly": 6.02,
            "eps_latest_yearly": 10.32,
            "eps_growth_yearly": 63.72
        },
        "20222": {
            "year_quarter": 20222,
            "year": 2022,
            "quarter": 2,
            "eps": 3.3,
            "eps_growth_year": 364.79,
            "eps_4q": 7.97,
            "eps_4q_growth_year": 163.36,
            "roe": 5.81,
            "roe_4q": 14.459999999999999,
            "gross_profit": 1576298,
            "gross_margin": 38.92,
            "gross_margin_4q_avg": 29.97,
            "net_income": 1279772,
            "net_income_4q": null,
            "revenue": 4050051,
            "revenue_4q": null,
            "common_shares": 3878483,
            "book_valuer_per_share": 57.33,
            "book_valuer_per_share_4q_avg": 55.07,
            "equity": 22236710,
            "current_ratio": 524.27,
            "debt_ratio": 31.75,
            "inventory_turnover_ratio": 0.82,
            "account_receivable_turnover_ratio": 1.45,
            "reinvestment_rate": -2.18,
            "research_to_sale_ratio": null,
            "price_fair": 221.64,
            "eps_avg_yearly": 6.33,
            "eps_latest_yearly": 13.2,
            "eps_growth_yearly": 60.7
        },
        "20223": {
            "year_quarter": 20223,
            "year": 2022,
            "quarter": 3,
            "eps": 3.98,
            "eps_growth_year": 261.82,
            "eps_4q": 10.85,
            "eps_4q_growth_year": 216.4,
            "roe": 6.71,
            "roe_4q": 19.060000000000002,
            "gross_profit": 1622539,
            "gross_margin": 38.59,
            "gross_margin_4q_avg": 34.01,
            "net_income": 1544500,
            "net_income_4q": null,
            "revenue": 4204270,
            "revenue_4q": null,
            "common_shares": 3878483,
            "book_valuer_per_share": 61.32,
            "book_valuer_per_share_4q_avg": 57.19,
            "equity": 23783809,
            "current_ratio": 470.65,
            "debt_ratio": 30.23,
            "inventory_turnover_ratio": 0.81,
            "account_receivable_turnover_ratio": 1.43,
            "reinvestment_rate": 10.52,
            "research_to_sale_ratio": null,
            "price_fair": 226.1,
            "eps_avg_yearly": 6.46,
            "eps_latest_yearly": 15.92,
            "eps_growth_yearly": 48.12
        },
        "20224": {
            "year_quarter": 20224,
            "year": 2022,
            "quarter": 4,
            "eps": 2.57,
            "eps_growth_year": 160.86,
            "eps_4q": 12.43,
            "eps_4q_growth_year": 241.78,
            "roe": 4.1,
            "roe_4q": 21.31,
            "gross_profit": 1620491,
            "gross_margin": 36.83,
            "gross_margin_4q_avg": 37.66,
            "net_income": 995490,
            "net_income_4q": null,
            "revenue": 4400240,
            "revenue_4q": null,
            "common_shares": 3878483,
            "book_valuer_per_share": 64.03,
            "book_valuer_per_share_4q_avg": 59.75,
            "equity": 24832048,
            "current_ratio": 337.32,
            "debt_ratio": 31.04,
            "inventory_turnover_ratio": 0.82,
            "account_receivable_turnover_ratio": 1.48,
            "reinvestment_rate": 47.49,
            "research_to_sale_ratio": null,
            "price_fair": 218.05,
            "eps_avg_yearly": 6.23,
            "eps_latest_yearly": 10.28,
            "eps_growth_yearly": 39.12
        },
        "20231": {
            "year_quarter": 20231,
            "year": 2023,
            "quarter": 1,
            "eps": 2.28,
            "eps_growth_year": -11.63,
            "eps_4q": 12.13,
            "eps_4q_growth_year": 125.54,
            "roe": 3.71,
            "roe_4q": 20.33,
            "gross_profit": 1331526,
            "gross_margin": 35.38,
            "gross_margin_4q_avg": 37.43,
            "net_income": 885981,
            "net_income_4q": null,
            "revenue": 3763241,
            "revenue_4q": null,
            "common_shares": 3878483,
            "book_valuer_per_share": 59,
            "book_valuer_per_share_4q_avg": 60.42,
            "equity": 22884718,
            "current_ratio": 165.13,
            "debt_ratio": 38.18,
            "inventory_turnover_ratio": 0.67,
            "account_receivable_turnover_ratio": 1.41,
            "reinvestment_rate": 88.79,
            "research_to_sale_ratio": null,
            "price_fair": 214.46,
            "eps_avg_yearly": 6.13,
            "eps_latest_yearly": 9.12,
            "eps_growth_yearly": 42.03
        },
        "20232": {
            "year_quarter": 20232,
            "year": 2023,
            "quarter": 2,
            "eps": 2.55,
            "eps_growth_year": -22.73,
            "eps_4q": 11.39,
            "eps_4q_growth_year": 42.87,
            "roe": 4.24,
            "roe_4q": 18.76,
            "gross_profit": 1261050,
            "gross_margin": 34.65,
            "gross_margin_4q_avg": 36.36,
            "net_income": 990074,
            "net_income_4q": null,
            "revenue": 3638953,
            "revenue_4q": null,
            "common_shares": 3878483,
            "book_valuer_per_share": 61.5,
            "book_valuer_per_share_4q_avg": 61.46,
            "equity": 23853050,
            "current_ratio": 116.06,
            "debt_ratio": 37.68,
            "inventory_turnover_ratio": 0.63,
            "account_receivable_turnover_ratio": 1.47,
            "reinvestment_rate": 135.84,
            "research_to_sale_ratio": null,
            "price_fair": 222.86,
            "eps_avg_yearly": 6.37,
            "eps_latest_yearly": 10.2,
            "eps_growth_yearly": 55.21
        },
        "20233": {
            "year_quarter": 20233,
            "year": 2023,
            "quarter": 3,
            "eps": 2.43,
            "eps_growth_year": -38.94,
            "eps_4q": 9.84,
            "eps_4q_growth_year": -9.32,
            "roe": 3.88,
            "roe_4q": 15.930000000000001,
            "gross_profit": 1237535,
            "gross_margin": 34.11,
            "gross_margin_4q_avg": 35.24,
            "net_income": 944263,
            "net_income_4q": null,
            "revenue": 3627849,
            "revenue_4q": null,
            "common_shares": 3878483,
            "book_valuer_per_share": 63.94,
            "book_valuer_per_share_4q_avg": 62.12,
            "equity": 24798356,
            "current_ratio": 74.99,
            "debt_ratio": 40.26,
            "inventory_turnover_ratio": 0.62,
            "account_receivable_turnover_ratio": 1.47,
            "reinvestment_rate": 187.09,
            "research_to_sale_ratio": null,
            "price_fair": 237.65,
            "eps_avg_yearly": 6.79,
            "eps_latest_yearly": 9.72,
            "eps_growth_yearly": 67.4
        }
    },
    "months": {
        "2006-11": {
            "month": "2006-11",
            "price": "290.44",
            "revenue": 558862
        },
        "2006-12": {
            "month": "2006-12",
            "price": "215.44",
            "revenue": 519048
        },
        "2007-01": {
            "month": "2007-01",
            "price": "213.82",
            "revenue": 565890
        },
        "2007-02": {
            "month": "2007-02",
            "price": "212.91",
            "revenue": 536114
        },
        "2007-03": {
            "month": "2007-03",
            "price": "245.76",
            "revenue": 598949
        },
        "2007-04": {
            "month": "2007-04",
            "price": "253.70",
            "revenue": 630844
        },
        "2007-05": {
            "month": "2007-05",
            "price": "240.28",
            "revenue": 687780
        },
        "2007-06": {
            "month": "2007-06",
            "price": "284.78",
            "revenue": 697245
        },
        "2007-07": {
            "month": "2007-07",
            "price": "350.30",
            "revenue": 750961
        },
        "2007-08": {
            "month": "2007-08",
            "price": "306.87",
            "revenue": 764607
        },
        "2007-09": {
            "month": "2007-09",
            "price": "296.81",
            "revenue": 771299
        },
        "2007-10": {
            "month": "2007-10",
            "price": "294.83",
            "revenue": 775358
        },
        "2007-11": {
            "month": "2007-11",
            "price": "277.12",
            "revenue": 793032
        },
        "2007-12": {
            "month": "2007-12",
            "price": "181.22",
            "revenue": 813619
        },
        "2008-01": {
            "month": "2008-01",
            "price": "162.80",
            "revenue": 775241
        },
        "2008-02": {
            "month": "2008-02",
            "price": "141.71",
            "revenue": 700596
        },
        "2008-03": {
            "month": "2008-03",
            "price": "147.38",
            "revenue": 664042
        },
        "2008-04": {
            "month": "2008-04",
            "price": "152.90",
            "revenue": 650043
        },
        "2008-05": {
            "month": "2008-05",
            "price": "147.83",
            "revenue": 734050
        },
        "2008-06": {
            "month": "2008-06",
            "price": "122.79",
            "revenue": 770272
        },
        "2008-07": {
            "month": "2008-07",
            "price": "102.74",
            "revenue": 725668
        },
        "2008-08": {
            "month": "2008-08",
            "price": "89.74",
            "revenue": 775909
        },
        "2008-09": {
            "month": "2008-09",
            "price": "61.21",
            "revenue": 771653
        },
        "2008-10": {
            "month": "2008-10",
            "price": "52.12",
            "revenue": 664366
        },
        "2008-11": {
            "month": "2008-11",
            "price": "52.24",
            "revenue": 356515
        },
        "2008-12": {
            "month": "2008-12",
            "price": "71.09",
            "revenue": 362342
        },
        "2009-01": {
            "month": "2009-01",
            "price": "63.19",
            "revenue": 133657
        },
        "2009-02": {
            "month": "2009-02",
            "price": "60.27",
            "revenue": 213444
        },
        "2009-03": {
            "month": "2009-03",
            "price": "67.85",
            "revenue": 437841
        },
        "2009-04": {
            "month": "2009-04",
            "price": "74.10",
            "revenue": 651212
        },
        "2009-05": {
            "month": "2009-05",
            "price": "84.19",
            "revenue": 621061
        },
        "2009-06": {
            "month": "2009-06",
            "price": "73.87",
            "revenue": 697697
        },
        "2009-07": {
            "month": "2009-07",
            "price": "72.30",
            "revenue": 595167
        },
        "2009-08": {
            "month": "2009-08",
            "price": "67.89",
            "revenue": 633187
        },
        "2009-09": {
            "month": "2009-09",
            "price": "75.94",
            "revenue": 660295
        },
        "2009-10": {
            "month": "2009-10",
            "price": "80.70",
            "revenue": 721878
        },
        "2009-11": {
            "month": "2009-11",
            "price": "80.31",
            "revenue": 731165
        },
        "2009-12": {
            "month": "2009-12",
            "price": "81.70",
            "revenue": 832442
        },
        "2010-01": {
            "month": "2010-01",
            "price": "91.01",
            "revenue": 689592
        },
        "2010-02": {
            "month": "2010-02",
            "price": "83.18",
            "revenue": 748764
        },
        "2010-03": {
            "month": "2010-03",
            "price": "90.98",
            "revenue": 803694
        },
        "2010-04": {
            "month": "2010-04",
            "price": "94.82",
            "revenue": 862721
        },
        "2010-05": {
            "month": "2010-05",
            "price": "75.27",
            "revenue": 835939
        },
        "2010-06": {
            "month": "2010-06",
            "price": "59.38",
            "revenue": 871288
        },
        "2010-07": {
            "month": "2010-07",
            "price": "64.09",
            "revenue": 816477
        },
        "2010-08": {
            "month": "2010-08",
            "price": "62.50",
            "revenue": 930689
        },
        "2010-09": {
            "month": "2010-09",
            "price": "61.83",
            "revenue": 889587
        },
        "2010-10": {
            "month": "2010-10",
            "price": "59.53",
            "revenue": 680431
        },
        "2010-11": {
            "month": "2010-11",
            "price": "59.84",
            "revenue": 763192
        },
        "2010-12": {
            "month": "2010-12",
            "price": "58.82",
            "revenue": 754052
        },
        "2011-01": {
            "month": "2011-01",
            "price": "59.42",
            "revenue": 747806
        },
        "2011-02": {
            "month": "2011-02",
            "price": "58.57",
            "revenue": 737554
        },
        "2011-03": {
            "month": "2011-03",
            "price": "69.12",
            "revenue": 808358
        },
        "2011-04": {
            "month": "2011-04",
            "price": "71.28",
            "revenue": 858294
        },
        "2011-05": {
            "month": "2011-05",
            "price": "64.74",
            "revenue": 864612
        },
        "2011-06": {
            "month": "2011-06",
            "price": "59.96",
            "revenue": 796752
        },
        "2011-07": {
            "month": "2011-07",
            "price": "53.79",
            "revenue": 714734
        },
        "2011-08": {
            "month": "2011-08",
            "price": "41.36",
            "revenue": 605038
        },
        "2011-09": {
            "month": "2011-09",
            "price": "33.05",
            "revenue": 677191
        },
        "2011-10": {
            "month": "2011-10",
            "price": "32.15",
            "revenue": 566036
        },
        "2011-11": {
            "month": "2011-11",
            "price": "30.31",
            "revenue": 567171
        },
        "2011-12": {
            "month": "2011-12",
            "price": "29.73",
            "revenue": 541607
        },
        "2012-01": {
            "month": "2012-01",
            "price": "29.59",
            "revenue": 559773
        },
        "2012-02": {
            "month": "2012-02",
            "price": "41.06",
            "revenue": 721145
        },
        "2012-03": {
            "month": "2012-03",
            "price": "39.70",
            "revenue": 803208
        },
        "2012-04": {
            "month": "2012-04",
            "price": "33.14",
            "revenue": 835260
        },
        "2012-05": {
            "month": "2012-05",
            "price": "30.72",
            "revenue": 793285
        },
        "2012-06": {
            "month": "2012-06",
            "price": "29.23",
            "revenue": 779791
        },
        "2012-07": {
            "month": "2012-07",
            "price": "27.70",
            "revenue": 866315
        },
        "2012-08": {
            "month": "2012-08",
            "price": "28.52",
            "revenue": 1013118
        },
        "2012-09": {
            "month": "2012-09",
            "price": "34.44",
            "revenue": 981593
        },
        "2012-10": {
            "month": "2012-10",
            "price": "32.55",
            "revenue": 744902
        },
        "2012-11": {
            "month": "2012-11",
            "price": "29.54",
            "revenue": 713757
        },
        "2012-12": {
            "month": "2012-12",
            "price": "31.02",
            "revenue": 698313
        },
        "2013-01": {
            "month": "2013-01",
            "price": "31.64",
            "revenue": 672021
        },
        "2013-02": {
            "month": "2013-02",
            "price": "30.55",
            "revenue": 761107
        },
        "2013-03": {
            "month": "2013-03",
            "price": "31.38",
            "revenue": 834875
        },
        "2013-04": {
            "month": "2013-04",
            "price": "30.39",
            "revenue": 857144
        },
        "2013-05": {
            "month": "2013-05",
            "price": "31.27",
            "revenue": 928932
        },
        "2013-06": {
            "month": "2013-06",
            "price": "30.78",
            "revenue": 929553
        },
        "2013-07": {
            "month": "2013-07",
            "price": "30.27",
            "revenue": 933105
        },
        "2013-08": {
            "month": "2013-08",
            "price": "29.13",
            "revenue": 795643
        },
        "2013-09": {
            "month": "2013-09",
            "price": "29.62",
            "revenue": 854573
        },
        "2013-10": {
            "month": "2013-10",
            "price": "29.64",
            "revenue": 765139
        },
        "2013-11": {
            "month": "2013-11",
            "price": "29.21",
            "revenue": 781075
        },
        "2013-12": {
            "month": "2013-12",
            "price": "29.06",
            "revenue": 749416
        },
        "2014-01": {
            "month": "2014-01",
            "price": "33.77",
            "revenue": 876701
        },
        "2014-02": {
            "month": "2014-02",
            "price": "31.44",
            "revenue": 930448
        },
        "2014-03": {
            "month": "2014-03",
            "price": "32.05",
            "revenue": 931102
        },
        "2014-04": {
            "month": "2014-04",
            "price": "31.33",
            "revenue": 941566
        },
        "2014-05": {
            "month": "2014-05",
            "price": "31.14",
            "revenue": 935447
        },
        "2014-06": {
            "month": "2014-06",
            "price": "37.21",
            "revenue": 981025
        },
        "2014-07": {
            "month": "2014-07",
            "price": "36.60",
            "revenue": 937555
        },
        "2014-08": {
            "month": "2014-08",
            "price": "35.49",
            "revenue": 982272
        },
        "2014-09": {
            "month": "2014-09",
            "price": "35.95",
            "revenue": 866911
        },
        "2014-10": {
            "month": "2014-10",
            "price": "32.94",
            "revenue": 882419
        },
        "2014-11": {
            "month": "2014-11",
            "price": "30.59",
            "revenue": 917299
        },
        "2014-12": {
            "month": "2014-12",
            "price": "42.51",
            "revenue": 964267
        },
        "2015-01": {
            "month": "2015-01",
            "price": "55.70",
            "revenue": 1007998
        },
        "2015-02": {
            "month": "2015-02",
            "price": "63.58",
            "revenue": 932008
        },
        "2015-03": {
            "month": "2015-03",
            "price": "63.88",
            "revenue": 972890
        },
        "2015-04": {
            "month": "2015-04",
            "price": "50.49",
            "revenue": 931186
        },
        "2015-05": {
            "month": "2015-05",
            "price": "51.13",
            "revenue": 880532
        },
        "2015-06": {
            "month": "2015-06",
            "price": "41.43",
            "revenue": 909034
        },
        "2015-07": {
            "month": "2015-07",
            "price": "35.60",
            "revenue": 838708
        },
        "2015-08": {
            "month": "2015-08",
            "price": "29.08",
            "revenue": 838024
        },
        "2015-09": {
            "month": "2015-09",
            "price": "33.96",
            "revenue": 814562
        },
        "2015-10": {
            "month": "2015-10",
            "price": "39.60",
            "revenue": 863799
        },
        "2015-11": {
            "month": "2015-11",
            "price": "37.94",
            "revenue": 775742
        },
        "2015-12": {
            "month": "2015-12",
            "price": "37.01",
            "revenue": 723414
        },
        "2016-01": {
            "month": "2016-01",
            "price": "31.67",
            "revenue": 885909
        },
        "2016-02": {
            "month": "2016-02",
            "price": "35.05",
            "revenue": 868205
        },
        "2016-03": {
            "month": "2016-03",
            "price": "35.52",
            "revenue": 781803
        },
        "2016-04": {
            "month": "2016-04",
            "price": "32.22",
            "revenue": 881826
        },
        "2016-05": {
            "month": "2016-05",
            "price": "30.03",
            "revenue": 917484
        },
        "2016-06": {
            "month": "2016-06",
            "price": "30.39",
            "revenue": 869796
        },
        "2016-07": {
            "month": "2016-07",
            "price": "30.36",
            "revenue": 910237
        },
        "2016-08": {
            "month": "2016-08",
            "price": "31.72",
            "revenue": 952804
        },
        "2016-09": {
            "month": "2016-09",
            "price": "34.17",
            "revenue": 917674
        },
        "2016-10": {
            "month": "2016-10",
            "price": "32.64",
            "revenue": 946103
        },
        "2016-11": {
            "month": "2016-11",
            "price": "42.12",
            "revenue": 937923
        },
        "2016-12": {
            "month": "2016-12",
            "price": "60.48",
            "revenue": 924576
        },
        "2017-01": {
            "month": "2017-01",
            "price": "66.01",
            "revenue": 1052578
        },
        "2017-02": {
            "month": "2017-02",
            "price": "88.81",
            "revenue": 925199
        },
        "2017-03": {
            "month": "2017-03",
            "price": "109.90",
            "revenue": 1006332
        },
        "2017-04": {
            "month": "2017-04",
            "price": "105.78",
            "revenue": 1093096
        },
        "2017-05": {
            "month": "2017-05",
            "price": "91.60",
            "revenue": 1025035
        },
        "2017-06": {
            "month": "2017-06",
            "price": "82.24",
            "revenue": 1016699
        },
        "2017-07": {
            "month": "2017-07",
            "price": "87.61",
            "revenue": 1090275
        },
        "2017-08": {
            "month": "2017-08",
            "price": "89.64",
            "revenue": 1074471
        },
        "2017-09": {
            "month": "2017-09",
            "price": "100.16",
            "revenue": 1107027
        },
        "2017-10": {
            "month": "2017-10",
            "price": "108.79",
            "revenue": 1132236
        },
        "2017-11": {
            "month": "2017-11",
            "price": "106.31",
            "revenue": 1115222
        },
        "2017-12": {
            "month": "2017-12",
            "price": "96.78",
            "revenue": 1074855
        },
        "2018-01": {
            "month": "2018-01",
            "price": "120.96",
            "revenue": 1264207
        },
        "2018-02": {
            "month": "2018-02",
            "price": "128.85",
            "revenue": 1255242
        },
        "2018-03": {
            "month": "2018-03",
            "price": "132.04",
            "revenue": 1299310
        },
        "2018-04": {
            "month": "2018-04",
            "price": "119.58",
            "revenue": 1347014
        },
        "2018-05": {
            "month": "2018-05",
            "price": "146.39",
            "revenue": 1319942
        },
        "2018-06": {
            "month": "2018-06",
            "price": "149.15",
            "revenue": 1392067
        },
        "2018-07": {
            "month": "2018-07",
            "price": "143.48",
            "revenue": 1401301
        },
        "2018-08": {
            "month": "2018-08",
            "price": "121.63",
            "revenue": 1424945
        },
        "2018-09": {
            "month": "2018-09",
            "price": "117.32",
            "revenue": 1435888
        },
        "2018-10": {
            "month": "2018-10",
            "price": "117.95",
            "revenue": 1418088
        },
        "2018-11": {
            "month": "2018-11",
            "price": "120.64",
            "revenue": 1414653
        },
        "2018-12": {
            "month": "2018-12",
            "price": "130.31",
            "revenue": 1385469
        },
        "2019-01": {
            "month": "2019-01",
            "price": "116.95",
            "revenue": 1369020
        },
        "2019-02": {
            "month": "2019-02",
            "price": "124.85",
            "revenue": 1006606
        },
        "2019-03": {
            "month": "2019-03",
            "price": "113.85",
            "revenue": 1266919
        },
        "2019-04": {
            "month": "2019-04",
            "price": "120.58",
            "revenue": 960113
        },
        "2019-05": {
            "month": "2019-05",
            "price": "106.45",
            "revenue": 944286
        },
        "2019-06": {
            "month": "2019-06",
            "price": "111.81",
            "revenue": 952644
        },
        "2019-07": {
            "month": "2019-07",
            "price": "114.43",
            "revenue": 768051
        },
        "2019-08": {
            "month": "2019-08",
            "price": "104.17",
            "revenue": 752268
        },
        "2019-09": {
            "month": "2019-09",
            "price": "103.26",
            "revenue": 879900
        },
        "2019-10": {
            "month": "2019-10",
            "price": "113.45",
            "revenue": 895329
        },
        "2019-11": {
            "month": "2019-11",
            "price": "112.69",
            "revenue": 885295
        },
        "2019-12": {
            "month": "2019-12",
            "price": "114.11",
            "revenue": 955609
        },
        "2020-01": {
            "month": "2020-01",
            "price": "112.73",
            "revenue": 912202
        },
        "2020-02": {
            "month": "2020-02",
            "price": "126.58",
            "revenue": 1015751
        },
        "2020-03": {
            "month": "2020-03",
            "price": "137.27",
            "revenue": 1003590
        },
        "2020-04": {
            "month": "2020-04",
            "price": "134.82",
            "revenue": 1018592
        },
        "2020-05": {
            "month": "2020-05",
            "price": "154.62",
            "revenue": 1037466
        },
        "2020-06": {
            "month": "2020-06",
            "price": "142.52",
            "revenue": 1037488
        },
        "2020-07": {
            "month": "2020-07",
            "price": "132.65",
            "revenue": 1043456
        },
        "2020-08": {
            "month": "2020-08",
            "price": "116.67",
            "revenue": 962987
        },
        "2020-09": {
            "month": "2020-09",
            "price": "105.73",
            "revenue": 950116
        },
        "2020-10": {
            "month": "2020-10",
            "price": "114.42",
            "revenue": 994117
        },
        "2020-11": {
            "month": "2020-11",
            "price": "123.50",
            "revenue": 981027
        },
        "2020-12": {
            "month": "2020-12",
            "price": "138.30",
            "revenue": 977908
        },
        "2021-01": {
            "month": "2021-01",
            "price": "141.35",
            "revenue": 1010103
        },
        "2021-02": {
            "month": "2021-02",
            "price": "141.12",
            "revenue": 969599
        },
        "2021-03": {
            "month": "2021-03",
            "price": "137.50",
            "revenue": 973944
        },
        "2021-04": {
            "month": "2021-04",
            "price": "162.32",
            "revenue": 956367
        },
        "2021-05": {
            "month": "2021-05",
            "price": "161.29",
            "revenue": 936864
        },
        "2021-06": {
            "month": "2021-06",
            "price": "177.17",
            "revenue": 964212
        },
        "2021-07": {
            "month": "2021-07",
            "price": "197.77",
            "revenue": 1071181
        },
        "2021-08": {
            "month": "2021-08",
            "price": "180.52",
            "revenue": 1066663
        },
        "2021-09": {
            "month": "2021-09",
            "price": "177.75",
            "revenue": 1038129
        },
        "2021-10": {
            "month": "2021-10",
            "price": "151.58",
            "revenue": 1050081
        },
        "2021-11": {
            "month": "2021-11",
            "price": "194.68",
            "revenue": 1059144
        },
        "2021-12": {
            "month": "2021-12",
            "price": "285.41",
            "revenue": 1070027
        },
        "2022-01": {
            "month": "2022-01",
            "price": "272.11",
            "revenue": 1238250
        },
        "2022-02": {
            "month": "2022-02",
            "price": "269.57",
            "revenue": 1195792
        },
        "2022-03": {
            "month": "2022-03",
            "price": "306.09",
            "revenue": 1304362
        },
        "2022-04": {
            "month": "2022-04",
            "price": "234.45",
            "revenue": 1330852
        },
        "2022-05": {
            "month": "2022-05",
            "price": "228.62",
            "revenue": 1355576
        },
        "2022-06": {
            "month": "2022-06",
            "price": "218.57",
            "revenue": 1363622
        },
        "2022-07": {
            "month": "2022-07",
            "price": "166.36",
            "revenue": 1382833
        },
        "2022-08": {
            "month": "2022-08",
            "price": "176.04",
            "revenue": 1394766
        },
        "2022-09": {
            "month": "2022-09",
            "price": "160.88",
            "revenue": 1426670
        },
        "2022-10": {
            "month": "2022-10",
            "price": "139.22",
            "revenue": 1518581
        },
        "2022-11": {
            "month": "2022-11",
            "price": "159.66",
            "revenue": 1495202
        },
        "2022-12": {
            "month": "2022-12",
            "price": "149.34",
            "revenue": 1386457
        },
        "2023-01": {
            "month": "2023-01",
            "price": "147.69",
            "revenue": 1124830
        },
        "2023-02": {
            "month": "2023-02",
            "price": "155.33",
            "revenue": 1278642
        },
        "2023-03": {
            "month": "2023-03",
            "price": "161.96",
            "revenue": 1359768
        },
        "2023-04": {
            "month": "2023-04",
            "price": "155.47",
            "revenue": 1133745
        },
        "2023-05": {
            "month": "2023-05",
            "price": "150.82",
            "revenue": 1132300
        },
        "2023-06": {
            "month": "2023-06",
            "price": "164.42",
            "revenue": 1372908
        },
        "2023-07": {
            "month": "2023-07",
            "price": "162.40",
            "revenue": 1179513
        },
        "2023-08": {
            "month": "2023-08",
            "price": "143.59",
            "revenue": 1200510
        },
        "2023-09": {
            "month": "2023-09",
            "price": "145.48",
            "revenue": 1247826
        },
        "2023-10": {
            "month": "2023-10",
            "price": "152.22",
            "revenue": 1093137
        },
        "2023-11": {
            "month": "2023-11",
            "price": "157.55",
            "revenue": 1346020
        }
    }
}
