{
    "summary": {
        "stock_name": "嘉澤",
        "stock_id": "3533",
        "category": "電子零組件",
        "main_business": "連接器",
        "website_url": "https://www.lotes.cc/",
        "ceo": "何德佑",
        "pe_ratio": 23,
        "report_year_from": 2006,
        "report_year_to": 2023,
        "age": 18,
        "eps_negative_percentage": 0,
        "eps_growth_avg": {
            "last_all": 26.61,
            "last_2y": 23.06,
            "last_4y": 24.33,
            "last_8y": 20.34,
            "last_12y": 13.65,
            "last_16y": 26.61,
            "last_20y": null,
            "at_2006_last_3y": null,
            "at_2007_last_3y": null,
            "at_2008_last_3y": null,
            "at_2009_last_3y": null,
            "at_2010_last_3y": 68.69,
            "at_2011_last_3y": 35.55,
            "at_2012_last_3y": 39.54,
            "at_2013_last_3y": 8.66,
            "at_2014_last_3y": -1.39,
            "at_2015_last_3y": 0.23,
            "at_2016_last_3y": -3.61,
            "at_2017_last_3y": 11.93,
            "at_2018_last_3y": 15.35,
            "at_2019_last_3y": 27.15,
            "at_2020_last_3y": 38.34,
            "at_2021_last_3y": 35.19,
            "at_2022_last_3y": 38.66,
            "at_2023_last_3y": 25.14,
            "at_2024_last_3y": 25.14,
            "at_2006_last_all": null,
            "at_2007_last_all": null,
            "at_2008_last_all": 43.01,
            "at_2009_last_all": 62.01,
            "at_2010_last_all": 68.69,
            "at_2011_last_all": 48.44,
            "at_2012_last_all": 40.7,
            "at_2013_last_all": 31.52,
            "at_2014_last_all": 33.65,
            "at_2015_last_all": 27.01,
            "at_2016_last_all": 22.97,
            "at_2017_last_all": 24.4,
            "at_2018_last_all": 27.55,
            "at_2019_last_all": 27.06,
            "at_2020_last_all": 27.37,
            "at_2021_last_all": 27.27,
            "at_2022_last_all": 30.33,
            "at_2023_last_all": 26.61,
            "at_2024_last_all": 26.61
        },
        "latest_eps": 51.97,
        "latest_price": 1210,
        "latest_roe": 23.2,
        "latest_gross_margin": 47.54,
        "latest_equity": 28555527,
        "latest_revenue": 6463557,
        "latest_gross_profit": 3072676,
        "latest_net_income": 1925260,
        "latest_debt_ratio": 24.13,
        "latest_current_ratio": 355.11,
        "latest_account_receivable_turnover_ratio": 0.69,
        "latest_inventory_turnover_ratio": 1.28,
        "latest_reinvestment_rate": 33.2,
        "latest_research_to_sale_ratio": 8.34
    },
    "eps_dividends": {
        "2001": {
            "cash": 0,
            "stock": 0,
            "eps": 0
        },
        "2002": {
            "cash": 0,
            "stock": 0,
            "eps": 0
        },
        "2003": {
            "cash": 0,
            "stock": 0,
            "eps": 0
        },
        "2004": {
            "cash": 0,
            "stock": 0,
            "eps": 0
        },
        "2005": {
            "cash": 0,
            "stock": 0,
            "eps": 0
        },
        "2006": {
            "cash": 0,
            "stock": 0.2,
            "eps": 0.23
        },
        "2007": {
            "cash": 1.2,
            "stock": 0.5,
            "eps": 4.08
        },
        "2008": {
            "cash": 2,
            "stock": 0.5,
            "eps": 3.51
        },
        "2009": {
            "cash": 1.8,
            "stock": 0,
            "eps": 7.82
        },
        "2010": {
            "cash": 4,
            "stock": 0,
            "eps": 14.76
        },
        "2011": {
            "cash": 10.5,
            "stock": 0,
            "eps": 9.95
        },
        "2012": {
            "cash": 0,
            "stock": 0,
            "eps": 10.15
        },
        "2013": {
            "cash": 4.5,
            "stock": 0,
            "eps": 7.76
        },
        "2014": {
            "cash": 3.5,
            "stock": 0,
            "eps": 11.53
        },
        "2015": {
            "cash": 5.5,
            "stock": 0,
            "eps": 8.52
        },
        "2016": {
            "cash": 4.5,
            "stock": 0,
            "eps": 7.38
        },
        "2017": {
            "cash": 4,
            "stock": 0,
            "eps": 10.23
        },
        "2018": {
            "cash": 5.5,
            "stock": 0,
            "eps": 16.6
        },
        "2019": {
            "cash": 8.7,
            "stock": 0,
            "eps": 20.1
        },
        "2020": {
            "cash": 10.5,
            "stock": 0,
            "eps": 26.41
        },
        "2021": {
            "cash": 13.3,
            "stock": 0,
            "eps": 33.28
        },
        "2022": {
            "cash": 16,
            "stock": 0,
            "eps": 58.62
        },
        "2023": {
            "cash": 26,
            "stock": 0,
            "eps": 39.29
        }
    },
    "dividends": {
        "2006-07-31": {
            "cash": 0,
            "stock": 0.2
        },
        "2007-04-16": {
            "cash": 1.2,
            "stock": 0.5
        },
        "2008-04-28": {
            "cash": 2,
            "stock": 0.5
        },
        "2009-04-28": {
            "cash": 1.8,
            "stock": 0
        },
        "2010-06-14": {
            "cash": 4,
            "stock": 0
        },
        "2011-01-01": {
            "cash": 3.5,
            "stock": 0
        },
        "2011-04-27": {
            "cash": 7,
            "stock": 0
        },
        "2013-05-08": {
            "cash": 4.5,
            "stock": 0
        },
        "2014-06-10": {
            "cash": 3.5,
            "stock": 0
        },
        "2015-08-28": {
            "cash": 5.5,
            "stock": 0
        },
        "2016-03-18": {
            "cash": 4.5,
            "stock": 0
        },
        "2017-08-29": {
            "cash": 4,
            "stock": 0
        },
        "2018-08-30": {
            "cash": 5.5,
            "stock": 0
        },
        "2019-08-30": {
            "cash": 8.7,
            "stock": 0
        },
        "2020-08-31": {
            "cash": 10.5,
            "stock": 0
        },
        "2021-09-24": {
            "cash": 13.3,
            "stock": 0
        },
        "2022-08-31": {
            "cash": 16,
            "stock": 0
        },
        "2023-08-31": {
            "cash": 26,
            "stock": 0
        }
    },
    "prices": {
        "200101": "無",
        "200102": "無",
        "200103": "無",
        "200104": "無",
        "200105": "無",
        "200106": "無",
        "200107": "無",
        "200108": "無",
        "200109": "無",
        "200110": "無",
        "200111": "無",
        "200112": "無",
        "200201": "無",
        "200202": "無",
        "200203": "無",
        "200204": "無",
        "200205": "無",
        "200206": "無",
        "200207": "無",
        "200208": "無",
        "200209": "無",
        "200210": "無",
        "200211": "無",
        "200212": "無",
        "200301": "無",
        "200302": "無",
        "200303": "無",
        "200304": "無",
        "200305": "無",
        "200306": "無",
        "200307": "無",
        "200308": "無",
        "200309": "無",
        "200310": "無",
        "200311": "無",
        "200312": "無",
        "200401": "無",
        "200402": "無",
        "200403": "無",
        "200404": "無",
        "200405": "無",
        "200406": "無",
        "200407": "無",
        "200408": "無",
        "200409": "無",
        "200410": "無",
        "200411": "無",
        "200412": "無",
        "200501": "無",
        "200502": "無",
        "200503": "無",
        "200504": "無",
        "200505": "無",
        "200506": "無",
        "200507": "無",
        "200508": "無",
        "200509": "無",
        "200510": "無",
        "200511": "無",
        "200512": "無",
        "200601": "無",
        "200602": "無",
        "200603": "無",
        "200604": "無",
        "200605": "無",
        "200606": "無",
        "200607": "無",
        "200608": "無",
        "200609": "無",
        "200610": "無",
        "200611": "65.16",
        "200612": "69.97",
        "200701": "75.73",
        "200702": "72.68",
        "200703": "70.13",
        "200704": "68.43",
        "200705": "64.52",
        "200706": "62.37",
        "200707": "68.28",
        "200708": "70.77",
        "200709": "67.62",
        "200710": "64.68",
        "200711": "57.14",
        "200712": "40.70",
        "200801": "39.39",
        "200802": "39.68",
        "200803": "43.70",
        "200804": "43.98",
        "200805": "43.74",
        "200806": "41.14",
        "200807": "33.90",
        "200808": "32.51",
        "200809": "27.01",
        "200810": "21.28",
        "200811": "21.05",
        "200812": "19.69",
        "200901": "19.01",
        "200902": "19.41",
        "200903": "26.06",
        "200904": "29.36",
        "200905": "32.18",
        "200906": "30.07",
        "200907": "36.79",
        "200908": "60.78",
        "200909": "77.07",
        "200910": "79.33",
        "200911": "91.54",
        "200912": "144.65",
        "201001": "164.25",
        "201002": "146.21",
        "201003": "171.22",
        "201004": "191.76",
        "201005": "191.83",
        "201006": "176.95",
        "201007": "166.18",
        "201008": "176.11",
        "201009": "174.62",
        "201010": "165.31",
        "201011": "151.95",
        "201012": "170.52",
        "201101": "161.12",
        "201102": "145.86",
        "201103": "129.24",
        "201104": "126.05",
        "201105": "112.71",
        "201106": "115.71",
        "201107": "98.87",
        "201108": "71.70",
        "201109": "84.82",
        "201110": "85.48",
        "201111": "80.74",
        "201112": "71.54",
        "201201": "74.38",
        "201202": "86.58",
        "201203": "89.77",
        "201204": "77.62",
        "201205": "74.70",
        "201206": "71.00",
        "201207": "71.79",
        "201208": "76.62",
        "201209": "91.06",
        "201210": "88.17",
        "201211": "86.31",
        "201212": "87.36",
        "201301": "86.71",
        "201302": "87.44",
        "201303": "88.44",
        "201304": "83.27",
        "201305": "79.99",
        "201306": "75.19",
        "201307": "75.52",
        "201308": "71.95",
        "201309": "71.26",
        "201310": "71.07",
        "201311": "67.38",
        "201312": "65.44",
        "201401": "69.12",
        "201402": "69.71",
        "201403": "88.96",
        "201404": "99.13",
        "201405": "129.10",
        "201406": "132.60",
        "201407": "131.36",
        "201408": "120.62",
        "201409": "121.43",
        "201410": "125.45",
        "201411": "134.32",
        "201412": "158.42",
        "201501": "142.75",
        "201502": "141.62",
        "201503": "144.89",
        "201504": "129.65",
        "201505": "126.95",
        "201506": "110.80",
        "201507": "103.64",
        "201508": "90.10",
        "201509": "104.47",
        "201510": "106.00",
        "201511": "110.67",
        "201512": "121.13",
        "201601": "116.93",
        "201602": "119.46",
        "201603": "111.00",
        "201604": "99.77",
        "201605": "83.45",
        "201606": "90.90",
        "201607": "91.02",
        "201608": "81.52",
        "201609": "83.74",
        "201610": "80.72",
        "201611": "81.55",
        "201612": "93.13",
        "201701": "98.21",
        "201702": "104.19",
        "201703": "101.23",
        "201704": "101.56",
        "201705": "132.68",
        "201706": "132.93",
        "201707": "158.55",
        "201708": "182.83",
        "201709": "193.14",
        "201710": "187.66",
        "201711": "182.52",
        "201712": "183.71",
        "201801": "190.30",
        "201802": "192.46",
        "201803": "202.43",
        "201804": "199.83",
        "201805": "186.25",
        "201806": "196.75",
        "201807": "223.20",
        "201808": "220.83",
        "201809": "214.24",
        "201810": "166.02",
        "201811": "178.05",
        "201812": "202.21",
        "201901": "205.83",
        "201902": "226.04",
        "201903": "236.92",
        "201904": "234.35",
        "201905": "217.09",
        "201906": "212.34",
        "201907": "226.57",
        "201908": "242.69",
        "201909": "259.29",
        "201910": "280.90",
        "201911": "291.74",
        "201912": "314.25",
        "202001": "326.63",
        "202002": "315.47",
        "202003": "265.70",
        "202004": "305.02",
        "202005": "379.58",
        "202006": "390.32",
        "202007": "440.89",
        "202008": "425.40",
        "202009": "431.14",
        "202010": "468.97",
        "202011": "433.79",
        "202012": "463.70",
        "202101": "534.25",
        "202102": "534.08",
        "202103": "504.07",
        "202104": "495.47",
        "202105": "529.74",
        "202106": "567.33",
        "202107": "559.23",
        "202108": "539.68",
        "202109": "560.20",
        "202110": "555.20",
        "202111": "641.41",
        "202112": "708.91",
        "202201": "736.33",
        "202202": "702.13",
        "202203": "681.61",
        "202204": "710.74",
        "202205": "770.95",
        "202206": "760.62",
        "202207": "659.38",
        "202208": "706.13",
        "202209": "761.29",
        "202210": "744.50",
        "202211": "828.50",
        "202212": "857.09",
        "202301": "794.69",
        "202302": "833.67",
        "202303": "853.61",
        "202304": "911.00",
        "202305": "915.23",
        "202306": "869.90",
        "202307": "797.38",
        "202308": "778.45",
        "202309": "862.05",
        "202310": "831.00",
        "202311": "895.64",
        "202312": "1000.62"
    },
    "quarters": {
        "20011": {
            "year_quarter": 20011,
            "year": 2001,
            "quarter": 1,
            "eps": null,
            "eps_growth_year": null,
            "eps_4q": null,
            "eps_4q_growth_year": null,
            "roe": null,
            "roe_4q": 0,
            "gross_profit": null,
            "gross_margin": null,
            "gross_margin_4q_avg": 0,
            "net_income": null,
            "net_income_4q": null,
            "revenue": null,
            "revenue_4q": null,
            "common_shares": null,
            "book_valuer_per_share": null,
            "book_valuer_per_share_4q_avg": 0,
            "equity": null,
            "current_ratio": null,
            "debt_ratio": null,
            "inventory_turnover_ratio": null,
            "account_receivable_turnover_ratio": null,
            "reinvestment_rate": null,
            "research_to_sale_ratio": null,
            "price_fair": 0,
            "eps_avg_yearly": 0,
            "eps_latest_yearly": 0,
            "eps_growth_yearly": 0
        },
        "20012": {
            "year_quarter": 20012,
            "year": 2001,
            "quarter": 2,
            "eps": null,
            "eps_growth_year": null,
            "eps_4q": null,
            "eps_4q_growth_year": null,
            "roe": null,
            "roe_4q": 0,
            "gross_profit": null,
            "gross_margin": null,
            "gross_margin_4q_avg": 0,
            "net_income": null,
            "net_income_4q": null,
            "revenue": null,
            "revenue_4q": null,
            "common_shares": null,
            "book_valuer_per_share": null,
            "book_valuer_per_share_4q_avg": 0,
            "equity": null,
            "current_ratio": null,
            "debt_ratio": null,
            "inventory_turnover_ratio": null,
            "account_receivable_turnover_ratio": null,
            "reinvestment_rate": null,
            "research_to_sale_ratio": null,
            "price_fair": 0,
            "eps_avg_yearly": 0,
            "eps_latest_yearly": 0,
            "eps_growth_yearly": 0
        },
        "20013": {
            "year_quarter": 20013,
            "year": 2001,
            "quarter": 3,
            "eps": null,
            "eps_growth_year": null,
            "eps_4q": null,
            "eps_4q_growth_year": null,
            "roe": null,
            "roe_4q": 0,
            "gross_profit": null,
            "gross_margin": null,
            "gross_margin_4q_avg": 0,
            "net_income": null,
            "net_income_4q": null,
            "revenue": null,
            "revenue_4q": null,
            "common_shares": null,
            "book_valuer_per_share": null,
            "book_valuer_per_share_4q_avg": 0,
            "equity": null,
            "current_ratio": null,
            "debt_ratio": null,
            "inventory_turnover_ratio": null,
            "account_receivable_turnover_ratio": null,
            "reinvestment_rate": null,
            "research_to_sale_ratio": null,
            "price_fair": 0,
            "eps_avg_yearly": 0,
            "eps_latest_yearly": 0,
            "eps_growth_yearly": 0
        },
        "20014": {
            "year_quarter": 20014,
            "year": 2001,
            "quarter": 4,
            "eps": null,
            "eps_growth_year": null,
            "eps_4q": null,
            "eps_4q_growth_year": null,
            "roe": null,
            "roe_4q": 0,
            "gross_profit": null,
            "gross_margin": null,
            "gross_margin_4q_avg": 0,
            "net_income": null,
            "net_income_4q": null,
            "revenue": null,
            "revenue_4q": null,
            "common_shares": 25000,
            "book_valuer_per_share": 1.12,
            "book_valuer_per_share_4q_avg": 0.28,
            "equity": 2789,
            "current_ratio": 97.43,
            "debt_ratio": 98.5,
            "inventory_turnover_ratio": null,
            "account_receivable_turnover_ratio": null,
            "reinvestment_rate": null,
            "research_to_sale_ratio": null,
            "price_fair": 0,
            "eps_avg_yearly": 0,
            "eps_latest_yearly": 0,
            "eps_growth_yearly": 0
        },
        "20021": {
            "year_quarter": 20021,
            "year": 2002,
            "quarter": 1,
            "eps": null,
            "eps_growth_year": null,
            "eps_4q": null,
            "eps_4q_growth_year": null,
            "roe": null,
            "roe_4q": 0,
            "gross_profit": null,
            "gross_margin": null,
            "gross_margin_4q_avg": 0,
            "net_income": null,
            "net_income_4q": null,
            "revenue": null,
            "revenue_4q": null,
            "common_shares": null,
            "book_valuer_per_share": null,
            "book_valuer_per_share_4q_avg": 0.28,
            "equity": null,
            "current_ratio": null,
            "debt_ratio": null,
            "inventory_turnover_ratio": null,
            "account_receivable_turnover_ratio": null,
            "reinvestment_rate": null,
            "research_to_sale_ratio": null,
            "price_fair": 0,
            "eps_avg_yearly": 0,
            "eps_latest_yearly": 0,
            "eps_growth_yearly": 0
        },
        "20022": {
            "year_quarter": 20022,
            "year": 2002,
            "quarter": 2,
            "eps": null,
            "eps_growth_year": null,
            "eps_4q": null,
            "eps_4q_growth_year": null,
            "roe": null,
            "roe_4q": 0,
            "gross_profit": null,
            "gross_margin": null,
            "gross_margin_4q_avg": 0,
            "net_income": null,
            "net_income_4q": null,
            "revenue": null,
            "revenue_4q": null,
            "common_shares": null,
            "book_valuer_per_share": null,
            "book_valuer_per_share_4q_avg": 0.28,
            "equity": null,
            "current_ratio": null,
            "debt_ratio": null,
            "inventory_turnover_ratio": null,
            "account_receivable_turnover_ratio": null,
            "reinvestment_rate": null,
            "research_to_sale_ratio": null,
            "price_fair": 0,
            "eps_avg_yearly": 0,
            "eps_latest_yearly": 0,
            "eps_growth_yearly": 0
        },
        "20023": {
            "year_quarter": 20023,
            "year": 2002,
            "quarter": 3,
            "eps": null,
            "eps_growth_year": null,
            "eps_4q": null,
            "eps_4q_growth_year": null,
            "roe": null,
            "roe_4q": 0,
            "gross_profit": null,
            "gross_margin": null,
            "gross_margin_4q_avg": 0,
            "net_income": null,
            "net_income_4q": null,
            "revenue": null,
            "revenue_4q": null,
            "common_shares": null,
            "book_valuer_per_share": null,
            "book_valuer_per_share_4q_avg": 0.28,
            "equity": null,
            "current_ratio": null,
            "debt_ratio": null,
            "inventory_turnover_ratio": null,
            "account_receivable_turnover_ratio": null,
            "reinvestment_rate": null,
            "research_to_sale_ratio": null,
            "price_fair": 0,
            "eps_avg_yearly": 0,
            "eps_latest_yearly": 0,
            "eps_growth_yearly": 0
        },
        "20024": {
            "year_quarter": 20024,
            "year": 2002,
            "quarter": 4,
            "eps": null,
            "eps_growth_year": null,
            "eps_4q": null,
            "eps_4q_growth_year": null,
            "roe": null,
            "roe_4q": 0,
            "gross_profit": null,
            "gross_margin": null,
            "gross_margin_4q_avg": 0,
            "net_income": null,
            "net_income_4q": null,
            "revenue": null,
            "revenue_4q": null,
            "common_shares": 25000,
            "book_valuer_per_share": -8.85,
            "book_valuer_per_share_4q_avg": -2.21,
            "equity": -22113,
            "current_ratio": 128.75,
            "debt_ratio": 108.88,
            "inventory_turnover_ratio": null,
            "account_receivable_turnover_ratio": null,
            "reinvestment_rate": null,
            "research_to_sale_ratio": null,
            "price_fair": 0,
            "eps_avg_yearly": 0,
            "eps_latest_yearly": 0,
            "eps_growth_yearly": 0
        },
        "20031": {
            "year_quarter": 20031,
            "year": 2003,
            "quarter": 1,
            "eps": null,
            "eps_growth_year": null,
            "eps_4q": null,
            "eps_4q_growth_year": null,
            "roe": null,
            "roe_4q": 0,
            "gross_profit": null,
            "gross_margin": null,
            "gross_margin_4q_avg": 0,
            "net_income": null,
            "net_income_4q": null,
            "revenue": null,
            "revenue_4q": null,
            "common_shares": null,
            "book_valuer_per_share": null,
            "book_valuer_per_share_4q_avg": -2.21,
            "equity": null,
            "current_ratio": null,
            "debt_ratio": null,
            "inventory_turnover_ratio": null,
            "account_receivable_turnover_ratio": null,
            "reinvestment_rate": null,
            "research_to_sale_ratio": null,
            "price_fair": 0,
            "eps_avg_yearly": 0,
            "eps_latest_yearly": 0,
            "eps_growth_yearly": 0
        },
        "20032": {
            "year_quarter": 20032,
            "year": 2003,
            "quarter": 2,
            "eps": null,
            "eps_growth_year": null,
            "eps_4q": null,
            "eps_4q_growth_year": null,
            "roe": null,
            "roe_4q": 0,
            "gross_profit": null,
            "gross_margin": null,
            "gross_margin_4q_avg": 0,
            "net_income": null,
            "net_income_4q": null,
            "revenue": null,
            "revenue_4q": null,
            "common_shares": null,
            "book_valuer_per_share": null,
            "book_valuer_per_share_4q_avg": -2.21,
            "equity": null,
            "current_ratio": null,
            "debt_ratio": null,
            "inventory_turnover_ratio": null,
            "account_receivable_turnover_ratio": null,
            "reinvestment_rate": null,
            "research_to_sale_ratio": null,
            "price_fair": 0,
            "eps_avg_yearly": 0,
            "eps_latest_yearly": 0,
            "eps_growth_yearly": 0
        },
        "20033": {
            "year_quarter": 20033,
            "year": 2003,
            "quarter": 3,
            "eps": null,
            "eps_growth_year": null,
            "eps_4q": null,
            "eps_4q_growth_year": null,
            "roe": null,
            "roe_4q": 0,
            "gross_profit": null,
            "gross_margin": null,
            "gross_margin_4q_avg": 0,
            "net_income": null,
            "net_income_4q": null,
            "revenue": null,
            "revenue_4q": null,
            "common_shares": null,
            "book_valuer_per_share": null,
            "book_valuer_per_share_4q_avg": -2.21,
            "equity": null,
            "current_ratio": null,
            "debt_ratio": null,
            "inventory_turnover_ratio": null,
            "account_receivable_turnover_ratio": null,
            "reinvestment_rate": null,
            "research_to_sale_ratio": null,
            "price_fair": 0,
            "eps_avg_yearly": 0,
            "eps_latest_yearly": 0,
            "eps_growth_yearly": 0
        },
        "20034": {
            "year_quarter": 20034,
            "year": 2003,
            "quarter": 4,
            "eps": null,
            "eps_growth_year": null,
            "eps_4q": null,
            "eps_4q_growth_year": null,
            "roe": null,
            "roe_4q": 0,
            "gross_profit": null,
            "gross_margin": null,
            "gross_margin_4q_avg": 0,
            "net_income": null,
            "net_income_4q": null,
            "revenue": null,
            "revenue_4q": null,
            "common_shares": 25000,
            "book_valuer_per_share": 79.56,
            "book_valuer_per_share_4q_avg": 19.89,
            "equity": 198897,
            "current_ratio": 171.98,
            "debt_ratio": 72.46,
            "inventory_turnover_ratio": null,
            "account_receivable_turnover_ratio": null,
            "reinvestment_rate": null,
            "research_to_sale_ratio": null,
            "price_fair": 0,
            "eps_avg_yearly": 0,
            "eps_latest_yearly": 0,
            "eps_growth_yearly": 0
        },
        "20041": {
            "year_quarter": 20041,
            "year": 2004,
            "quarter": 1,
            "eps": null,
            "eps_growth_year": null,
            "eps_4q": null,
            "eps_4q_growth_year": null,
            "roe": null,
            "roe_4q": 0,
            "gross_profit": null,
            "gross_margin": null,
            "gross_margin_4q_avg": 0,
            "net_income": null,
            "net_income_4q": null,
            "revenue": null,
            "revenue_4q": null,
            "common_shares": null,
            "book_valuer_per_share": null,
            "book_valuer_per_share_4q_avg": 19.89,
            "equity": null,
            "current_ratio": null,
            "debt_ratio": null,
            "inventory_turnover_ratio": null,
            "account_receivable_turnover_ratio": null,
            "reinvestment_rate": null,
            "research_to_sale_ratio": null,
            "price_fair": 0,
            "eps_avg_yearly": 0,
            "eps_latest_yearly": 0,
            "eps_growth_yearly": 0
        },
        "20042": {
            "year_quarter": 20042,
            "year": 2004,
            "quarter": 2,
            "eps": null,
            "eps_growth_year": null,
            "eps_4q": null,
            "eps_4q_growth_year": null,
            "roe": null,
            "roe_4q": 0,
            "gross_profit": null,
            "gross_margin": null,
            "gross_margin_4q_avg": 0,
            "net_income": null,
            "net_income_4q": null,
            "revenue": null,
            "revenue_4q": null,
            "common_shares": null,
            "book_valuer_per_share": null,
            "book_valuer_per_share_4q_avg": 19.89,
            "equity": null,
            "current_ratio": null,
            "debt_ratio": null,
            "inventory_turnover_ratio": null,
            "account_receivable_turnover_ratio": null,
            "reinvestment_rate": null,
            "research_to_sale_ratio": null,
            "price_fair": 0,
            "eps_avg_yearly": 0,
            "eps_latest_yearly": 0,
            "eps_growth_yearly": 0
        },
        "20043": {
            "year_quarter": 20043,
            "year": 2004,
            "quarter": 3,
            "eps": null,
            "eps_growth_year": null,
            "eps_4q": null,
            "eps_4q_growth_year": null,
            "roe": null,
            "roe_4q": 0,
            "gross_profit": null,
            "gross_margin": null,
            "gross_margin_4q_avg": 0,
            "net_income": null,
            "net_income_4q": null,
            "revenue": null,
            "revenue_4q": null,
            "common_shares": null,
            "book_valuer_per_share": null,
            "book_valuer_per_share_4q_avg": 19.89,
            "equity": null,
            "current_ratio": null,
            "debt_ratio": null,
            "inventory_turnover_ratio": null,
            "account_receivable_turnover_ratio": null,
            "reinvestment_rate": null,
            "research_to_sale_ratio": null,
            "price_fair": 0,
            "eps_avg_yearly": 0,
            "eps_latest_yearly": 0,
            "eps_growth_yearly": 0
        },
        "20044": {
            "year_quarter": 20044,
            "year": 2004,
            "quarter": 4,
            "eps": null,
            "eps_growth_year": null,
            "eps_4q": null,
            "eps_4q_growth_year": null,
            "roe": null,
            "roe_4q": 0,
            "gross_profit": null,
            "gross_margin": null,
            "gross_margin_4q_avg": 0,
            "net_income": null,
            "net_income_4q": null,
            "revenue": null,
            "revenue_4q": null,
            "common_shares": 494000,
            "book_valuer_per_share": 17.76,
            "book_valuer_per_share_4q_avg": 4.44,
            "equity": 877140,
            "current_ratio": 269.59,
            "debt_ratio": 36.16,
            "inventory_turnover_ratio": null,
            "account_receivable_turnover_ratio": null,
            "reinvestment_rate": null,
            "research_to_sale_ratio": null,
            "price_fair": 0,
            "eps_avg_yearly": 0,
            "eps_latest_yearly": 0,
            "eps_growth_yearly": 0
        },
        "20051": {
            "year_quarter": 20051,
            "year": 2005,
            "quarter": 1,
            "eps": null,
            "eps_growth_year": null,
            "eps_4q": null,
            "eps_4q_growth_year": null,
            "roe": null,
            "roe_4q": 0,
            "gross_profit": null,
            "gross_margin": null,
            "gross_margin_4q_avg": 0,
            "net_income": null,
            "net_income_4q": null,
            "revenue": null,
            "revenue_4q": null,
            "common_shares": null,
            "book_valuer_per_share": null,
            "book_valuer_per_share_4q_avg": 4.44,
            "equity": null,
            "current_ratio": null,
            "debt_ratio": null,
            "inventory_turnover_ratio": null,
            "account_receivable_turnover_ratio": null,
            "reinvestment_rate": null,
            "research_to_sale_ratio": null,
            "price_fair": 0,
            "eps_avg_yearly": 0,
            "eps_latest_yearly": 0,
            "eps_growth_yearly": 0
        },
        "20052": {
            "year_quarter": 20052,
            "year": 2005,
            "quarter": 2,
            "eps": null,
            "eps_growth_year": null,
            "eps_4q": null,
            "eps_4q_growth_year": null,
            "roe": null,
            "roe_4q": 0,
            "gross_profit": null,
            "gross_margin": null,
            "gross_margin_4q_avg": 0,
            "net_income": null,
            "net_income_4q": null,
            "revenue": null,
            "revenue_4q": null,
            "common_shares": null,
            "book_valuer_per_share": null,
            "book_valuer_per_share_4q_avg": 4.44,
            "equity": null,
            "current_ratio": null,
            "debt_ratio": null,
            "inventory_turnover_ratio": null,
            "account_receivable_turnover_ratio": null,
            "reinvestment_rate": null,
            "research_to_sale_ratio": null,
            "price_fair": 0,
            "eps_avg_yearly": 0,
            "eps_latest_yearly": 0,
            "eps_growth_yearly": 0
        },
        "20053": {
            "year_quarter": 20053,
            "year": 2005,
            "quarter": 3,
            "eps": null,
            "eps_growth_year": null,
            "eps_4q": null,
            "eps_4q_growth_year": null,
            "roe": null,
            "roe_4q": 0,
            "gross_profit": null,
            "gross_margin": null,
            "gross_margin_4q_avg": 0,
            "net_income": null,
            "net_income_4q": null,
            "revenue": null,
            "revenue_4q": null,
            "common_shares": null,
            "book_valuer_per_share": null,
            "book_valuer_per_share_4q_avg": 4.44,
            "equity": null,
            "current_ratio": null,
            "debt_ratio": null,
            "inventory_turnover_ratio": null,
            "account_receivable_turnover_ratio": null,
            "reinvestment_rate": null,
            "research_to_sale_ratio": null,
            "price_fair": 0,
            "eps_avg_yearly": 0,
            "eps_latest_yearly": 0,
            "eps_growth_yearly": 0
        },
        "20054": {
            "year_quarter": 20054,
            "year": 2005,
            "quarter": 4,
            "eps": null,
            "eps_growth_year": null,
            "eps_4q": null,
            "eps_4q_growth_year": null,
            "roe": null,
            "roe_4q": 0,
            "gross_profit": null,
            "gross_margin": null,
            "gross_margin_4q_avg": 0,
            "net_income": null,
            "net_income_4q": null,
            "revenue": null,
            "revenue_4q": null,
            "common_shares": 523200,
            "book_valuer_per_share": 23.03,
            "book_valuer_per_share_4q_avg": 5.76,
            "equity": 1205077,
            "current_ratio": 198.52,
            "debt_ratio": 37.41,
            "inventory_turnover_ratio": null,
            "account_receivable_turnover_ratio": null,
            "reinvestment_rate": null,
            "research_to_sale_ratio": null,
            "price_fair": 0,
            "eps_avg_yearly": 0,
            "eps_latest_yearly": 0,
            "eps_growth_yearly": 0
        },
        "20061": {
            "year_quarter": 20061,
            "year": 2006,
            "quarter": 1,
            "eps": null,
            "eps_growth_year": null,
            "eps_4q": null,
            "eps_4q_growth_year": null,
            "roe": null,
            "roe_4q": 0,
            "gross_profit": null,
            "gross_margin": null,
            "gross_margin_4q_avg": 0,
            "net_income": null,
            "net_income_4q": null,
            "revenue": null,
            "revenue_4q": null,
            "common_shares": null,
            "book_valuer_per_share": null,
            "book_valuer_per_share_4q_avg": 5.76,
            "equity": null,
            "current_ratio": null,
            "debt_ratio": null,
            "inventory_turnover_ratio": null,
            "account_receivable_turnover_ratio": null,
            "reinvestment_rate": null,
            "research_to_sale_ratio": null,
            "price_fair": 0,
            "eps_avg_yearly": 0,
            "eps_latest_yearly": 0,
            "eps_growth_yearly": 0
        },
        "20062": {
            "year_quarter": 20062,
            "year": 2006,
            "quarter": 2,
            "eps": null,
            "eps_growth_year": null,
            "eps_4q": null,
            "eps_4q_growth_year": null,
            "roe": null,
            "roe_4q": 0,
            "gross_profit": null,
            "gross_margin": null,
            "gross_margin_4q_avg": 0,
            "net_income": null,
            "net_income_4q": null,
            "revenue": null,
            "revenue_4q": null,
            "common_shares": null,
            "book_valuer_per_share": null,
            "book_valuer_per_share_4q_avg": 5.76,
            "equity": null,
            "current_ratio": null,
            "debt_ratio": null,
            "inventory_turnover_ratio": null,
            "account_receivable_turnover_ratio": null,
            "reinvestment_rate": null,
            "research_to_sale_ratio": null,
            "price_fair": 0,
            "eps_avg_yearly": 0,
            "eps_latest_yearly": 0,
            "eps_growth_yearly": 0
        },
        "20063": {
            "year_quarter": 20063,
            "year": 2006,
            "quarter": 3,
            "eps": 1.39,
            "eps_growth_year": null,
            "eps_4q": null,
            "eps_4q_growth_year": null,
            "roe": 5.94,
            "roe_4q": 5.94,
            "gross_profit": 92048,
            "gross_margin": 24.59,
            "gross_margin_4q_avg": 6.15,
            "net_income": 78821,
            "net_income_4q": null,
            "revenue": 374313,
            "revenue_4q": null,
            "common_shares": 591660,
            "book_valuer_per_share": 22.41,
            "book_valuer_per_share_4q_avg": 11.36,
            "equity": 1326096,
            "current_ratio": 131.17,
            "debt_ratio": 29.9,
            "inventory_turnover_ratio": 8.8,
            "account_receivable_turnover_ratio": null,
            "reinvestment_rate": null,
            "research_to_sale_ratio": null,
            "price_fair": 0,
            "eps_avg_yearly": 0,
            "eps_latest_yearly": 0,
            "eps_growth_yearly": 0
        },
        "20064": {
            "year_quarter": 20064,
            "year": 2006,
            "quarter": 4,
            "eps": -1.16,
            "eps_growth_year": null,
            "eps_4q": null,
            "eps_4q_growth_year": null,
            "roe": -5.15,
            "roe_4q": 0.79,
            "gross_profit": 39258,
            "gross_margin": 13.3,
            "gross_margin_4q_avg": 9.47,
            "net_income": -66415,
            "net_income_4q": null,
            "revenue": 295138,
            "revenue_4q": null,
            "common_shares": 591660,
            "book_valuer_per_share": 21.2,
            "book_valuer_per_share_4q_avg": 10.9,
            "equity": 1254603,
            "current_ratio": 196.24,
            "debt_ratio": 36.46,
            "inventory_turnover_ratio": 2.01,
            "account_receivable_turnover_ratio": null,
            "reinvestment_rate": null,
            "research_to_sale_ratio": null,
            "price_fair": 0,
            "eps_avg_yearly": 0,
            "eps_latest_yearly": 0,
            "eps_growth_yearly": 0
        },
        "20071": {
            "year_quarter": 20071,
            "year": 2007,
            "quarter": 1,
            "eps": 0.53,
            "eps_growth_year": null,
            "eps_4q": null,
            "eps_4q_growth_year": null,
            "roe": 2.48,
            "roe_4q": 3.27,
            "gross_profit": 56060,
            "gross_margin": 15.13,
            "gross_margin_4q_avg": 13.26,
            "net_income": 31705,
            "net_income_4q": null,
            "revenue": 370606,
            "revenue_4q": null,
            "common_shares": 603493,
            "book_valuer_per_share": 21.62,
            "book_valuer_per_share_4q_avg": 16.31,
            "equity": 1304778,
            "current_ratio": 121.1,
            "debt_ratio": 32.65,
            "inventory_turnover_ratio": 2.39,
            "account_receivable_turnover_ratio": null,
            "reinvestment_rate": null,
            "research_to_sale_ratio": null,
            "price_fair": 0,
            "eps_avg_yearly": 0,
            "eps_latest_yearly": 0,
            "eps_growth_yearly": 0
        },
        "20072": {
            "year_quarter": 20072,
            "year": 2007,
            "quarter": 2,
            "eps": 1.2,
            "eps_growth_year": null,
            "eps_4q": 1.93,
            "eps_4q_growth_year": null,
            "roe": 5.6,
            "roe_4q": 8.870000000000001,
            "gross_profit": 77348,
            "gross_margin": 17.34,
            "gross_margin_4q_avg": 17.59,
            "net_income": 72181,
            "net_income_4q": null,
            "revenue": 446137,
            "revenue_4q": null,
            "common_shares": 603493,
            "book_valuer_per_share": 21.12,
            "book_valuer_per_share_4q_avg": 21.59,
            "equity": 1274824,
            "current_ratio": 100.78,
            "debt_ratio": 38.48,
            "inventory_turnover_ratio": 8.97,
            "account_receivable_turnover_ratio": null,
            "reinvestment_rate": null,
            "research_to_sale_ratio": null,
            "price_fair": 168,
            "eps_avg_yearly": 4.8,
            "eps_latest_yearly": 4.8,
            "eps_growth_yearly": 505.66
        },
        "20073": {
            "year_quarter": 20073,
            "year": 2007,
            "quarter": 3,
            "eps": 1.92,
            "eps_growth_year": 38.13,
            "eps_4q": 2.51,
            "eps_4q_growth_year": null,
            "roe": 9.17,
            "roe_4q": 12.1,
            "gross_profit": 99782,
            "gross_margin": 17.35,
            "gross_margin_4q_avg": 15.78,
            "net_income": 122540,
            "net_income_4q": null,
            "revenue": 575036,
            "revenue_4q": null,
            "common_shares": 638200,
            "book_valuer_per_share": 21.89,
            "book_valuer_per_share_4q_avg": 21.46,
            "equity": 1396844,
            "current_ratio": 101.15,
            "debt_ratio": 41.93,
            "inventory_turnover_ratio": 10.04,
            "account_receivable_turnover_ratio": null,
            "reinvestment_rate": null,
            "research_to_sale_ratio": null,
            "price_fair": 218.4,
            "eps_avg_yearly": 6.24,
            "eps_latest_yearly": 7.68,
            "eps_growth_yearly": 372.83
        },
        "20074": {
            "year_quarter": 20074,
            "year": 2007,
            "quarter": 4,
            "eps": 0.43,
            "eps_growth_year": null,
            "eps_4q": 3.96,
            "eps_4q_growth_year": null,
            "roe": 1.76,
            "roe_4q": 19.01,
            "gross_profit": 63749,
            "gross_margin": 13.53,
            "gross_margin_4q_avg": 15.84,
            "net_income": 27589,
            "net_income_4q": null,
            "revenue": 471009,
            "revenue_4q": null,
            "common_shares": 711740,
            "book_valuer_per_share": 24.3,
            "book_valuer_per_share_4q_avg": 22.23,
            "equity": 1729422,
            "current_ratio": 217.16,
            "debt_ratio": 33.49,
            "inventory_turnover_ratio": 2.41,
            "account_receivable_turnover_ratio": null,
            "reinvestment_rate": null,
            "research_to_sale_ratio": null,
            "price_fair": 165.67,
            "eps_avg_yearly": 4.73,
            "eps_latest_yearly": 1.72,
            "eps_growth_yearly": 145.08
        },
        "20081": {
            "year_quarter": 20081,
            "year": 2008,
            "quarter": 1,
            "eps": 0.44,
            "eps_growth_year": -16.98,
            "eps_4q": 3.55,
            "eps_4q_growth_year": null,
            "roe": 1.83,
            "roe_4q": 18.36,
            "gross_profit": 186877,
            "gross_margin": 24.47,
            "gross_margin_4q_avg": 18.17,
            "net_income": 31458,
            "net_income_4q": null,
            "revenue": 763712,
            "revenue_4q": null,
            "common_shares": 711740,
            "book_valuer_per_share": 24.04,
            "book_valuer_per_share_4q_avg": 22.84,
            "equity": 1710742,
            "current_ratio": 192.34,
            "debt_ratio": 37.98,
            "inventory_turnover_ratio": 1.91,
            "account_receivable_turnover_ratio": null,
            "reinvestment_rate": null,
            "research_to_sale_ratio": null,
            "price_fair": 139.65,
            "eps_avg_yearly": 3.99,
            "eps_latest_yearly": 1.76,
            "eps_growth_yearly": 111.14
        },
        "20082": {
            "year_quarter": 20082,
            "year": 2008,
            "quarter": 2,
            "eps": 0.85,
            "eps_growth_year": -29.17,
            "eps_4q": 3.24,
            "eps_4q_growth_year": 67.69,
            "roe": 3.88,
            "roe_4q": 16.64,
            "gross_profit": 208487,
            "gross_margin": 24.8,
            "gross_margin_4q_avg": 20.04,
            "net_income": 64525,
            "net_income_4q": null,
            "revenue": 840687,
            "revenue_4q": null,
            "common_shares": 711740,
            "book_valuer_per_share": 22.7,
            "book_valuer_per_share_4q_avg": 23.23,
            "equity": 1615713,
            "current_ratio": 162.23,
            "debt_ratio": 46.01,
            "inventory_turnover_ratio": 1.89,
            "account_receivable_turnover_ratio": null,
            "reinvestment_rate": null,
            "research_to_sale_ratio": null,
            "price_fair": 135.52,
            "eps_avg_yearly": 3.87,
            "eps_latest_yearly": 3.4,
            "eps_growth_yearly": 163.45
        },
        "20083": {
            "year_quarter": 20083,
            "year": 2008,
            "quarter": 3,
            "eps": 1.76,
            "eps_growth_year": -8.33,
            "eps_4q": 3.38,
            "eps_4q_growth_year": 34.9,
            "roe": 7.82,
            "roe_4q": 15.29,
            "gross_profit": 282926,
            "gross_margin": 29.08,
            "gross_margin_4q_avg": 22.97,
            "net_income": 134073,
            "net_income_4q": null,
            "revenue": 973010,
            "revenue_4q": null,
            "common_shares": 762327,
            "book_valuer_per_share": 23.79,
            "book_valuer_per_share_4q_avg": 23.71,
            "equity": 1813724,
            "current_ratio": 148.44,
            "debt_ratio": 47.35,
            "inventory_turnover_ratio": 1.82,
            "account_receivable_turnover_ratio": null,
            "reinvestment_rate": null,
            "research_to_sale_ratio": null,
            "price_fair": 154,
            "eps_avg_yearly": 4.4,
            "eps_latest_yearly": 7.04,
            "eps_growth_yearly": 207.58
        },
        "20084": {
            "year_quarter": 20084,
            "year": 2008,
            "quarter": 4,
            "eps": 0.46,
            "eps_growth_year": 6.98,
            "eps_4q": 3.45,
            "eps_4q_growth_year": -12.83,
            "roe": 1.92,
            "roe_4q": 15.450000000000001,
            "gross_profit": 147785,
            "gross_margin": 23.11,
            "gross_margin_4q_avg": 25.37,
            "net_income": 35380,
            "net_income_4q": null,
            "revenue": 639414,
            "revenue_4q": null,
            "common_shares": 762327,
            "book_valuer_per_share": 24.51,
            "book_valuer_per_share_4q_avg": 23.76,
            "equity": 1868111,
            "current_ratio": 221.95,
            "debt_ratio": 38,
            "inventory_turnover_ratio": 1.38,
            "account_receivable_turnover_ratio": 1.1,
            "reinvestment_rate": null,
            "research_to_sale_ratio": null,
            "price_fair": 141.2,
            "eps_avg_yearly": 4.03,
            "eps_latest_yearly": 1.84,
            "eps_growth_yearly": 135.72
        },
        "20091": {
            "year_quarter": 20091,
            "year": 2009,
            "quarter": 1,
            "eps": 0.35,
            "eps_growth_year": -20.45,
            "eps_4q": 3.42,
            "eps_4q_growth_year": -3.79,
            "roe": 1.4,
            "roe_4q": 15.02,
            "gross_profit": 155179,
            "gross_margin": 19.89,
            "gross_margin_4q_avg": 24.22,
            "net_income": 26718,
            "net_income_4q": null,
            "revenue": 780289,
            "revenue_4q": null,
            "common_shares": 762327,
            "book_valuer_per_share": 25.52,
            "book_valuer_per_share_4q_avg": 24.13,
            "equity": 1945089,
            "current_ratio": 247.57,
            "debt_ratio": 35.53,
            "inventory_turnover_ratio": 1.89,
            "account_receivable_turnover_ratio": 0.69,
            "reinvestment_rate": null,
            "research_to_sale_ratio": null,
            "price_fair": 129.68,
            "eps_avg_yearly": 3.71,
            "eps_latest_yearly": 1.4,
            "eps_growth_yearly": 106.8
        },
        "20092": {
            "year_quarter": 20092,
            "year": 2009,
            "quarter": 2,
            "eps": 1,
            "eps_growth_year": 17.65,
            "eps_4q": 3.57,
            "eps_4q_growth_year": 10.15,
            "roe": 4.04,
            "roe_4q": 15.18,
            "gross_profit": 272877,
            "gross_margin": 29.38,
            "gross_margin_4q_avg": 25.37,
            "net_income": 76293,
            "net_income_4q": null,
            "revenue": 928750,
            "revenue_4q": null,
            "common_shares": 762327,
            "book_valuer_per_share": 24.08,
            "book_valuer_per_share_4q_avg": 24.48,
            "equity": 1835449,
            "current_ratio": 196.22,
            "debt_ratio": 42.8,
            "inventory_turnover_ratio": 1.88,
            "account_receivable_turnover_ratio": 0.78,
            "reinvestment_rate": null,
            "research_to_sale_ratio": null,
            "price_fair": 130.82,
            "eps_avg_yearly": 3.74,
            "eps_latest_yearly": 4,
            "eps_growth_yearly": 177.47
        },
        "20093": {
            "year_quarter": 20093,
            "year": 2009,
            "quarter": 3,
            "eps": 2.94,
            "eps_growth_year": 67.05,
            "eps_4q": 4.76,
            "eps_4q_growth_year": 40.66,
            "roe": 11.57,
            "roe_4q": 18.93,
            "gross_profit": 444733,
            "gross_margin": 35.93,
            "gross_margin_4q_avg": 27.08,
            "net_income": 223903,
            "net_income_4q": null,
            "revenue": 1237611,
            "revenue_4q": null,
            "common_shares": 762327,
            "book_valuer_per_share": 26.67,
            "book_valuer_per_share_4q_avg": 25.2,
            "equity": 2033382,
            "current_ratio": 148.02,
            "debt_ratio": 46.03,
            "inventory_turnover_ratio": 1.91,
            "account_receivable_turnover_ratio": 0.86,
            "reinvestment_rate": null,
            "research_to_sale_ratio": null,
            "price_fair": 158.9,
            "eps_avg_yearly": 4.54,
            "eps_latest_yearly": 11.76,
            "eps_growth_yearly": 237.33
        },
        "20094": {
            "year_quarter": 20094,
            "year": 2009,
            "quarter": 4,
            "eps": 3.53,
            "eps_growth_year": 667.39,
            "eps_4q": 7.73,
            "eps_4q_growth_year": 123.99,
            "roe": 12.4,
            "roe_4q": 29.409999999999997,
            "gross_profit": 540554,
            "gross_margin": 40.67,
            "gross_margin_4q_avg": 31.47,
            "net_income": 269117,
            "net_income_4q": null,
            "revenue": 1329216,
            "revenue_4q": null,
            "common_shares": 771041,
            "book_valuer_per_share": 29.93,
            "book_valuer_per_share_4q_avg": 26.55,
            "equity": 2307667,
            "current_ratio": 167.9,
            "debt_ratio": 47.33,
            "inventory_turnover_ratio": 1.54,
            "account_receivable_turnover_ratio": 1.44,
            "reinvestment_rate": null,
            "research_to_sale_ratio": null,
            "price_fair": 189.38,
            "eps_avg_yearly": 5.41,
            "eps_latest_yearly": 14.12,
            "eps_growth_yearly": 223.05
        },
        "20101": {
            "year_quarter": 20101,
            "year": 2010,
            "quarter": 1,
            "eps": 5.11,
            "eps_growth_year": 1360,
            "eps_4q": 11.79,
            "eps_4q_growth_year": 245.25,
            "roe": 14.31,
            "roe_4q": 42.32,
            "gross_profit": 747451,
            "gross_margin": 43.93,
            "gross_margin_4q_avg": 37.48,
            "net_income": 410518,
            "net_income_4q": null,
            "revenue": 1701481,
            "revenue_4q": null,
            "common_shares": 831041,
            "book_valuer_per_share": 41.28,
            "book_valuer_per_share_4q_avg": 30.49,
            "equity": 3430300,
            "current_ratio": 209.52,
            "debt_ratio": 40.56,
            "inventory_turnover_ratio": 1.46,
            "account_receivable_turnover_ratio": 0.81,
            "reinvestment_rate": null,
            "research_to_sale_ratio": 2.89,
            "price_fair": 233.22,
            "eps_avg_yearly": 6.66,
            "eps_latest_yearly": 20.44,
            "eps_growth_yearly": 219.38
        },
        "20102": {
            "year_quarter": 20102,
            "year": 2010,
            "quarter": 2,
            "eps": 6.09,
            "eps_growth_year": 508.65,
            "eps_4q": 16.96,
            "eps_4q_growth_year": 374.87,
            "roe": 14.34,
            "roe_4q": 52.62,
            "gross_profit": 706636,
            "gross_margin": 41.21,
            "gross_margin_4q_avg": 40.44,
            "net_income": 505814,
            "net_income_4q": null,
            "revenue": 1714656,
            "revenue_4q": null,
            "common_shares": 831041,
            "book_valuer_per_share": 43.63,
            "book_valuer_per_share_4q_avg": 35.38,
            "equity": 3625787,
            "current_ratio": 177.51,
            "debt_ratio": 42.7,
            "inventory_turnover_ratio": 1.2,
            "account_receivable_turnover_ratio": 0.73,
            "reinvestment_rate": 80.76,
            "research_to_sale_ratio": 3.1,
            "price_fair": 280.86,
            "eps_avg_yearly": 8.02,
            "eps_latest_yearly": 24.36,
            "eps_growth_yearly": 208.41
        },
        "20103": {
            "year_quarter": 20103,
            "year": 2010,
            "quarter": 3,
            "eps": 3.21,
            "eps_growth_year": 9.04,
            "eps_4q": 15.94,
            "eps_4q_growth_year": 235.04,
            "roe": 6.68,
            "roe_4q": 47.73,
            "gross_profit": 696243,
            "gross_margin": 36.53,
            "gross_margin_4q_avg": 40.59,
            "net_income": 298480,
            "net_income_4q": null,
            "revenue": 1905942,
            "revenue_4q": null,
            "common_shares": 931041,
            "book_valuer_per_share": 57.06,
            "book_valuer_per_share_4q_avg": 42.98,
            "equity": 5312982,
            "current_ratio": 293.19,
            "debt_ratio": 27.43,
            "inventory_turnover_ratio": 1.43,
            "account_receivable_turnover_ratio": 0.77,
            "reinvestment_rate": 73.83,
            "research_to_sale_ratio": 4.03,
            "price_fair": 292.9,
            "eps_avg_yearly": 8.37,
            "eps_latest_yearly": 12.84,
            "eps_growth_yearly": 180.01
        },
        "20104": {
            "year_quarter": 20104,
            "year": 2010,
            "quarter": 4,
            "eps": 0.35,
            "eps_growth_year": -89.98,
            "eps_4q": 13.37,
            "eps_4q_growth_year": 72.98,
            "roe": 0.63,
            "roe_4q": 35.96,
            "gross_profit": 502272,
            "gross_margin": 26.87,
            "gross_margin_4q_avg": 37.14,
            "net_income": 32991,
            "net_income_4q": null,
            "revenue": 1869337,
            "revenue_4q": null,
            "common_shares": 933139,
            "book_valuer_per_share": 55.26,
            "book_valuer_per_share_4q_avg": 49.31,
            "equity": 5156604,
            "current_ratio": 281.29,
            "debt_ratio": 28.82,
            "inventory_turnover_ratio": 1.8,
            "account_receivable_turnover_ratio": 0.73,
            "reinvestment_rate": 47.79,
            "research_to_sale_ratio": 5.95,
            "price_fair": 276.64,
            "eps_avg_yearly": 7.9,
            "eps_latest_yearly": 1.4,
            "eps_growth_yearly": 144.25
        },
        "20111": {
            "year_quarter": 20111,
            "year": 2011,
            "quarter": 1,
            "eps": 1.9,
            "eps_growth_year": -62.82,
            "eps_4q": 10.87,
            "eps_4q_growth_year": -7.84,
            "roe": 3.36,
            "roe_4q": 25.009999999999998,
            "gross_profit": 493834,
            "gross_margin": 27.04,
            "gross_margin_4q_avg": 32.91,
            "net_income": 177131,
            "net_income_4q": null,
            "revenue": 1826284,
            "revenue_4q": null,
            "common_shares": 933139,
            "book_valuer_per_share": 57.59,
            "book_valuer_per_share_4q_avg": 53.39,
            "equity": 5376149,
            "current_ratio": 267.49,
            "debt_ratio": 29.68,
            "inventory_turnover_ratio": 1.72,
            "account_receivable_turnover_ratio": 0.71,
            "reinvestment_rate": 69.98,
            "research_to_sale_ratio": 5.16,
            "price_fair": 275.98,
            "eps_avg_yearly": 7.89,
            "eps_latest_yearly": 7.6,
            "eps_growth_yearly": 245.95
        },
        "20112": {
            "year_quarter": 20112,
            "year": 2011,
            "quarter": 2,
            "eps": 3.55,
            "eps_growth_year": -41.67,
            "eps_4q": 8.99,
            "eps_4q_growth_year": -46.98,
            "roe": 6.38,
            "roe_4q": 17.05,
            "gross_profit": 608030,
            "gross_margin": 29.69,
            "gross_margin_4q_avg": 30.03,
            "net_income": 331218,
            "net_income_4q": null,
            "revenue": 2047901,
            "revenue_4q": null,
            "common_shares": 934779,
            "book_valuer_per_share": 53.56,
            "book_valuer_per_share_4q_avg": 55.87,
            "equity": 5013815,
            "current_ratio": 189.77,
            "debt_ratio": 36.24,
            "inventory_turnover_ratio": 1.7,
            "account_receivable_turnover_ratio": 0.74,
            "reinvestment_rate": 70.14,
            "research_to_sale_ratio": 6.36,
            "price_fair": 296.54,
            "eps_avg_yearly": 8.47,
            "eps_latest_yearly": 14.2,
            "eps_growth_yearly": 236.05
        },
        "20113": {
            "year_quarter": 20113,
            "year": 2011,
            "quarter": 3,
            "eps": 2.59,
            "eps_growth_year": -19.16,
            "eps_4q": 8.39,
            "eps_4q_growth_year": -47.36,
            "roe": 4.58,
            "roe_4q": 14.950000000000001,
            "gross_profit": 560190,
            "gross_margin": 28.52,
            "gross_margin_4q_avg": 28.03,
            "net_income": 241008,
            "net_income_4q": null,
            "revenue": 1964239,
            "revenue_4q": null,
            "common_shares": 934779,
            "book_valuer_per_share": 58.92,
            "book_valuer_per_share_4q_avg": 56.33,
            "equity": 5516066,
            "current_ratio": 221.68,
            "debt_ratio": 29.31,
            "inventory_turnover_ratio": 1.52,
            "account_receivable_turnover_ratio": 0.65,
            "reinvestment_rate": 75.87,
            "research_to_sale_ratio": 5.76,
            "price_fair": 302.4,
            "eps_avg_yearly": 8.64,
            "eps_latest_yearly": 10.36,
            "eps_growth_yearly": 214.29
        },
        "20114": {
            "year_quarter": 20114,
            "year": 2011,
            "quarter": 4,
            "eps": 1.91,
            "eps_growth_year": 439.7,
            "eps_4q": 9.95,
            "eps_4q_growth_year": -25.63,
            "roe": 3.22,
            "roe_4q": 17.54,
            "gross_profit": 573513,
            "gross_margin": 30.18,
            "gross_margin_4q_avg": 28.86,
            "net_income": 180295,
            "net_income_4q": null,
            "revenue": 1900011,
            "revenue_4q": null,
            "common_shares": 934779,
            "book_valuer_per_share": 60.72,
            "book_valuer_per_share_4q_avg": 57.7,
            "equity": 5675786,
            "current_ratio": 251.03,
            "debt_ratio": 26,
            "inventory_turnover_ratio": 1.43,
            "account_receivable_turnover_ratio": 0.65,
            "reinvestment_rate": 52.09,
            "research_to_sale_ratio": 6.75,
            "price_fair": 315.35,
            "eps_avg_yearly": 9.01,
            "eps_latest_yearly": 7.64,
            "eps_growth_yearly": 227.13
        },
        "20121": {
            "year_quarter": 20121,
            "year": 2012,
            "quarter": 1,
            "eps": 1.8,
            "eps_growth_year": -5.26,
            "eps_4q": 9.85,
            "eps_4q_growth_year": -9.35,
            "roe": 2.94,
            "roe_4q": 17.12,
            "gross_profit": 553737,
            "gross_margin": 28.95,
            "gross_margin_4q_avg": 29.34,
            "net_income": 167835,
            "net_income_4q": null,
            "revenue": 1913052,
            "revenue_4q": null,
            "common_shares": 934779,
            "book_valuer_per_share": 61.58,
            "book_valuer_per_share_4q_avg": 58.7,
            "equity": 5757136,
            "current_ratio": 285.24,
            "debt_ratio": 23.56,
            "inventory_turnover_ratio": 1.49,
            "account_receivable_turnover_ratio": 0.69,
            "reinvestment_rate": 45.25,
            "research_to_sale_ratio": 6.5,
            "price_fair": 327.25,
            "eps_avg_yearly": 9.35,
            "eps_latest_yearly": 7.2,
            "eps_growth_yearly": 225.11
        },
        "20122": {
            "year_quarter": 20122,
            "year": 2012,
            "quarter": 2,
            "eps": 3.06,
            "eps_growth_year": -13.78,
            "eps_4q": 9.36,
            "eps_4q_growth_year": 4.11,
            "roe": 4.97,
            "roe_4q": 15.71,
            "gross_profit": 744823,
            "gross_margin": 34.51,
            "gross_margin_4q_avg": 30.54,
            "net_income": 285836,
            "net_income_4q": null,
            "revenue": 2157995,
            "revenue_4q": null,
            "common_shares": 934779,
            "book_valuer_per_share": 61.54,
            "book_valuer_per_share_4q_avg": 60.69,
            "equity": 5753010,
            "current_ratio": 232.39,
            "debt_ratio": 30.29,
            "inventory_turnover_ratio": 1.46,
            "account_receivable_turnover_ratio": 0.73,
            "reinvestment_rate": 40.22,
            "research_to_sale_ratio": 7.47,
            "price_fair": 346.59,
            "eps_avg_yearly": 9.9,
            "eps_latest_yearly": 12.24,
            "eps_growth_yearly": 219.31
        },
        "20123": {
            "year_quarter": 20123,
            "year": 2012,
            "quarter": 3,
            "eps": 3.66,
            "eps_growth_year": 41.1,
            "eps_4q": 10.43,
            "eps_4q_growth_year": 24.26,
            "roe": 5.8,
            "roe_4q": 16.93,
            "gross_profit": 725268,
            "gross_margin": 30.47,
            "gross_margin_4q_avg": 31.03,
            "net_income": 341684,
            "net_income_4q": null,
            "revenue": 2380096,
            "revenue_4q": null,
            "common_shares": 934779,
            "book_valuer_per_share": 64.39,
            "book_valuer_per_share_4q_avg": 62.06,
            "equity": 6020017,
            "current_ratio": 248.83,
            "debt_ratio": 28.81,
            "inventory_turnover_ratio": 1.64,
            "account_receivable_turnover_ratio": 0.74,
            "reinvestment_rate": 34.16,
            "research_to_sale_ratio": 5.69,
            "price_fair": 363.21,
            "eps_avg_yearly": 10.38,
            "eps_latest_yearly": 14.64,
            "eps_growth_yearly": 197.45
        },
        "20124": {
            "year_quarter": 20124,
            "year": 2012,
            "quarter": 4,
            "eps": 1.63,
            "eps_growth_year": -14.83,
            "eps_4q": 10.14,
            "eps_4q_growth_year": 1.99,
            "roe": 2.46,
            "roe_4q": 16.17,
            "gross_profit": 709567,
            "gross_margin": 33.54,
            "gross_margin_4q_avg": 31.87,
            "net_income": 150212,
            "net_income_4q": null,
            "revenue": 2115857,
            "revenue_4q": null,
            "common_shares": 934779,
            "book_valuer_per_share": 65.97,
            "book_valuer_per_share_4q_avg": 63.37,
            "equity": 6179702,
            "current_ratio": 226,
            "debt_ratio": 33.36,
            "inventory_turnover_ratio": 1.4,
            "account_receivable_turnover_ratio": 0.64,
            "reinvestment_rate": 31.35,
            "research_to_sale_ratio": 7.88,
            "price_fair": 373.45,
            "eps_avg_yearly": 10.67,
            "eps_latest_yearly": 6.52,
            "eps_growth_yearly": 202.05
        },
        "20131": {
            "year_quarter": 20131,
            "year": 2013,
            "quarter": 1,
            "eps": 1.98,
            "eps_growth_year": 10,
            "eps_4q": 10.32,
            "eps_4q_growth_year": 4.77,
            "roe": 2.9,
            "roe_4q": 16.13,
            "gross_profit": 522361,
            "gross_margin": 30.53,
            "gross_margin_4q_avg": 32.26,
            "net_income": 183342,
            "net_income_4q": null,
            "revenue": 1711100,
            "revenue_4q": null,
            "common_shares": 934779,
            "book_valuer_per_share": 68.92,
            "book_valuer_per_share_4q_avg": 65.21,
            "equity": 6455127,
            "current_ratio": 241.1,
            "debt_ratio": 31.77,
            "inventory_turnover_ratio": 1.2,
            "account_receivable_turnover_ratio": 0.56,
            "reinvestment_rate": 30.43,
            "research_to_sale_ratio": 7.55,
            "price_fair": 387.71,
            "eps_avg_yearly": 11.08,
            "eps_latest_yearly": 7.92,
            "eps_growth_yearly": 213.4
        },
        "20132": {
            "year_quarter": 20132,
            "year": 2013,
            "quarter": 2,
            "eps": 1.37,
            "eps_growth_year": -55.25,
            "eps_4q": 8.63,
            "eps_4q_growth_year": -7.85,
            "roe": 1.97,
            "roe_4q": 13.129999999999999,
            "gross_profit": 564508,
            "gross_margin": 30.13,
            "gross_margin_4q_avg": 31.17,
            "net_income": 125839,
            "net_income_4q": null,
            "revenue": 1873627,
            "revenue_4q": null,
            "common_shares": 934779,
            "book_valuer_per_share": 67.03,
            "book_valuer_per_share_4q_avg": 66.58,
            "equity": 6301375,
            "current_ratio": 230.19,
            "debt_ratio": 33.26,
            "inventory_turnover_ratio": 1.37,
            "account_receivable_turnover_ratio": 0.69,
            "reinvestment_rate": 30.01,
            "research_to_sale_ratio": 9.34,
            "price_fair": 390.95,
            "eps_avg_yearly": 11.17,
            "eps_latest_yearly": 5.48,
            "eps_growth_yearly": 159.27
        },
        "20133": {
            "year_quarter": 20133,
            "year": 2013,
            "quarter": 3,
            "eps": 0.97,
            "eps_growth_year": -73.47,
            "eps_4q": 5.94,
            "eps_4q_growth_year": -43.01,
            "roe": 1.37,
            "roe_4q": 8.7,
            "gross_profit": 595540,
            "gross_margin": 27.58,
            "gross_margin_4q_avg": 30.45,
            "net_income": 86729,
            "net_income_4q": null,
            "revenue": 2158940,
            "revenue_4q": null,
            "common_shares": 934779,
            "book_valuer_per_share": 67.53,
            "book_valuer_per_share_4q_avg": 67.36,
            "equity": 6342953,
            "current_ratio": 230.59,
            "debt_ratio": 33.4,
            "inventory_turnover_ratio": 1.64,
            "account_receivable_turnover_ratio": 0.78,
            "reinvestment_rate": 26.96,
            "research_to_sale_ratio": 7.13,
            "price_fair": 373.71,
            "eps_avg_yearly": 10.68,
            "eps_latest_yearly": 3.88,
            "eps_growth_yearly": 103.47
        },
        "20134": {
            "year_quarter": 20134,
            "year": 2013,
            "quarter": 4,
            "eps": 3.44,
            "eps_growth_year": 111.84,
            "eps_4q": 7.76,
            "eps_4q_growth_year": -23.5,
            "roe": 4.87,
            "roe_4q": 11.110000000000001,
            "gross_profit": 807682,
            "gross_margin": 34.84,
            "gross_margin_4q_avg": 30.77,
            "net_income": 319355,
            "net_income_4q": null,
            "revenue": 2318293,
            "revenue_4q": null,
            "common_shares": 934779,
            "book_valuer_per_share": 71.82,
            "book_valuer_per_share_4q_avg": 68.83,
            "equity": 6762171,
            "current_ratio": 238.83,
            "debt_ratio": 32.61,
            "inventory_turnover_ratio": 1.41,
            "account_receivable_turnover_ratio": 0.75,
            "reinvestment_rate": 24.64,
            "research_to_sale_ratio": 7.99,
            "price_fair": 372.93,
            "eps_avg_yearly": 10.66,
            "eps_latest_yearly": 13.76,
            "eps_growth_yearly": 162.11
        },
        "20141": {
            "year_quarter": 20141,
            "year": 2014,
            "quarter": 1,
            "eps": 3.09,
            "eps_growth_year": 56.06,
            "eps_4q": 8.87,
            "eps_4q_growth_year": -14.06,
            "roe": 4.14,
            "roe_4q": 12.35,
            "gross_profit": 718558,
            "gross_margin": 37.15,
            "gross_margin_4q_avg": 32.43,
            "net_income": 287462,
            "net_income_4q": null,
            "revenue": 1934001,
            "revenue_4q": null,
            "common_shares": 934779,
            "book_valuer_per_share": 75.69,
            "book_valuer_per_share_4q_avg": 70.52,
            "equity": 7125001,
            "current_ratio": 269.51,
            "debt_ratio": 29.19,
            "inventory_turnover_ratio": 0.98,
            "account_receivable_turnover_ratio": 0.62,
            "reinvestment_rate": -43.34,
            "research_to_sale_ratio": 8.42,
            "price_fair": 355.25,
            "eps_avg_yearly": 10.15,
            "eps_latest_yearly": 12.36,
            "eps_growth_yearly": 148.38
        },
        "20142": {
            "year_quarter": 20142,
            "year": 2014,
            "quarter": 2,
            "eps": 1.93,
            "eps_growth_year": 40.88,
            "eps_4q": 9.43,
            "eps_4q_growth_year": 9.38,
            "roe": 2.55,
            "roe_4q": 12.93,
            "gross_profit": 698129,
            "gross_margin": 33.02,
            "gross_margin_4q_avg": 33.15,
            "net_income": 178685,
            "net_income_4q": null,
            "revenue": 2114342,
            "revenue_4q": null,
            "common_shares": 934779,
            "book_valuer_per_share": 73.06,
            "book_valuer_per_share_4q_avg": 72.03,
            "equity": 6877029,
            "current_ratio": 246.59,
            "debt_ratio": 31.94,
            "inventory_turnover_ratio": 1.06,
            "account_receivable_turnover_ratio": 0.72,
            "reinvestment_rate": 8.8,
            "research_to_sale_ratio": 7.39,
            "price_fair": 318.85,
            "eps_avg_yearly": 9.11,
            "eps_latest_yearly": 7.72,
            "eps_growth_yearly": 134.2
        },
        "20143": {
            "year_quarter": 20143,
            "year": 2014,
            "quarter": 3,
            "eps": 3.28,
            "eps_growth_year": 238.14,
            "eps_4q": 11.74,
            "eps_4q_growth_year": 97.61,
            "roe": 4.33,
            "roe_4q": 15.89,
            "gross_profit": 773611,
            "gross_margin": 35.54,
            "gross_margin_4q_avg": 35.14,
            "net_income": 306748,
            "net_income_4q": null,
            "revenue": 2176610,
            "revenue_4q": null,
            "common_shares": 934779,
            "book_valuer_per_share": 77.38,
            "book_valuer_per_share_4q_avg": 74.49,
            "equity": 7281253,
            "current_ratio": 276.09,
            "debt_ratio": 28.3,
            "inventory_turnover_ratio": 1.08,
            "account_receivable_turnover_ratio": 0.73,
            "reinvestment_rate": 8.54,
            "research_to_sale_ratio": 8.2,
            "price_fair": 319.46,
            "eps_avg_yearly": 9.13,
            "eps_latest_yearly": 13.12,
            "eps_growth_yearly": 163.51
        },
        "20144": {
            "year_quarter": 20144,
            "year": 2014,
            "quarter": 4,
            "eps": 3.23,
            "eps_growth_year": -6.23,
            "eps_4q": 11.53,
            "eps_4q_growth_year": 48.56,
            "roe": 3.98,
            "roe_4q": 15,
            "gross_profit": 643714,
            "gross_margin": 30.96,
            "gross_margin_4q_avg": 34.17,
            "net_income": 301001,
            "net_income_4q": null,
            "revenue": 2079003,
            "revenue_4q": null,
            "common_shares": 934779,
            "book_valuer_per_share": 83.18,
            "book_valuer_per_share_4q_avg": 77.33,
            "equity": 7836479,
            "current_ratio": 297.4,
            "debt_ratio": 25.37,
            "inventory_turnover_ratio": 1.16,
            "account_receivable_turnover_ratio": 0.68,
            "reinvestment_rate": 17.97,
            "research_to_sale_ratio": 8.59,
            "price_fair": 344.66,
            "eps_avg_yearly": 9.85,
            "eps_latest_yearly": 12.92,
            "eps_growth_yearly": 185.4
        },
        "20151": {
            "year_quarter": 20151,
            "year": 2015,
            "quarter": 1,
            "eps": 1.99,
            "eps_growth_year": -35.6,
            "eps_4q": 10.43,
            "eps_4q_growth_year": 17.59,
            "roe": 2.32,
            "roe_4q": 13.18,
            "gross_profit": 641740,
            "gross_margin": 34.67,
            "gross_margin_4q_avg": 33.55,
            "net_income": 182913,
            "net_income_4q": null,
            "revenue": 1851138,
            "revenue_4q": null,
            "common_shares": 934779,
            "book_valuer_per_share": 84.34,
            "book_valuer_per_share_4q_avg": 79.49,
            "equity": 7941135,
            "current_ratio": 279.85,
            "debt_ratio": 26.83,
            "inventory_turnover_ratio": 1.01,
            "account_receivable_turnover_ratio": 0.63,
            "reinvestment_rate": 14.51,
            "research_to_sale_ratio": 9.99,
            "price_fair": 345.45,
            "eps_avg_yearly": 9.87,
            "eps_latest_yearly": 7.96,
            "eps_growth_yearly": 65.09
        },
        "20152": {
            "year_quarter": 20152,
            "year": 2015,
            "quarter": 2,
            "eps": 0.85,
            "eps_growth_year": -55.96,
            "eps_4q": 9.34,
            "eps_4q_growth_year": -0.97,
            "roe": 0.97,
            "roe_4q": 11.6,
            "gross_profit": 594936,
            "gross_margin": 32.41,
            "gross_margin_4q_avg": 33.4,
            "net_income": 74352,
            "net_income_4q": null,
            "revenue": 1835891,
            "revenue_4q": null,
            "common_shares": 934779,
            "book_valuer_per_share": 79.06,
            "book_valuer_per_share_4q_avg": 80.99,
            "equity": 7442481,
            "current_ratio": 234.88,
            "debt_ratio": 31.22,
            "inventory_turnover_ratio": 1.06,
            "account_receivable_turnover_ratio": 0.68,
            "reinvestment_rate": 12.95,
            "research_to_sale_ratio": 11.01,
            "price_fair": 321.83,
            "eps_avg_yearly": 9.2,
            "eps_latest_yearly": 3.4,
            "eps_growth_yearly": 29.06
        },
        "20153": {
            "year_quarter": 20153,
            "year": 2015,
            "quarter": 3,
            "eps": 3.3,
            "eps_growth_year": 0.61,
            "eps_4q": 9.37,
            "eps_4q_growth_year": -20.23,
            "roe": 3.95,
            "roe_4q": 11.22,
            "gross_profit": 752274,
            "gross_margin": 33.43,
            "gross_margin_4q_avg": 32.87,
            "net_income": 303749,
            "net_income_4q": null,
            "revenue": 2250139,
            "revenue_4q": null,
            "common_shares": 934779,
            "book_valuer_per_share": 84.53,
            "book_valuer_per_share_4q_avg": 82.78,
            "equity": 7952985,
            "current_ratio": 244.42,
            "debt_ratio": 30.09,
            "inventory_turnover_ratio": 1.25,
            "account_receivable_turnover_ratio": 0.78,
            "reinvestment_rate": 1.79,
            "research_to_sale_ratio": 9.4,
            "price_fair": 328.04,
            "eps_avg_yearly": 9.37,
            "eps_latest_yearly": 13.2,
            "eps_growth_yearly": 107.88
        },
        "20154": {
            "year_quarter": 20154,
            "year": 2015,
            "quarter": 4,
            "eps": 2.38,
            "eps_growth_year": -26.27,
            "eps_4q": 8.52,
            "eps_4q_growth_year": -26.11,
            "roe": 2.74,
            "roe_4q": 9.98,
            "gross_profit": 776004,
            "gross_margin": 34.34,
            "gross_margin_4q_avg": 33.71,
            "net_income": 219368,
            "net_income_4q": null,
            "revenue": 2259749,
            "revenue_4q": null,
            "common_shares": 934779,
            "book_valuer_per_share": 86.01,
            "book_valuer_per_share_4q_avg": 83.49,
            "equity": 8088081,
            "current_ratio": 281.07,
            "debt_ratio": 25.5,
            "inventory_turnover_ratio": 1.17,
            "account_receivable_turnover_ratio": 0.69,
            "reinvestment_rate": 1.41,
            "research_to_sale_ratio": 9.58,
            "price_fair": 332.15,
            "eps_avg_yearly": 9.49,
            "eps_latest_yearly": 9.52,
            "eps_growth_yearly": 107.47
        },
        "20161": {
            "year_quarter": 20161,
            "year": 2016,
            "quarter": 1,
            "eps": 0.87,
            "eps_growth_year": -56.28,
            "eps_4q": 7.4,
            "eps_4q_growth_year": -29.04,
            "roe": 0.95,
            "roe_4q": 8.610000000000001,
            "gross_profit": 616132,
            "gross_margin": 33.03,
            "gross_margin_4q_avg": 33.3,
            "net_income": 76658,
            "net_income_4q": null,
            "revenue": 1865631,
            "revenue_4q": null,
            "common_shares": 934779,
            "book_valuer_per_share": 85.81,
            "book_valuer_per_share_4q_avg": 83.85,
            "equity": 8074309,
            "current_ratio": 339.72,
            "debt_ratio": 20.23,
            "inventory_turnover_ratio": 0.98,
            "account_receivable_turnover_ratio": 0.61,
            "reinvestment_rate": 7.7,
            "research_to_sale_ratio": 11.8,
            "price_fair": 324.01,
            "eps_avg_yearly": 9.26,
            "eps_latest_yearly": 3.48,
            "eps_growth_yearly": 93.05
        },
        "20162": {
            "year_quarter": 20162,
            "year": 2016,
            "quarter": 2,
            "eps": 0.77,
            "eps_growth_year": -9.41,
            "eps_4q": 7.33,
            "eps_4q_growth_year": -21.57,
            "roe": 0.88,
            "roe_4q": 8.52,
            "gross_profit": 600660,
            "gross_margin": 28.51,
            "gross_margin_4q_avg": 32.33,
            "net_income": 68909,
            "net_income_4q": null,
            "revenue": 2106730,
            "revenue_4q": null,
            "common_shares": 934779,
            "book_valuer_per_share": 81,
            "book_valuer_per_share_4q_avg": 84.34,
            "equity": 7621694,
            "current_ratio": 278.22,
            "debt_ratio": 24.75,
            "inventory_turnover_ratio": 1.2,
            "account_receivable_turnover_ratio": 0.73,
            "reinvestment_rate": 9.52,
            "research_to_sale_ratio": 10.92,
            "price_fair": 303.98,
            "eps_avg_yearly": 8.69,
            "eps_latest_yearly": 3.08,
            "eps_growth_yearly": 72.67
        },
        "20163": {
            "year_quarter": 20163,
            "year": 2016,
            "quarter": 3,
            "eps": 2.3,
            "eps_growth_year": -30.3,
            "eps_4q": 6.32,
            "eps_4q_growth_year": -32.48,
            "roe": 2.72,
            "roe_4q": 7.29,
            "gross_profit": 778971,
            "gross_margin": 31.81,
            "gross_margin_4q_avg": 31.92,
            "net_income": 208562,
            "net_income_4q": null,
            "revenue": 2448651,
            "revenue_4q": null,
            "common_shares": 934779,
            "book_valuer_per_share": 81.13,
            "book_valuer_per_share_4q_avg": 83.49,
            "equity": 7690217,
            "current_ratio": 250.32,
            "debt_ratio": 27.92,
            "inventory_turnover_ratio": 1.27,
            "account_receivable_turnover_ratio": 0.79,
            "reinvestment_rate": 11.02,
            "research_to_sale_ratio": 8.75,
            "price_fair": 292.08,
            "eps_avg_yearly": 8.35,
            "eps_latest_yearly": 9.2,
            "eps_growth_yearly": 117.45
        },
        "20164": {
            "year_quarter": 20164,
            "year": 2016,
            "quarter": 4,
            "eps": 3.44,
            "eps_growth_year": 44.59,
            "eps_4q": 7.38,
            "eps_4q_growth_year": -13.3,
            "roe": 3.74,
            "roe_4q": 8.290000000000001,
            "gross_profit": 821694,
            "gross_margin": 33.65,
            "gross_margin_4q_avg": 31.75,
            "net_income": 292872,
            "net_income_4q": null,
            "revenue": 2441565,
            "revenue_4q": null,
            "common_shares": 934779,
            "book_valuer_per_share": 84.48,
            "book_valuer_per_share_4q_avg": 83.11,
            "equity": 7975413,
            "current_ratio": 287.81,
            "debt_ratio": 23.89,
            "inventory_turnover_ratio": 1.1,
            "account_receivable_turnover_ratio": 0.7,
            "reinvestment_rate": 15.68,
            "research_to_sale_ratio": 9.07,
            "price_fair": 307.91,
            "eps_avg_yearly": 8.8,
            "eps_latest_yearly": 13.76,
            "eps_growth_yearly": 143.71
        },
        "20171": {
            "year_quarter": 20171,
            "year": 2017,
            "quarter": 1,
            "eps": 2.11,
            "eps_growth_year": 142.53,
            "eps_4q": 8.63,
            "eps_4q_growth_year": 16.6,
            "roe": 2.48,
            "roe_4q": 9.820000000000002,
            "gross_profit": 766069,
            "gross_margin": 35.61,
            "gross_margin_4q_avg": 32.4,
            "net_income": 195580,
            "net_income_4q": null,
            "revenue": 2151574,
            "revenue_4q": null,
            "common_shares": 934779,
            "book_valuer_per_share": 82.75,
            "book_valuer_per_share_4q_avg": 82.34,
            "equity": 7812200,
            "current_ratio": 312.02,
            "debt_ratio": 21.94,
            "inventory_turnover_ratio": 0.88,
            "account_receivable_turnover_ratio": 0.61,
            "reinvestment_rate": 11.27,
            "research_to_sale_ratio": 8.06,
            "price_fair": 309.05,
            "eps_avg_yearly": 8.83,
            "eps_latest_yearly": 8.44,
            "eps_growth_yearly": 128.67
        },
        "20172": {
            "year_quarter": 20172,
            "year": 2017,
            "quarter": 2,
            "eps": 2.32,
            "eps_growth_year": 201.3,
            "eps_4q": 10.17,
            "eps_4q_growth_year": 38.74,
            "roe": 2.8,
            "roe_4q": 11.74,
            "gross_profit": 738117,
            "gross_margin": 30.23,
            "gross_margin_4q_avg": 32.83,
            "net_income": 218029,
            "net_income_4q": null,
            "revenue": 2441814,
            "revenue_4q": null,
            "common_shares": 934779,
            "book_valuer_per_share": 82.2,
            "book_valuer_per_share_4q_avg": 82.64,
            "equity": 7762422,
            "current_ratio": 264.59,
            "debt_ratio": 25.45,
            "inventory_turnover_ratio": 1.09,
            "account_receivable_turnover_ratio": 0.73,
            "reinvestment_rate": 17.5,
            "research_to_sale_ratio": 7.28,
            "price_fair": 317.36,
            "eps_avg_yearly": 9.07,
            "eps_latest_yearly": 9.28,
            "eps_growth_yearly": 138.86
        },
        "20173": {
            "year_quarter": 20173,
            "year": 2017,
            "quarter": 3,
            "eps": 3.8,
            "eps_growth_year": 65.22,
            "eps_4q": 11.67,
            "eps_4q_growth_year": 84.49,
            "roe": 4.55,
            "roe_4q": 13.57,
            "gross_profit": 955490,
            "gross_margin": 32.96,
            "gross_margin_4q_avg": 33.11,
            "net_income": 362868,
            "net_income_4q": null,
            "revenue": 2899337,
            "revenue_4q": null,
            "common_shares": 934779,
            "book_valuer_per_share": 86.72,
            "book_valuer_per_share_4q_avg": 84.04,
            "equity": 8192688,
            "current_ratio": 242.21,
            "debt_ratio": 27.91,
            "inventory_turnover_ratio": 1.19,
            "account_receivable_turnover_ratio": 0.78,
            "reinvestment_rate": 24.9,
            "research_to_sale_ratio": 6.67,
            "price_fair": 342.13,
            "eps_avg_yearly": 9.78,
            "eps_latest_yearly": 15.2,
            "eps_growth_yearly": 162.11
        },
        "20174": {
            "year_quarter": 20174,
            "year": 2017,
            "quarter": 4,
            "eps": 2,
            "eps_growth_year": -41.74,
            "eps_4q": 10.23,
            "eps_4q_growth_year": 38.53,
            "roe": 2.48,
            "roe_4q": 12.309999999999999,
            "gross_profit": 930839,
            "gross_margin": 31.13,
            "gross_margin_4q_avg": 32.48,
            "net_income": 206255,
            "net_income_4q": null,
            "revenue": 2990038,
            "revenue_4q": null,
            "common_shares": 934779,
            "book_valuer_per_share": 88.64,
            "book_valuer_per_share_4q_avg": 85.08,
            "equity": 8431789,
            "current_ratio": 239.93,
            "debt_ratio": 28.26,
            "inventory_turnover_ratio": 1.17,
            "account_receivable_turnover_ratio": 0.72,
            "reinvestment_rate": 25.1,
            "research_to_sale_ratio": 7.32,
            "price_fair": 329.53,
            "eps_avg_yearly": 9.42,
            "eps_latest_yearly": 8,
            "eps_growth_yearly": 86.61
        },
        "20181": {
            "year_quarter": 20181,
            "year": 2018,
            "quarter": 1,
            "eps": 2.73,
            "eps_growth_year": 29.38,
            "eps_4q": 10.84,
            "eps_4q_growth_year": 25.69,
            "roe": 3.1,
            "roe_4q": 12.93,
            "gross_profit": 850156,
            "gross_margin": 31.01,
            "gross_margin_4q_avg": 31.33,
            "net_income": 267970,
            "net_income_4q": null,
            "revenue": 2741466,
            "revenue_4q": null,
            "common_shares": 934779,
            "book_valuer_per_share": 91.9,
            "book_valuer_per_share_4q_avg": 87.37,
            "equity": 8854442,
            "current_ratio": 260.88,
            "debt_ratio": 26.31,
            "inventory_turnover_ratio": 1,
            "account_receivable_turnover_ratio": 0.67,
            "reinvestment_rate": 28.17,
            "research_to_sale_ratio": 7.19,
            "price_fair": 326.38,
            "eps_avg_yearly": 9.33,
            "eps_latest_yearly": 10.92,
            "eps_growth_yearly": 98.28
        },
        "20182": {
            "year_quarter": 20182,
            "year": 2018,
            "quarter": 2,
            "eps": 4.03,
            "eps_growth_year": 73.71,
            "eps_4q": 12.56,
            "eps_4q_growth_year": 23.55,
            "roe": 4.54,
            "roe_4q": 14.670000000000002,
            "gross_profit": 1048421,
            "gross_margin": 32.21,
            "gross_margin_4q_avg": 31.83,
            "net_income": 400608,
            "net_income_4q": null,
            "revenue": 3254818,
            "revenue_4q": null,
            "common_shares": 934779,
            "book_valuer_per_share": 90.88,
            "book_valuer_per_share_4q_avg": 89.54,
            "equity": 8782882,
            "current_ratio": 229.29,
            "debt_ratio": 29.58,
            "inventory_turnover_ratio": 1.07,
            "account_receivable_turnover_ratio": 0.8,
            "reinvestment_rate": 33.66,
            "research_to_sale_ratio": 6.44,
            "price_fair": 344.75,
            "eps_avg_yearly": 9.85,
            "eps_latest_yearly": 16.12,
            "eps_growth_yearly": 119.57
        },
        "20183": {
            "year_quarter": 20183,
            "year": 2018,
            "quarter": 3,
            "eps": 5.28,
            "eps_growth_year": 38.95,
            "eps_4q": 14.04,
            "eps_4q_growth_year": 20.36,
            "roe": 5.82,
            "roe_4q": 15.94,
            "gross_profit": 1243421,
            "gross_margin": 33.55,
            "gross_margin_4q_avg": 31.98,
            "net_income": 521002,
            "net_income_4q": null,
            "revenue": 3706661,
            "revenue_4q": null,
            "common_shares": 934779,
            "book_valuer_per_share": 94.03,
            "book_valuer_per_share_4q_avg": 91.36,
            "equity": 9107389,
            "current_ratio": 221.68,
            "debt_ratio": 31.81,
            "inventory_turnover_ratio": 1.1,
            "account_receivable_turnover_ratio": 0.8,
            "reinvestment_rate": 29.62,
            "research_to_sale_ratio": 6.85,
            "price_fair": 362.25,
            "eps_avg_yearly": 10.35,
            "eps_latest_yearly": 21.12,
            "eps_growth_yearly": 109.83
        },
        "20184": {
            "year_quarter": 20184,
            "year": 2018,
            "quarter": 4,
            "eps": 4.56,
            "eps_growth_year": 127.37,
            "eps_4q": 15.17,
            "eps_4q_growth_year": 48.28,
            "roe": 5.47,
            "roe_4q": 18.93,
            "gross_profit": 1206871,
            "gross_margin": 33.44,
            "gross_margin_4q_avg": 32.55,
            "net_income": 518719,
            "net_income_4q": null,
            "revenue": 3608573,
            "revenue_4q": null,
            "common_shares": 934779,
            "book_valuer_per_share": 100.73,
            "book_valuer_per_share_4q_avg": 94.39,
            "equity": 9871482,
            "current_ratio": 246.8,
            "debt_ratio": 28.42,
            "inventory_turnover_ratio": 1.05,
            "account_receivable_turnover_ratio": 0.7,
            "reinvestment_rate": 25.2,
            "research_to_sale_ratio": 6.75,
            "price_fair": 373.89,
            "eps_avg_yearly": 10.68,
            "eps_latest_yearly": 18.24,
            "eps_growth_yearly": 106.81
        },
        "20191": {
            "year_quarter": 20191,
            "year": 2019,
            "quarter": 1,
            "eps": 3.1,
            "eps_growth_year": 13.55,
            "eps_4q": 16.15,
            "eps_4q_growth_year": 48.93,
            "roe": 3.09,
            "roe_4q": 18.919999999999998,
            "gross_profit": 1013510,
            "gross_margin": 31.16,
            "gross_margin_4q_avg": 32.59,
            "net_income": 331732,
            "net_income_4q": null,
            "revenue": 3252879,
            "revenue_4q": null,
            "common_shares": 1034779,
            "book_valuer_per_share": 108.63,
            "book_valuer_per_share_4q_avg": 98.57,
            "equity": 11623464,
            "current_ratio": 321.5,
            "debt_ratio": 22.1,
            "inventory_turnover_ratio": 1.05,
            "account_receivable_turnover_ratio": 0.64,
            "reinvestment_rate": 28.09,
            "research_to_sale_ratio": 7.16,
            "price_fair": 383.6,
            "eps_avg_yearly": 10.96,
            "eps_latest_yearly": 12.4,
            "eps_growth_yearly": 108.4
        },
        "20192": {
            "year_quarter": 20192,
            "year": 2019,
            "quarter": 2,
            "eps": 4.02,
            "eps_growth_year": -0.25,
            "eps_4q": 16.53,
            "eps_4q_growth_year": 31.59,
            "roe": 3.77,
            "roe_4q": 18.15,
            "gross_profit": 1182278,
            "gross_margin": 32.76,
            "gross_margin_4q_avg": 32.73,
            "net_income": 428361,
            "net_income_4q": null,
            "revenue": 3608936,
            "revenue_4q": null,
            "common_shares": 1034779,
            "book_valuer_per_share": 103.29,
            "book_valuer_per_share_4q_avg": 101.67,
            "equity": 11071826,
            "current_ratio": 248.1,
            "debt_ratio": 28.34,
            "inventory_turnover_ratio": 1.21,
            "account_receivable_turnover_ratio": 0.73,
            "reinvestment_rate": 24.07,
            "research_to_sale_ratio": 7.38,
            "price_fair": 411.34,
            "eps_avg_yearly": 11.75,
            "eps_latest_yearly": 16.08,
            "eps_growth_yearly": 130.14
        },
        "20193": {
            "year_quarter": 20193,
            "year": 2019,
            "quarter": 3,
            "eps": 7.15,
            "eps_growth_year": 35.42,
            "eps_4q": 18.91,
            "eps_4q_growth_year": 34.64,
            "roe": 6.72,
            "roe_4q": 19.05,
            "gross_profit": 1630443,
            "gross_margin": 39.24,
            "gross_margin_4q_avg": 34.15,
            "net_income": 762583,
            "net_income_4q": null,
            "revenue": 4155443,
            "revenue_4q": null,
            "common_shares": 1034779,
            "book_valuer_per_share": 108.37,
            "book_valuer_per_share_4q_avg": 105.26,
            "equity": 11618138,
            "current_ratio": 274.23,
            "debt_ratio": 25.88,
            "inventory_turnover_ratio": 1.26,
            "account_receivable_turnover_ratio": 0.74,
            "reinvestment_rate": 24,
            "research_to_sale_ratio": 6.97,
            "price_fair": 445.03,
            "eps_avg_yearly": 12.72,
            "eps_latest_yearly": 28.6,
            "eps_growth_yearly": 77.55
        },
        "20194": {
            "year_quarter": 20194,
            "year": 2019,
            "quarter": 4,
            "eps": 5.83,
            "eps_growth_year": 27.85,
            "eps_4q": 20.06,
            "eps_4q_growth_year": 32.26,
            "roe": 5.15,
            "roe_4q": 18.73,
            "gross_profit": 1641679,
            "gross_margin": 40.32,
            "gross_margin_4q_avg": 35.87,
            "net_income": 621792,
            "net_income_4q": null,
            "revenue": 4071614,
            "revenue_4q": null,
            "common_shares": 1034779,
            "book_valuer_per_share": 114.18,
            "book_valuer_per_share_4q_avg": 108.62,
            "equity": 12545225,
            "current_ratio": 314,
            "debt_ratio": 22.94,
            "inventory_turnover_ratio": 1.22,
            "account_receivable_turnover_ratio": 0.68,
            "reinvestment_rate": 23.74,
            "research_to_sale_ratio": 7.74,
            "price_fair": 475.21,
            "eps_avg_yearly": 13.58,
            "eps_latest_yearly": 23.32,
            "eps_growth_yearly": 79.9
        },
        "20201": {
            "year_quarter": 20201,
            "year": 2020,
            "quarter": 1,
            "eps": 3.99,
            "eps_growth_year": 28.71,
            "eps_4q": 20.99,
            "eps_4q_growth_year": 29.94,
            "roe": 3.39,
            "roe_4q": 19.03,
            "gross_profit": 1122438,
            "gross_margin": 35.78,
            "gross_margin_4q_avg": 37.03,
            "net_income": 432124,
            "net_income_4q": null,
            "revenue": 3136840,
            "revenue_4q": null,
            "common_shares": 1034779,
            "book_valuer_per_share": 117.79,
            "book_valuer_per_share_4q_avg": 110.91,
            "equity": 12954843,
            "current_ratio": 348.92,
            "debt_ratio": 20.84,
            "inventory_turnover_ratio": 1.03,
            "account_receivable_turnover_ratio": 0.55,
            "reinvestment_rate": 20.46,
            "research_to_sale_ratio": 9.24,
            "price_fair": 502.51,
            "eps_avg_yearly": 14.36,
            "eps_latest_yearly": 15.96,
            "eps_growth_yearly": 87.87
        },
        "20202": {
            "year_quarter": 20202,
            "year": 2020,
            "quarter": 2,
            "eps": 8.69,
            "eps_growth_year": 116.17,
            "eps_4q": 25.66,
            "eps_4q_growth_year": 55.23,
            "roe": 7.4,
            "roe_4q": 22.66,
            "gross_profit": 2028315,
            "gross_margin": 42.83,
            "gross_margin_4q_avg": 39.54,
            "net_income": 947768,
            "net_income_4q": null,
            "revenue": 4735231,
            "revenue_4q": null,
            "common_shares": 1034779,
            "book_valuer_per_share": 114.46,
            "book_valuer_per_share_4q_avg": 113.7,
            "equity": 12669872,
            "current_ratio": 239.85,
            "debt_ratio": 31.42,
            "inventory_turnover_ratio": 1.29,
            "account_receivable_turnover_ratio": 0.81,
            "reinvestment_rate": 23.52,
            "research_to_sale_ratio": 7.74,
            "price_fair": 571.81,
            "eps_avg_yearly": 16.34,
            "eps_latest_yearly": 34.76,
            "eps_growth_yearly": 120.19
        },
        "20203": {
            "year_quarter": 20203,
            "year": 2020,
            "quarter": 3,
            "eps": 7.46,
            "eps_growth_year": 4.34,
            "eps_4q": 25.97,
            "eps_4q_growth_year": 37.34,
            "roe": 5.88,
            "roe_4q": 21.82,
            "gross_profit": 1852083,
            "gross_margin": 40.01,
            "gross_margin_4q_avg": 39.74,
            "net_income": 773306,
            "net_income_4q": null,
            "revenue": 4629484,
            "revenue_4q": null,
            "common_shares": 1034779,
            "book_valuer_per_share": 123.05,
            "book_valuer_per_share_4q_avg": 117.37,
            "equity": 13633876,
            "current_ratio": 254.97,
            "debt_ratio": 29.09,
            "inventory_turnover_ratio": 1.18,
            "account_receivable_turnover_ratio": 0.71,
            "reinvestment_rate": 24.97,
            "research_to_sale_ratio": 8.1,
            "price_fair": 616.96,
            "eps_avg_yearly": 17.63,
            "eps_latest_yearly": 29.84,
            "eps_growth_yearly": 66.98
        },
        "20204": {
            "year_quarter": 20204,
            "year": 2020,
            "quarter": 4,
            "eps": 6.27,
            "eps_growth_year": 7.54,
            "eps_4q": 26.41,
            "eps_4q_growth_year": 31.61,
            "roe": 4.85,
            "roe_4q": 21.520000000000003,
            "gross_profit": 1927359,
            "gross_margin": 40.24,
            "gross_margin_4q_avg": 39.72,
            "net_income": 682391,
            "net_income_4q": null,
            "revenue": 4789777,
            "revenue_4q": null,
            "common_shares": 1034779,
            "book_valuer_per_share": 130.45,
            "book_valuer_per_share_4q_avg": 121.44,
            "equity": 14479559,
            "current_ratio": 284.98,
            "debt_ratio": 24.91,
            "inventory_turnover_ratio": 1.14,
            "account_receivable_turnover_ratio": 0.71,
            "reinvestment_rate": 26.34,
            "research_to_sale_ratio": 8.94,
            "price_fair": 641.73,
            "eps_avg_yearly": 18.34,
            "eps_latest_yearly": 25.08,
            "eps_growth_yearly": 50.6
        },
        "20211": {
            "year_quarter": 20211,
            "year": 2021,
            "quarter": 1,
            "eps": 8.06,
            "eps_growth_year": 102,
            "eps_4q": 30.47,
            "eps_4q_growth_year": 45.2,
            "roe": 5.6,
            "roe_4q": 23.729999999999997,
            "gross_profit": 1966043,
            "gross_margin": 41.45,
            "gross_margin_4q_avg": 41.13,
            "net_income": 834347,
            "net_income_4q": null,
            "revenue": 4743567,
            "revenue_4q": null,
            "common_shares": 1034779,
            "book_valuer_per_share": 138.14,
            "book_valuer_per_share_4q_avg": 126.53,
            "equity": 15294083,
            "current_ratio": 261.45,
            "debt_ratio": 26.99,
            "inventory_turnover_ratio": 0.93,
            "account_receivable_turnover_ratio": 0.67,
            "reinvestment_rate": 32.89,
            "research_to_sale_ratio": 9.54,
            "price_fair": 693.79,
            "eps_avg_yearly": 19.82,
            "eps_latest_yearly": 32.24,
            "eps_growth_yearly": 67.4
        },
        "20212": {
            "year_quarter": 20212,
            "year": 2021,
            "quarter": 2,
            "eps": 6.85,
            "eps_growth_year": -21.17,
            "eps_4q": 28.63,
            "eps_4q_growth_year": 11.59,
            "roe": 4.74,
            "roe_4q": 21.07,
            "gross_profit": 1969479,
            "gross_margin": 40.53,
            "gross_margin_4q_avg": 40.56,
            "net_income": 706842,
            "net_income_4q": null,
            "revenue": 4859019,
            "revenue_4q": null,
            "common_shares": 1034779,
            "book_valuer_per_share": 130.66,
            "book_valuer_per_share_4q_avg": 130.58,
            "equity": 14556241,
            "current_ratio": 191.12,
            "debt_ratio": 36.03,
            "inventory_turnover_ratio": 0.77,
            "account_receivable_turnover_ratio": 0.69,
            "reinvestment_rate": 33.67,
            "research_to_sale_ratio": 10.35,
            "price_fair": 733.43,
            "eps_avg_yearly": 20.96,
            "eps_latest_yearly": 27.4,
            "eps_growth_yearly": 61.16
        },
        "20213": {
            "year_quarter": 20213,
            "year": 2021,
            "quarter": 3,
            "eps": 8.91,
            "eps_growth_year": 19.44,
            "eps_4q": 29.41,
            "eps_4q_growth_year": 13.26,
            "roe": 6.01,
            "roe_4q": 21.200000000000003,
            "gross_profit": 2187692,
            "gross_margin": 38.16,
            "gross_margin_4q_avg": 40.1,
            "net_income": 944089,
            "net_income_4q": null,
            "revenue": 5733436,
            "revenue_4q": null,
            "common_shares": 1059779,
            "book_valuer_per_share": 148.07,
            "book_valuer_per_share_4q_avg": 136.83,
            "equity": 16842885,
            "current_ratio": 249.92,
            "debt_ratio": 31.7,
            "inventory_turnover_ratio": 0.89,
            "account_receivable_turnover_ratio": 0.76,
            "reinvestment_rate": 36.09,
            "research_to_sale_ratio": 9.17,
            "price_fair": 778.14,
            "eps_avg_yearly": 22.23,
            "eps_latest_yearly": 35.64,
            "eps_growth_yearly": 52.73
        },
        "20214": {
            "year_quarter": 20214,
            "year": 2021,
            "quarter": 4,
            "eps": 9.46,
            "eps_growth_year": 50.99,
            "eps_4q": 32.73,
            "eps_4q_growth_year": 23.94,
            "roe": 5.92,
            "roe_4q": 22.270000000000003,
            "gross_profit": 2434092,
            "gross_margin": 40.19,
            "gross_margin_4q_avg": 40.08,
            "net_income": 1033753,
            "net_income_4q": null,
            "revenue": 6055895,
            "revenue_4q": null,
            "common_shares": 1059779,
            "book_valuer_per_share": 159.11,
            "book_valuer_per_share_4q_avg": 144,
            "equity": 18054704,
            "current_ratio": 242.14,
            "debt_ratio": 31.66,
            "inventory_turnover_ratio": 0.91,
            "account_receivable_turnover_ratio": 0.72,
            "reinvestment_rate": 40.55,
            "research_to_sale_ratio": 9.07,
            "price_fair": 843.41,
            "eps_avg_yearly": 24.1,
            "eps_latest_yearly": 37.84,
            "eps_growth_yearly": 66.12
        },
        "20221": {
            "year_quarter": 20221,
            "year": 2022,
            "quarter": 1,
            "eps": 13.03,
            "eps_growth_year": 61.66,
            "eps_4q": 37.88,
            "eps_4q_growth_year": 24.31,
            "roe": 7.46,
            "roe_4q": 24.130000000000003,
            "gross_profit": 2636501,
            "gross_margin": 42.9,
            "gross_margin_4q_avg": 40.45,
            "net_income": 1427734,
            "net_income_4q": null,
            "revenue": 6145730,
            "revenue_4q": null,
            "common_shares": 1060946,
            "book_valuer_per_share": 176.99,
            "book_valuer_per_share_4q_avg": 153.71,
            "equity": 20224379,
            "current_ratio": 261.15,
            "debt_ratio": 30.81,
            "inventory_turnover_ratio": 0.81,
            "account_receivable_turnover_ratio": 0.68,
            "reinvestment_rate": 42.97,
            "research_to_sale_ratio": 8.28,
            "price_fair": 933.54,
            "eps_avg_yearly": 26.67,
            "eps_latest_yearly": 52.12,
            "eps_growth_yearly": 66.43
        },
        "20222": {
            "year_quarter": 20222,
            "year": 2022,
            "quarter": 2,
            "eps": 14.21,
            "eps_growth_year": 107.45,
            "eps_4q": 45.29,
            "eps_4q_growth_year": 58.17,
            "roe": 7.42,
            "roe_4q": 26.809999999999995,
            "gross_profit": 2898364,
            "gross_margin": 43.57,
            "gross_margin_4q_avg": 41.21,
            "net_income": 1495697,
            "net_income_4q": null,
            "revenue": 6651612,
            "revenue_4q": null,
            "common_shares": 1061806,
            "book_valuer_per_share": 175.48,
            "book_valuer_per_share_4q_avg": 164.91,
            "equity": 20078382,
            "current_ratio": 233.72,
            "debt_ratio": 33.03,
            "inventory_turnover_ratio": 0.84,
            "account_receivable_turnover_ratio": 0.7,
            "reinvestment_rate": 42.34,
            "research_to_sale_ratio": 9.53,
            "price_fair": 1022.61,
            "eps_avg_yearly": 29.22,
            "eps_latest_yearly": 56.84,
            "eps_growth_yearly": 56.79
        },
        "20223": {
            "year_quarter": 20223,
            "year": 2022,
            "quarter": 3,
            "eps": 17.91,
            "eps_growth_year": 101.01,
            "eps_4q": 54.32,
            "eps_4q_growth_year": 84.71,
            "roe": 9.32,
            "roe_4q": 30.120000000000005,
            "gross_profit": 3016210,
            "gross_margin": 41.49,
            "gross_margin_4q_avg": 42.04,
            "net_income": 1993853,
            "net_income_4q": null,
            "revenue": 7269283,
            "revenue_4q": null,
            "common_shares": 1064871,
            "book_valuer_per_share": 198.08,
            "book_valuer_per_share_4q_avg": 177.42,
            "equity": 22728610,
            "current_ratio": 266.59,
            "debt_ratio": 28.58,
            "inventory_turnover_ratio": 1.07,
            "account_receivable_turnover_ratio": 0.71,
            "reinvestment_rate": 41.14,
            "research_to_sale_ratio": 8.1,
            "price_fair": 1133.13,
            "eps_avg_yearly": 32.38,
            "eps_latest_yearly": 71.64,
            "eps_growth_yearly": 55.54
        },
        "20224": {
            "year_quarter": 20224,
            "year": 2022,
            "quarter": 4,
            "eps": 13.47,
            "eps_growth_year": 42.35,
            "eps_4q": 58,
            "eps_4q_growth_year": 77.23,
            "roe": 6.3,
            "roe_4q": 30.5,
            "gross_profit": 3386605,
            "gross_margin": 48.16,
            "gross_margin_4q_avg": 44.03,
            "net_income": 1489128,
            "net_income_4q": null,
            "revenue": 7032509,
            "revenue_4q": null,
            "common_shares": 1068762,
            "book_valuer_per_share": 213.4,
            "book_valuer_per_share_4q_avg": 190.99,
            "equity": 24508613,
            "current_ratio": 272.8,
            "debt_ratio": 26.39,
            "inventory_turnover_ratio": 1.03,
            "account_receivable_turnover_ratio": 0.65,
            "reinvestment_rate": 37.99,
            "research_to_sale_ratio": 8.09,
            "price_fair": 1211.09,
            "eps_avg_yearly": 34.6,
            "eps_latest_yearly": 53.88,
            "eps_growth_yearly": 52.75
        },
        "20231": {
            "year_quarter": 20231,
            "year": 2023,
            "quarter": 1,
            "eps": 10.96,
            "eps_growth_year": -15.89,
            "eps_4q": 54.58,
            "eps_4q_growth_year": 44.09,
            "roe": 4.65,
            "roe_4q": 27.689999999999998,
            "gross_profit": 2603765,
            "gross_margin": 45.47,
            "gross_margin_4q_avg": 44.67,
            "net_income": 1221337,
            "net_income_4q": null,
            "revenue": 5726616,
            "revenue_4q": null,
            "common_shares": 1078298,
            "book_valuer_per_share": 236.77,
            "book_valuer_per_share_4q_avg": 205.93,
            "equity": 28015459,
            "current_ratio": 361.11,
            "debt_ratio": 23.91,
            "inventory_turnover_ratio": 0.95,
            "account_receivable_turnover_ratio": 0.57,
            "reinvestment_rate": 36.14,
            "research_to_sale_ratio": 8.75,
            "price_fair": 1279.86,
            "eps_avg_yearly": 36.57,
            "eps_latest_yearly": 43.84,
            "eps_growth_yearly": 56.1
        },
        "20232": {
            "year_quarter": 20232,
            "year": 2023,
            "quarter": 2,
            "eps": 11.56,
            "eps_growth_year": -18.65,
            "eps_4q": 52.34,
            "eps_4q_growth_year": 15.58,
            "roe": 4.85,
            "roe_4q": 25.12,
            "gross_profit": 2589265,
            "gross_margin": 45.25,
            "gross_margin_4q_avg": 45.09,
            "net_income": 1312667,
            "net_income_4q": null,
            "revenue": 5722130,
            "revenue_4q": null,
            "common_shares": 1113298,
            "book_valuer_per_share": 221.1,
            "book_valuer_per_share_4q_avg": 217.34,
            "equity": 26126812,
            "current_ratio": 304.99,
            "debt_ratio": 27.31,
            "inventory_turnover_ratio": 1.1,
            "account_receivable_turnover_ratio": 0.63,
            "reinvestment_rate": 33.31,
            "research_to_sale_ratio": 9.34,
            "price_fair": 1345.84,
            "eps_avg_yearly": 38.45,
            "eps_latest_yearly": 46.24,
            "eps_growth_yearly": 50.05
        },
        "20233": {
            "year_quarter": 20233,
            "year": 2023,
            "quarter": 3,
            "eps": 16.77,
            "eps_growth_year": -6.37,
            "eps_4q": 51.97,
            "eps_4q_growth_year": -4.32,
            "roe": 7.04,
            "roe_4q": 22.84,
            "gross_profit": 3072676,
            "gross_margin": 47.54,
            "gross_margin_4q_avg": 46.61,
            "net_income": 1925260,
            "net_income_4q": null,
            "revenue": 6463557,
            "revenue_4q": null,
            "common_shares": 1113298,
            "book_valuer_per_share": 242.22,
            "book_valuer_per_share_4q_avg": 228.37,
            "equity": 28555527,
            "current_ratio": 355.11,
            "debt_ratio": 24.13,
            "inventory_turnover_ratio": 1.28,
            "account_receivable_turnover_ratio": 0.69,
            "reinvestment_rate": 33.2,
            "research_to_sale_ratio": 8.34,
            "price_fair": 1430.01,
            "eps_avg_yearly": 40.86,
            "eps_latest_yearly": 67.08,
            "eps_growth_yearly": 41.85
        }
    },
    "months": {
        "2006-11": {
            "month": "2006-11",
            "price": "65.16",
            "revenue": 171818
        },
        "2006-12": {
            "month": "2006-12",
            "price": "69.97",
            "revenue": 99610
        },
        "2007-01": {
            "month": "2007-01",
            "price": "75.73",
            "revenue": 158490
        },
        "2007-02": {
            "month": "2007-02",
            "price": "72.68",
            "revenue": 124018
        },
        "2007-03": {
            "month": "2007-03",
            "price": "70.13",
            "revenue": 224213
        },
        "2007-04": {
            "month": "2007-04",
            "price": "68.43",
            "revenue": 227537
        },
        "2007-05": {
            "month": "2007-05",
            "price": "64.52",
            "revenue": 236631
        },
        "2007-06": {
            "month": "2007-06",
            "price": "62.37",
            "revenue": 219571
        },
        "2007-07": {
            "month": "2007-07",
            "price": "68.28",
            "revenue": 264380
        },
        "2007-08": {
            "month": "2007-08",
            "price": "70.77",
            "revenue": 293816
        },
        "2007-09": {
            "month": "2007-09",
            "price": "67.62",
            "revenue": 277701
        },
        "2007-10": {
            "month": "2007-10",
            "price": "64.68",
            "revenue": 232550
        },
        "2007-11": {
            "month": "2007-11",
            "price": "57.14",
            "revenue": 227990
        },
        "2007-12": {
            "month": "2007-12",
            "price": "40.70",
            "revenue": 238017
        },
        "2008-01": {
            "month": "2008-01",
            "price": "39.39",
            "revenue": 266961
        },
        "2008-02": {
            "month": "2008-02",
            "price": "39.68",
            "revenue": 203589
        },
        "2008-03": {
            "month": "2008-03",
            "price": "43.70",
            "revenue": 294278
        },
        "2008-04": {
            "month": "2008-04",
            "price": "43.98",
            "revenue": 295493
        },
        "2008-05": {
            "month": "2008-05",
            "price": "43.74",
            "revenue": 272493
        },
        "2008-06": {
            "month": "2008-06",
            "price": "41.14",
            "revenue": 268646
        },
        "2008-07": {
            "month": "2008-07",
            "price": "33.90",
            "revenue": 330017
        },
        "2008-08": {
            "month": "2008-08",
            "price": "32.51",
            "revenue": 325032
        },
        "2008-09": {
            "month": "2008-09",
            "price": "27.01",
            "revenue": 317843
        },
        "2008-10": {
            "month": "2008-10",
            "price": "21.28",
            "revenue": 261346
        },
        "2008-11": {
            "month": "2008-11",
            "price": "21.05",
            "revenue": 187931
        },
        "2008-12": {
            "month": "2008-12",
            "price": "19.69",
            "revenue": 183381
        },
        "2009-01": {
            "month": "2009-01",
            "price": "19.01",
            "revenue": 196991
        },
        "2009-02": {
            "month": "2009-02",
            "price": "19.41",
            "revenue": 255046
        },
        "2009-03": {
            "month": "2009-03",
            "price": "26.06",
            "revenue": 320844
        },
        "2009-04": {
            "month": "2009-04",
            "price": "29.36",
            "revenue": 338896
        },
        "2009-05": {
            "month": "2009-05",
            "price": "32.18",
            "revenue": 290545
        },
        "2009-06": {
            "month": "2009-06",
            "price": "30.07",
            "revenue": 311350
        },
        "2009-07": {
            "month": "2009-07",
            "price": "36.79",
            "revenue": 387592
        },
        "2009-08": {
            "month": "2009-08",
            "price": "60.78",
            "revenue": 418134
        },
        "2009-09": {
            "month": "2009-09",
            "price": "77.07",
            "revenue": 432306
        },
        "2009-10": {
            "month": "2009-10",
            "price": "79.33",
            "revenue": 353111
        },
        "2009-11": {
            "month": "2009-11",
            "price": "91.54",
            "revenue": 438913
        },
        "2009-12": {
            "month": "2009-12",
            "price": "144.65",
            "revenue": 536398
        },
        "2010-01": {
            "month": "2010-01",
            "price": "164.25",
            "revenue": 604483
        },
        "2010-02": {
            "month": "2010-02",
            "price": "146.21",
            "revenue": 480651
        },
        "2010-03": {
            "month": "2010-03",
            "price": "171.22",
            "revenue": 615192
        },
        "2010-04": {
            "month": "2010-04",
            "price": "191.76",
            "revenue": 617389
        },
        "2010-05": {
            "month": "2010-05",
            "price": "191.83",
            "revenue": 526556
        },
        "2010-06": {
            "month": "2010-06",
            "price": "176.95",
            "revenue": 574652
        },
        "2010-07": {
            "month": "2010-07",
            "price": "166.18",
            "revenue": 578229
        },
        "2010-08": {
            "month": "2010-08",
            "price": "176.11",
            "revenue": 594124
        },
        "2010-09": {
            "month": "2010-09",
            "price": "174.62",
            "revenue": 741365
        },
        "2010-10": {
            "month": "2010-10",
            "price": "165.31",
            "revenue": 556069
        },
        "2010-11": {
            "month": "2010-11",
            "price": "151.95",
            "revenue": 651641
        },
        "2010-12": {
            "month": "2010-12",
            "price": "170.52",
            "revenue": 682327
        },
        "2011-01": {
            "month": "2011-01",
            "price": "161.12",
            "revenue": 624760
        },
        "2011-02": {
            "month": "2011-02",
            "price": "145.86",
            "revenue": 457517
        },
        "2011-03": {
            "month": "2011-03",
            "price": "129.24",
            "revenue": 715195
        },
        "2011-04": {
            "month": "2011-04",
            "price": "126.05",
            "revenue": 685452
        },
        "2011-05": {
            "month": "2011-05",
            "price": "112.71",
            "revenue": 705672
        },
        "2011-06": {
            "month": "2011-06",
            "price": "115.71",
            "revenue": 652822
        },
        "2011-07": {
            "month": "2011-07",
            "price": "98.87",
            "revenue": 590147
        },
        "2011-08": {
            "month": "2011-08",
            "price": "71.70",
            "revenue": 694384
        },
        "2011-09": {
            "month": "2011-09",
            "price": "84.82",
            "revenue": 681341
        },
        "2011-10": {
            "month": "2011-10",
            "price": "85.48",
            "revenue": 573976
        },
        "2011-11": {
            "month": "2011-11",
            "price": "80.74",
            "revenue": 692684
        },
        "2011-12": {
            "month": "2011-12",
            "price": "71.54",
            "revenue": 630153
        },
        "2012-01": {
            "month": "2012-01",
            "price": "74.38",
            "revenue": 545468
        },
        "2012-02": {
            "month": "2012-02",
            "price": "86.58",
            "revenue": 594785
        },
        "2012-03": {
            "month": "2012-03",
            "price": "89.77",
            "revenue": 770480
        },
        "2012-04": {
            "month": "2012-04",
            "price": "77.62",
            "revenue": 739838
        },
        "2012-05": {
            "month": "2012-05",
            "price": "74.70",
            "revenue": 734043
        },
        "2012-06": {
            "month": "2012-06",
            "price": "71.00",
            "revenue": 682662
        },
        "2012-07": {
            "month": "2012-07",
            "price": "71.79",
            "revenue": 712617
        },
        "2012-08": {
            "month": "2012-08",
            "price": "76.62",
            "revenue": 762251
        },
        "2012-09": {
            "month": "2012-09",
            "price": "91.06",
            "revenue": 904327
        },
        "2012-10": {
            "month": "2012-10",
            "price": "88.17",
            "revenue": 631929
        },
        "2012-11": {
            "month": "2012-11",
            "price": "86.31",
            "revenue": 756104
        },
        "2012-12": {
            "month": "2012-12",
            "price": "87.36",
            "revenue": 732844
        },
        "2013-01": {
            "month": "2013-01",
            "price": "86.71",
            "revenue": 675671
        },
        "2013-02": {
            "month": "2013-02",
            "price": "87.44",
            "revenue": 435943
        },
        "2013-03": {
            "month": "2013-03",
            "price": "88.44",
            "revenue": 592371
        },
        "2013-04": {
            "month": "2013-04",
            "price": "83.27",
            "revenue": 627123
        },
        "2013-05": {
            "month": "2013-05",
            "price": "79.99",
            "revenue": 635800
        },
        "2013-06": {
            "month": "2013-06",
            "price": "75.19",
            "revenue": 610899
        },
        "2013-07": {
            "month": "2013-07",
            "price": "75.52",
            "revenue": 666103
        },
        "2013-08": {
            "month": "2013-08",
            "price": "71.95",
            "revenue": 681039
        },
        "2013-09": {
            "month": "2013-09",
            "price": "71.26",
            "revenue": 814921
        },
        "2013-10": {
            "month": "2013-10",
            "price": "71.07",
            "revenue": 666645
        },
        "2013-11": {
            "month": "2013-11",
            "price": "67.38",
            "revenue": 800607
        },
        "2013-12": {
            "month": "2013-12",
            "price": "65.44",
            "revenue": 837683
        },
        "2014-01": {
            "month": "2014-01",
            "price": "69.12",
            "revenue": 694797
        },
        "2014-02": {
            "month": "2014-02",
            "price": "69.71",
            "revenue": 563788
        },
        "2014-03": {
            "month": "2014-03",
            "price": "88.96",
            "revenue": 664966
        },
        "2014-04": {
            "month": "2014-04",
            "price": "99.13",
            "revenue": 812728
        },
        "2014-05": {
            "month": "2014-05",
            "price": "129.10",
            "revenue": 725404
        },
        "2014-06": {
            "month": "2014-06",
            "price": "132.60",
            "revenue": 581133
        },
        "2014-07": {
            "month": "2014-07",
            "price": "131.36",
            "revenue": 788518
        },
        "2014-08": {
            "month": "2014-08",
            "price": "120.62",
            "revenue": 686428
        },
        "2014-09": {
            "month": "2014-09",
            "price": "121.43",
            "revenue": 712701
        },
        "2014-10": {
            "month": "2014-10",
            "price": "125.45",
            "revenue": 620386
        },
        "2014-11": {
            "month": "2014-11",
            "price": "134.32",
            "revenue": 710158
        },
        "2014-12": {
            "month": "2014-12",
            "price": "158.42",
            "revenue": 735203
        },
        "2015-01": {
            "month": "2015-01",
            "price": "142.75",
            "revenue": 722094
        },
        "2015-02": {
            "month": "2015-02",
            "price": "141.62",
            "revenue": 535378
        },
        "2015-03": {
            "month": "2015-03",
            "price": "144.89",
            "revenue": 594558
        },
        "2015-04": {
            "month": "2015-04",
            "price": "129.65",
            "revenue": 620469
        },
        "2015-05": {
            "month": "2015-05",
            "price": "126.95",
            "revenue": 566488
        },
        "2015-06": {
            "month": "2015-06",
            "price": "110.80",
            "revenue": 644718
        },
        "2015-07": {
            "month": "2015-07",
            "price": "103.64",
            "revenue": 721936
        },
        "2015-08": {
            "month": "2015-08",
            "price": "90.10",
            "revenue": 776041
        },
        "2015-09": {
            "month": "2015-09",
            "price": "104.47",
            "revenue": 758749
        },
        "2015-10": {
            "month": "2015-10",
            "price": "106.00",
            "revenue": 695882
        },
        "2015-11": {
            "month": "2015-11",
            "price": "110.67",
            "revenue": 758659
        },
        "2015-12": {
            "month": "2015-12",
            "price": "121.13",
            "revenue": 813166
        },
        "2016-01": {
            "month": "2016-01",
            "price": "116.93",
            "revenue": 759704
        },
        "2016-02": {
            "month": "2016-02",
            "price": "119.46",
            "revenue": 440240
        },
        "2016-03": {
            "month": "2016-03",
            "price": "111.00",
            "revenue": 664656
        },
        "2016-04": {
            "month": "2016-04",
            "price": "99.77",
            "revenue": 654214
        },
        "2016-05": {
            "month": "2016-05",
            "price": "83.45",
            "revenue": 747130
        },
        "2016-06": {
            "month": "2016-06",
            "price": "90.90",
            "revenue": 706848
        },
        "2016-07": {
            "month": "2016-07",
            "price": "91.02",
            "revenue": 729277
        },
        "2016-08": {
            "month": "2016-08",
            "price": "81.52",
            "revenue": 855120
        },
        "2016-09": {
            "month": "2016-09",
            "price": "83.74",
            "revenue": 844173
        },
        "2016-10": {
            "month": "2016-10",
            "price": "80.72",
            "revenue": 730291
        },
        "2016-11": {
            "month": "2016-11",
            "price": "81.55",
            "revenue": 801277
        },
        "2016-12": {
            "month": "2016-12",
            "price": "93.13",
            "revenue": 895884
        },
        "2017-01": {
            "month": "2017-01",
            "price": "98.21",
            "revenue": 736336
        },
        "2017-02": {
            "month": "2017-02",
            "price": "104.19",
            "revenue": 571619
        },
        "2017-03": {
            "month": "2017-03",
            "price": "101.23",
            "revenue": 836065
        },
        "2017-04": {
            "month": "2017-04",
            "price": "101.56",
            "revenue": 800252
        },
        "2017-05": {
            "month": "2017-05",
            "price": "132.68",
            "revenue": 737572
        },
        "2017-06": {
            "month": "2017-06",
            "price": "132.93",
            "revenue": 911257
        },
        "2017-07": {
            "month": "2017-07",
            "price": "158.55",
            "revenue": 876169
        },
        "2017-08": {
            "month": "2017-08",
            "price": "182.83",
            "revenue": 1018639
        },
        "2017-09": {
            "month": "2017-09",
            "price": "193.14",
            "revenue": 1016056
        },
        "2017-10": {
            "month": "2017-10",
            "price": "187.66",
            "revenue": 862580
        },
        "2017-11": {
            "month": "2017-11",
            "price": "182.52",
            "revenue": 1063903
        },
        "2017-12": {
            "month": "2017-12",
            "price": "183.71",
            "revenue": 1052822
        },
        "2018-01": {
            "month": "2018-01",
            "price": "190.30",
            "revenue": 1083312
        },
        "2018-02": {
            "month": "2018-02",
            "price": "192.46",
            "revenue": 682161
        },
        "2018-03": {
            "month": "2018-03",
            "price": "202.43",
            "revenue": 974459
        },
        "2018-04": {
            "month": "2018-04",
            "price": "199.83",
            "revenue": 1000877
        },
        "2018-05": {
            "month": "2018-05",
            "price": "186.25",
            "revenue": 1096075
        },
        "2018-06": {
            "month": "2018-06",
            "price": "196.75",
            "revenue": 1155165
        },
        "2018-07": {
            "month": "2018-07",
            "price": "223.20",
            "revenue": 1176183
        },
        "2018-08": {
            "month": "2018-08",
            "price": "220.83",
            "revenue": 1319320
        },
        "2018-09": {
            "month": "2018-09",
            "price": "214.24",
            "revenue": 1199308
        },
        "2018-10": {
            "month": "2018-10",
            "price": "166.02",
            "revenue": 1094775
        },
        "2018-11": {
            "month": "2018-11",
            "price": "178.05",
            "revenue": 1313450
        },
        "2018-12": {
            "month": "2018-12",
            "price": "202.21",
            "revenue": 1203776
        },
        "2019-01": {
            "month": "2019-01",
            "price": "205.83",
            "revenue": 1421078
        },
        "2019-02": {
            "month": "2019-02",
            "price": "226.04",
            "revenue": 704481
        },
        "2019-03": {
            "month": "2019-03",
            "price": "236.92",
            "revenue": 1129435
        },
        "2019-04": {
            "month": "2019-04",
            "price": "234.35",
            "revenue": 1250343
        },
        "2019-05": {
            "month": "2019-05",
            "price": "217.09",
            "revenue": 1232056
        },
        "2019-06": {
            "month": "2019-06",
            "price": "212.34",
            "revenue": 1137485
        },
        "2019-07": {
            "month": "2019-07",
            "price": "226.57",
            "revenue": 1360976
        },
        "2019-08": {
            "month": "2019-08",
            "price": "242.69",
            "revenue": 1476222
        },
        "2019-09": {
            "month": "2019-09",
            "price": "259.29",
            "revenue": 1339169
        },
        "2019-10": {
            "month": "2019-10",
            "price": "280.90",
            "revenue": 1173693
        },
        "2019-11": {
            "month": "2019-11",
            "price": "291.74",
            "revenue": 1439025
        },
        "2019-12": {
            "month": "2019-12",
            "price": "314.25",
            "revenue": 1431399
        },
        "2020-01": {
            "month": "2020-01",
            "price": "326.63",
            "revenue": 1022419
        },
        "2020-02": {
            "month": "2020-02",
            "price": "315.47",
            "revenue": 782215
        },
        "2020-03": {
            "month": "2020-03",
            "price": "265.70",
            "revenue": 1334380
        },
        "2020-04": {
            "month": "2020-04",
            "price": "305.02",
            "revenue": 1716978
        },
        "2020-05": {
            "month": "2020-05",
            "price": "379.58",
            "revenue": 1520557
        },
        "2020-06": {
            "month": "2020-06",
            "price": "390.32",
            "revenue": 1491787
        },
        "2020-07": {
            "month": "2020-07",
            "price": "440.89",
            "revenue": 1325522
        },
        "2020-08": {
            "month": "2020-08",
            "price": "425.40",
            "revenue": 1605007
        },
        "2020-09": {
            "month": "2020-09",
            "price": "431.14",
            "revenue": 1656325
        },
        "2020-10": {
            "month": "2020-10",
            "price": "468.97",
            "revenue": 1389059
        },
        "2020-11": {
            "month": "2020-11",
            "price": "433.79",
            "revenue": 1644421
        },
        "2020-12": {
            "month": "2020-12",
            "price": "463.70",
            "revenue": 1791985
        },
        "2021-01": {
            "month": "2021-01",
            "price": "534.25",
            "revenue": 1764317
        },
        "2021-02": {
            "month": "2021-02",
            "price": "534.08",
            "revenue": 1281490
        },
        "2021-03": {
            "month": "2021-03",
            "price": "504.07",
            "revenue": 1683044
        },
        "2021-04": {
            "month": "2021-04",
            "price": "495.47",
            "revenue": 1752452
        },
        "2021-05": {
            "month": "2021-05",
            "price": "529.74",
            "revenue": 1499418
        },
        "2021-06": {
            "month": "2021-06",
            "price": "567.33",
            "revenue": 1608627
        },
        "2021-07": {
            "month": "2021-07",
            "price": "559.23",
            "revenue": 1751493
        },
        "2021-08": {
            "month": "2021-08",
            "price": "539.68",
            "revenue": 1934779
        },
        "2021-09": {
            "month": "2021-09",
            "price": "560.20",
            "revenue": 2070444
        },
        "2021-10": {
            "month": "2021-10",
            "price": "555.20",
            "revenue": 1732745
        },
        "2021-11": {
            "month": "2021-11",
            "price": "641.41",
            "revenue": 2053833
        },
        "2021-12": {
            "month": "2021-12",
            "price": "708.91",
            "revenue": 2251050
        },
        "2022-01": {
            "month": "2022-01",
            "price": "736.33",
            "revenue": 2353130
        },
        "2022-02": {
            "month": "2022-02",
            "price": "702.13",
            "revenue": 1386926
        },
        "2022-03": {
            "month": "2022-03",
            "price": "681.61",
            "revenue": 2404587
        },
        "2022-04": {
            "month": "2022-04",
            "price": "710.74",
            "revenue": 2170534
        },
        "2022-05": {
            "month": "2022-05",
            "price": "770.95",
            "revenue": 2266920
        },
        "2022-06": {
            "month": "2022-06",
            "price": "760.62",
            "revenue": 2222410
        },
        "2022-07": {
            "month": "2022-07",
            "price": "659.38",
            "revenue": 2236848
        },
        "2022-08": {
            "month": "2022-08",
            "price": "706.13",
            "revenue": 2372149
        },
        "2022-09": {
            "month": "2022-09",
            "price": "761.29",
            "revenue": 2663176
        },
        "2022-10": {
            "month": "2022-10",
            "price": "744.50",
            "revenue": 2379771
        },
        "2022-11": {
            "month": "2022-11",
            "price": "828.50",
            "revenue": 2414739
        },
        "2022-12": {
            "month": "2022-12",
            "price": "857.09",
            "revenue": 2247537
        },
        "2023-01": {
            "month": "2023-01",
            "price": "794.69",
            "revenue": 1634265
        },
        "2023-02": {
            "month": "2023-02",
            "price": "833.67",
            "revenue": 1841225
        },
        "2023-03": {
            "month": "2023-03",
            "price": "853.61",
            "revenue": 2258285
        },
        "2023-04": {
            "month": "2023-04",
            "price": "911.00",
            "revenue": 1885577
        },
        "2023-05": {
            "month": "2023-05",
            "price": "915.23",
            "revenue": 1884022
        },
        "2023-06": {
            "month": "2023-06",
            "price": "869.90",
            "revenue": 1955542
        },
        "2023-07": {
            "month": "2023-07",
            "price": "797.38",
            "revenue": 2057238
        },
        "2023-08": {
            "month": "2023-08",
            "price": "778.45",
            "revenue": 2206795
        },
        "2023-09": {
            "month": "2023-09",
            "price": "862.05",
            "revenue": 2209208
        },
        "2023-10": {
            "month": "2023-10",
            "price": "831.00",
            "revenue": 2037293
        },
        "2023-11": {
            "month": "2023-11",
            "price": "895.64",
            "revenue": 2329479
        },
        "2023-12": {
            "month": "2023-12",
            "price": "1000.62",
            "revenue": 2173162
        }
    }
}
