{
    "summary": {
        "stock_name": "晶彩科",
        "stock_id": "3535",
        "category": "光電",
        "main_business": "TFT-LCD檢測機台<br>設備零組件及電子配件<br>維修收入",
        "website_url": "http://www.favite.com",
        "ceo": "陳永華",
        "pe_ratio": -48,
        "report_year_from": 2006,
        "report_year_to": 2023,
        "age": 18,
        "eps_negative_percentage": 44,
        "eps_growth_avg": {
            "last_all": -38.51,
            "last_2y": 0,
            "last_4y": -15.65,
            "last_8y": -41.28,
            "last_12y": -49.67,
            "last_16y": -38.51,
            "last_20y": null,
            "at_2006_last_3y": null,
            "at_2007_last_3y": null,
            "at_2008_last_3y": null,
            "at_2009_last_3y": null,
            "at_2010_last_3y": -12.48,
            "at_2011_last_3y": -35.26,
            "at_2012_last_3y": -100,
            "at_2013_last_3y": -100,
            "at_2014_last_3y": -100,
            "at_2015_last_3y": null,
            "at_2016_last_3y": -85.07,
            "at_2017_last_3y": -92.54,
            "at_2018_last_3y": -92.54,
            "at_2019_last_3y": -49.23,
            "at_2020_last_3y": -54.21,
            "at_2021_last_3y": -31.31,
            "at_2022_last_3y": 12.46,
            "at_2023_last_3y": -33.33,
            "at_2024_last_3y": -33.33,
            "at_2006_last_all": null,
            "at_2007_last_all": null,
            "at_2008_last_all": 31.28,
            "at_2009_last_all": -12.48,
            "at_2010_last_all": -12.48,
            "at_2011_last_all": -34.36,
            "at_2012_last_all": -34.36,
            "at_2013_last_all": -34.36,
            "at_2014_last_all": -34.36,
            "at_2015_last_all": -34.36,
            "at_2016_last_all": -44.5,
            "at_2017_last_all": -53.75,
            "at_2018_last_all": -53.75,
            "at_2019_last_all": -40.73,
            "at_2020_last_all": -48.14,
            "at_2021_last_all": -48.14,
            "at_2022_last_all": -31.68,
            "at_2023_last_all": -38.51,
            "at_2024_last_all": -38.51
        },
        "latest_eps": -0.42,
        "latest_price": 20.2,
        "latest_roe": -2.85,
        "latest_gross_margin": 37.63,
        "latest_equity": 1102737,
        "latest_revenue": 35149,
        "latest_gross_profit": 13227,
        "latest_net_income": -49662,
        "latest_debt_ratio": 33.72,
        "latest_current_ratio": 371.8,
        "latest_account_receivable_turnover_ratio": 0.13,
        "latest_inventory_turnover_ratio": 0.13,
        "latest_reinvestment_rate": -6.93,
        "latest_research_to_sale_ratio": 117.18
    },
    "eps_dividends": {
        "2001": {
            "cash": 0,
            "stock": 0,
            "eps": 0
        },
        "2002": {
            "cash": 0,
            "stock": 0,
            "eps": 0
        },
        "2003": {
            "cash": 0,
            "stock": 0,
            "eps": 0
        },
        "2004": {
            "cash": 0,
            "stock": 0,
            "eps": 0
        },
        "2005": {
            "cash": 0,
            "stock": 0,
            "eps": 0
        },
        "2006": {
            "cash": 0,
            "stock": 0,
            "eps": 4.55
        },
        "2007": {
            "cash": 0.05,
            "stock": 0.9,
            "eps": 3.11
        },
        "2008": {
            "cash": 0.13,
            "stock": 2,
            "eps": 6.04
        },
        "2009": {
            "cash": 0.16,
            "stock": 3,
            "eps": -0.58
        },
        "2010": {
            "cash": 0,
            "stock": 0,
            "eps": 2.51
        },
        "2011": {
            "cash": 1.5,
            "stock": 0.1,
            "eps": -0.86
        },
        "2012": {
            "cash": 0,
            "stock": 0,
            "eps": -2.59
        },
        "2013": {
            "cash": 0,
            "stock": 0,
            "eps": -1.48
        },
        "2014": {
            "cash": 0,
            "stock": 0,
            "eps": -0.46
        },
        "2015": {
            "cash": 0,
            "stock": 0,
            "eps": 0.67
        },
        "2016": {
            "cash": 0,
            "stock": 0,
            "eps": 0.1
        },
        "2017": {
            "cash": 0,
            "stock": 0,
            "eps": -1.64
        },
        "2018": {
            "cash": 0,
            "stock": 0,
            "eps": 1.07
        },
        "2019": {
            "cash": 0,
            "stock": 0,
            "eps": 1.47
        },
        "2020": {
            "cash": 0.5,
            "stock": 0,
            "eps": -1.29
        },
        "2021": {
            "cash": 0,
            "stock": 0,
            "eps": 1.23
        },
        "2022": {
            "cash": 0.5,
            "stock": 0,
            "eps": 3.58
        },
        "2023": {
            "cash": 1,
            "stock": 0,
            "eps": -0.42
        }
    },
    "dividends": {
        "2007-04-20": {
            "cash": 0.05,
            "stock": 0.9
        },
        "2008-04-25": {
            "cash": 0.13,
            "stock": 2
        },
        "2009-03-27": {
            "cash": 0.16,
            "stock": 3
        },
        "2011-03-18": {
            "cash": 1.5,
            "stock": 0.1
        },
        "2020-09-21": {
            "cash": 0.5,
            "stock": 0
        },
        "2022-09-19": {
            "cash": 0.5,
            "stock": 0
        },
        "2023-08-18": {
            "cash": 1,
            "stock": 0
        }
    },
    "prices": {
        "200101": "無",
        "200102": "無",
        "200103": "無",
        "200104": "無",
        "200105": "無",
        "200106": "無",
        "200107": "無",
        "200108": "無",
        "200109": "無",
        "200110": "無",
        "200111": "無",
        "200112": "無",
        "200201": "無",
        "200202": "無",
        "200203": "無",
        "200204": "無",
        "200205": "無",
        "200206": "無",
        "200207": "無",
        "200208": "無",
        "200209": "無",
        "200210": "無",
        "200211": "無",
        "200212": "無",
        "200301": "無",
        "200302": "無",
        "200303": "無",
        "200304": "無",
        "200305": "無",
        "200306": "無",
        "200307": "無",
        "200308": "無",
        "200309": "無",
        "200310": "無",
        "200311": "無",
        "200312": "無",
        "200401": "無",
        "200402": "無",
        "200403": "無",
        "200404": "無",
        "200405": "無",
        "200406": "無",
        "200407": "無",
        "200408": "無",
        "200409": "無",
        "200410": "無",
        "200411": "無",
        "200412": "無",
        "200501": "無",
        "200502": "無",
        "200503": "無",
        "200504": "無",
        "200505": "無",
        "200506": "無",
        "200507": "無",
        "200508": "無",
        "200509": "無",
        "200510": "無",
        "200511": "無",
        "200512": "無",
        "200601": "無",
        "200602": "無",
        "200603": "無",
        "200604": "無",
        "200605": "無",
        "200606": "無",
        "200607": "無",
        "200608": "無",
        "200609": "無",
        "200610": "無",
        "200611": "無",
        "200612": "50.43",
        "200701": "49.87",
        "200702": "45.37",
        "200703": "46.21",
        "200704": "49.31",
        "200705": "51.87",
        "200706": "59.00",
        "200707": "58.02",
        "200708": "56.71",
        "200709": "51.72",
        "200710": "47.40",
        "200711": "42.46",
        "200712": "33.54",
        "200801": "29.40",
        "200802": "32.05",
        "200803": "38.15",
        "200804": "45.84",
        "200805": "52.03",
        "200806": "45.12",
        "200807": "39.45",
        "200808": "36.15",
        "200809": "36.00",
        "200810": "29.52",
        "200811": "22.32",
        "200812": "18.98",
        "200901": "19.34",
        "200902": "20.58",
        "200903": "25.27",
        "200904": "26.62",
        "200905": "26.13",
        "200906": "25.65",
        "200907": "24.43",
        "200908": "19.77",
        "200909": "19.48",
        "200910": "22.00",
        "200911": "25.09",
        "200912": "27.01",
        "201001": "31.89",
        "201002": "34.12",
        "201003": "39.17",
        "201004": "41.54",
        "201005": "35.40",
        "201006": "34.48",
        "201007": "37.32",
        "201008": "38.02",
        "201009": "35.67",
        "201010": "34.92",
        "201011": "35.48",
        "201012": "37.40",
        "201101": "35.35",
        "201102": "30.74",
        "201103": "29.45",
        "201104": "30.48",
        "201105": "31.43",
        "201106": "29.08",
        "201107": "25.72",
        "201108": "17.49",
        "201109": "14.12",
        "201110": "14.03",
        "201111": "13.13",
        "201112": "10.00",
        "201201": "9.89",
        "201202": "15.88",
        "201203": "16.18",
        "201204": "13.11",
        "201205": "11.25",
        "201206": "11.20",
        "201207": "10.70",
        "201208": "10.60",
        "201209": "12.36",
        "201210": "10.96",
        "201211": "9.30",
        "201212": "10.78",
        "201301": "11.13",
        "201302": "10.82",
        "201303": "10.58",
        "201304": "10.14",
        "201305": "11.16",
        "201306": "10.79",
        "201307": "10.43",
        "201308": "9.65",
        "201309": "9.75",
        "201310": "9.73",
        "201311": "9.05",
        "201312": "10.81",
        "201401": "13.86",
        "201402": "15.79",
        "201403": "15.51",
        "201404": "14.88",
        "201405": "13.10",
        "201406": "14.75",
        "201407": "15.48",
        "201408": "15.37",
        "201409": "15.65",
        "201410": "13.71",
        "201411": "13.15",
        "201412": "13.86",
        "201501": "15.23",
        "201502": "14.58",
        "201503": "14.28",
        "201504": "13.96",
        "201505": "12.76",
        "201506": "9.89",
        "201507": "8.90",
        "201508": "7.07",
        "201509": "8.53",
        "201510": "9.67",
        "201511": "9.64",
        "201512": "9.04",
        "201601": "8.12",
        "201602": "9.18",
        "201603": "11.38",
        "201604": "13.81",
        "201605": "13.57",
        "201606": "14.19",
        "201607": "17.24",
        "201608": "17.56",
        "201609": "15.58",
        "201610": "14.08",
        "201611": "14.31",
        "201612": "16.87",
        "201701": "17.31",
        "201702": "17.31",
        "201703": "17.82",
        "201704": "14.64",
        "201705": "13.26",
        "201706": "13.32",
        "201707": "13.48",
        "201708": "12.59",
        "201709": "12.13",
        "201710": "12.11",
        "201711": "12.19",
        "201712": "11.72",
        "201801": "12.18",
        "201802": "11.97",
        "201803": "14.44",
        "201804": "13.26",
        "201805": "12.96",
        "201806": "14.70",
        "201807": "15.84",
        "201808": "14.87",
        "201809": "13.36",
        "201810": "12.64",
        "201811": "13.49",
        "201812": "17.40",
        "201901": "16.10",
        "201902": "17.10",
        "201903": "25.54",
        "201904": "34.70",
        "201905": "33.11",
        "201906": "30.03",
        "201907": "27.26",
        "201908": "27.09",
        "201909": "25.43",
        "201910": "23.89",
        "201911": "21.96",
        "201912": "22.56",
        "202001": "21.71",
        "202002": "18.67",
        "202003": "13.66",
        "202004": "14.41",
        "202005": "15.81",
        "202006": "16.02",
        "202007": "19.73",
        "202008": "18.90",
        "202009": "18.49",
        "202010": "18.21",
        "202011": "18.88",
        "202012": "20.71",
        "202101": "18.47",
        "202102": "18.54",
        "202103": "19.39",
        "202104": "19.76",
        "202105": "16.90",
        "202106": "16.52",
        "202107": "17.15",
        "202108": "16.33",
        "202109": "16.19",
        "202110": "16.56",
        "202111": "17.98",
        "202112": "18.28",
        "202201": "18.19",
        "202202": "20.52",
        "202203": "21.13",
        "202204": "21.27",
        "202205": "26.51",
        "202206": "28.27",
        "202207": "26.69",
        "202208": "26.12",
        "202209": "25.60",
        "202210": "25.70",
        "202211": "25.97",
        "202212": "23.33",
        "202301": "22.15",
        "202302": "22.86",
        "202303": "22.73",
        "202304": "21.87",
        "202305": "20.09",
        "202306": "20.34",
        "202307": "19.85",
        "202308": "18.37",
        "202309": "18.76",
        "202310": "18.32",
        "202311": "19.11",
        "202312": "18.83",
        "202401": "19.63",
        "202402": "24.62",
        "202403": "21.02",
        "202404": "無"
    },
    "quarters": {
        "20011": {
            "year_quarter": 20011,
            "year": 2001,
            "quarter": 1,
            "eps": null,
            "eps_growth_year": null,
            "eps_4q": null,
            "eps_4q_growth_year": null,
            "roe": null,
            "roe_4q": 0,
            "gross_profit": null,
            "gross_margin": null,
            "gross_margin_4q_avg": 0,
            "net_income": null,
            "net_income_4q": null,
            "revenue": null,
            "revenue_4q": null,
            "common_shares": null,
            "book_valuer_per_share": null,
            "book_valuer_per_share_4q_avg": 0,
            "equity": null,
            "current_ratio": null,
            "debt_ratio": null,
            "inventory_turnover_ratio": null,
            "account_receivable_turnover_ratio": null,
            "reinvestment_rate": null,
            "research_to_sale_ratio": null,
            "price_fair": 0,
            "eps_avg_yearly": 0,
            "eps_latest_yearly": 0,
            "eps_growth_yearly": 0
        },
        "20012": {
            "year_quarter": 20012,
            "year": 2001,
            "quarter": 2,
            "eps": null,
            "eps_growth_year": null,
            "eps_4q": null,
            "eps_4q_growth_year": null,
            "roe": null,
            "roe_4q": 0,
            "gross_profit": null,
            "gross_margin": null,
            "gross_margin_4q_avg": 0,
            "net_income": null,
            "net_income_4q": null,
            "revenue": null,
            "revenue_4q": null,
            "common_shares": null,
            "book_valuer_per_share": null,
            "book_valuer_per_share_4q_avg": 0,
            "equity": null,
            "current_ratio": null,
            "debt_ratio": null,
            "inventory_turnover_ratio": null,
            "account_receivable_turnover_ratio": null,
            "reinvestment_rate": null,
            "research_to_sale_ratio": null,
            "price_fair": 0,
            "eps_avg_yearly": 0,
            "eps_latest_yearly": 0,
            "eps_growth_yearly": 0
        },
        "20013": {
            "year_quarter": 20013,
            "year": 2001,
            "quarter": 3,
            "eps": null,
            "eps_growth_year": null,
            "eps_4q": null,
            "eps_4q_growth_year": null,
            "roe": null,
            "roe_4q": 0,
            "gross_profit": null,
            "gross_margin": null,
            "gross_margin_4q_avg": 0,
            "net_income": null,
            "net_income_4q": null,
            "revenue": null,
            "revenue_4q": null,
            "common_shares": null,
            "book_valuer_per_share": null,
            "book_valuer_per_share_4q_avg": 0,
            "equity": null,
            "current_ratio": null,
            "debt_ratio": null,
            "inventory_turnover_ratio": null,
            "account_receivable_turnover_ratio": null,
            "reinvestment_rate": null,
            "research_to_sale_ratio": null,
            "price_fair": 0,
            "eps_avg_yearly": 0,
            "eps_latest_yearly": 0,
            "eps_growth_yearly": 0
        },
        "20014": {
            "year_quarter": 20014,
            "year": 2001,
            "quarter": 4,
            "eps": null,
            "eps_growth_year": null,
            "eps_4q": null,
            "eps_4q_growth_year": null,
            "roe": null,
            "roe_4q": 0,
            "gross_profit": null,
            "gross_margin": null,
            "gross_margin_4q_avg": 0,
            "net_income": null,
            "net_income_4q": null,
            "revenue": null,
            "revenue_4q": null,
            "common_shares": 50000,
            "book_valuer_per_share": 7.1,
            "book_valuer_per_share_4q_avg": 1.78,
            "equity": 35479,
            "current_ratio": 342.59,
            "debt_ratio": 19.89,
            "inventory_turnover_ratio": null,
            "account_receivable_turnover_ratio": null,
            "reinvestment_rate": null,
            "research_to_sale_ratio": null,
            "price_fair": 0,
            "eps_avg_yearly": 0,
            "eps_latest_yearly": 0,
            "eps_growth_yearly": 0
        },
        "20021": {
            "year_quarter": 20021,
            "year": 2002,
            "quarter": 1,
            "eps": null,
            "eps_growth_year": null,
            "eps_4q": null,
            "eps_4q_growth_year": null,
            "roe": null,
            "roe_4q": 0,
            "gross_profit": null,
            "gross_margin": null,
            "gross_margin_4q_avg": 0,
            "net_income": null,
            "net_income_4q": null,
            "revenue": null,
            "revenue_4q": null,
            "common_shares": null,
            "book_valuer_per_share": null,
            "book_valuer_per_share_4q_avg": 1.78,
            "equity": null,
            "current_ratio": null,
            "debt_ratio": null,
            "inventory_turnover_ratio": null,
            "account_receivable_turnover_ratio": null,
            "reinvestment_rate": null,
            "research_to_sale_ratio": null,
            "price_fair": 0,
            "eps_avg_yearly": 0,
            "eps_latest_yearly": 0,
            "eps_growth_yearly": 0
        },
        "20022": {
            "year_quarter": 20022,
            "year": 2002,
            "quarter": 2,
            "eps": null,
            "eps_growth_year": null,
            "eps_4q": null,
            "eps_4q_growth_year": null,
            "roe": null,
            "roe_4q": 0,
            "gross_profit": null,
            "gross_margin": null,
            "gross_margin_4q_avg": 0,
            "net_income": null,
            "net_income_4q": null,
            "revenue": null,
            "revenue_4q": null,
            "common_shares": null,
            "book_valuer_per_share": null,
            "book_valuer_per_share_4q_avg": 1.78,
            "equity": null,
            "current_ratio": null,
            "debt_ratio": null,
            "inventory_turnover_ratio": null,
            "account_receivable_turnover_ratio": null,
            "reinvestment_rate": null,
            "research_to_sale_ratio": null,
            "price_fair": 0,
            "eps_avg_yearly": 0,
            "eps_latest_yearly": 0,
            "eps_growth_yearly": 0
        },
        "20023": {
            "year_quarter": 20023,
            "year": 2002,
            "quarter": 3,
            "eps": null,
            "eps_growth_year": null,
            "eps_4q": null,
            "eps_4q_growth_year": null,
            "roe": null,
            "roe_4q": 0,
            "gross_profit": null,
            "gross_margin": null,
            "gross_margin_4q_avg": 0,
            "net_income": null,
            "net_income_4q": null,
            "revenue": null,
            "revenue_4q": null,
            "common_shares": null,
            "book_valuer_per_share": null,
            "book_valuer_per_share_4q_avg": 1.78,
            "equity": null,
            "current_ratio": null,
            "debt_ratio": null,
            "inventory_turnover_ratio": null,
            "account_receivable_turnover_ratio": null,
            "reinvestment_rate": null,
            "research_to_sale_ratio": null,
            "price_fair": 0,
            "eps_avg_yearly": 0,
            "eps_latest_yearly": 0,
            "eps_growth_yearly": 0
        },
        "20024": {
            "year_quarter": 20024,
            "year": 2002,
            "quarter": 4,
            "eps": null,
            "eps_growth_year": null,
            "eps_4q": null,
            "eps_4q_growth_year": null,
            "roe": null,
            "roe_4q": 0,
            "gross_profit": null,
            "gross_margin": null,
            "gross_margin_4q_avg": 0,
            "net_income": null,
            "net_income_4q": null,
            "revenue": null,
            "revenue_4q": null,
            "common_shares": 100000,
            "book_valuer_per_share": 8.43,
            "book_valuer_per_share_4q_avg": 2.11,
            "equity": 84320,
            "current_ratio": 1002.47,
            "debt_ratio": 7.22,
            "inventory_turnover_ratio": null,
            "account_receivable_turnover_ratio": null,
            "reinvestment_rate": null,
            "research_to_sale_ratio": null,
            "price_fair": 0,
            "eps_avg_yearly": 0,
            "eps_latest_yearly": 0,
            "eps_growth_yearly": 0
        },
        "20031": {
            "year_quarter": 20031,
            "year": 2003,
            "quarter": 1,
            "eps": null,
            "eps_growth_year": null,
            "eps_4q": null,
            "eps_4q_growth_year": null,
            "roe": null,
            "roe_4q": 0,
            "gross_profit": null,
            "gross_margin": null,
            "gross_margin_4q_avg": 0,
            "net_income": null,
            "net_income_4q": null,
            "revenue": null,
            "revenue_4q": null,
            "common_shares": null,
            "book_valuer_per_share": null,
            "book_valuer_per_share_4q_avg": 2.11,
            "equity": null,
            "current_ratio": null,
            "debt_ratio": null,
            "inventory_turnover_ratio": null,
            "account_receivable_turnover_ratio": null,
            "reinvestment_rate": null,
            "research_to_sale_ratio": null,
            "price_fair": 0,
            "eps_avg_yearly": 0,
            "eps_latest_yearly": 0,
            "eps_growth_yearly": 0
        },
        "20032": {
            "year_quarter": 20032,
            "year": 2003,
            "quarter": 2,
            "eps": null,
            "eps_growth_year": null,
            "eps_4q": null,
            "eps_4q_growth_year": null,
            "roe": null,
            "roe_4q": 0,
            "gross_profit": null,
            "gross_margin": null,
            "gross_margin_4q_avg": 0,
            "net_income": null,
            "net_income_4q": null,
            "revenue": null,
            "revenue_4q": null,
            "common_shares": null,
            "book_valuer_per_share": null,
            "book_valuer_per_share_4q_avg": 2.11,
            "equity": null,
            "current_ratio": null,
            "debt_ratio": null,
            "inventory_turnover_ratio": null,
            "account_receivable_turnover_ratio": null,
            "reinvestment_rate": null,
            "research_to_sale_ratio": null,
            "price_fair": 0,
            "eps_avg_yearly": 0,
            "eps_latest_yearly": 0,
            "eps_growth_yearly": 0
        },
        "20033": {
            "year_quarter": 20033,
            "year": 2003,
            "quarter": 3,
            "eps": null,
            "eps_growth_year": null,
            "eps_4q": null,
            "eps_4q_growth_year": null,
            "roe": null,
            "roe_4q": 0,
            "gross_profit": null,
            "gross_margin": null,
            "gross_margin_4q_avg": 0,
            "net_income": null,
            "net_income_4q": null,
            "revenue": null,
            "revenue_4q": null,
            "common_shares": null,
            "book_valuer_per_share": null,
            "book_valuer_per_share_4q_avg": 2.11,
            "equity": null,
            "current_ratio": null,
            "debt_ratio": null,
            "inventory_turnover_ratio": null,
            "account_receivable_turnover_ratio": null,
            "reinvestment_rate": null,
            "research_to_sale_ratio": null,
            "price_fair": 0,
            "eps_avg_yearly": 0,
            "eps_latest_yearly": 0,
            "eps_growth_yearly": 0
        },
        "20034": {
            "year_quarter": 20034,
            "year": 2003,
            "quarter": 4,
            "eps": null,
            "eps_growth_year": null,
            "eps_4q": null,
            "eps_4q_growth_year": null,
            "roe": null,
            "roe_4q": 0,
            "gross_profit": null,
            "gross_margin": null,
            "gross_margin_4q_avg": 0,
            "net_income": null,
            "net_income_4q": null,
            "revenue": null,
            "revenue_4q": null,
            "common_shares": 100000,
            "book_valuer_per_share": 10.91,
            "book_valuer_per_share_4q_avg": 2.73,
            "equity": 109139,
            "current_ratio": 605.8,
            "debt_ratio": 9.81,
            "inventory_turnover_ratio": null,
            "account_receivable_turnover_ratio": null,
            "reinvestment_rate": null,
            "research_to_sale_ratio": null,
            "price_fair": 0,
            "eps_avg_yearly": 0,
            "eps_latest_yearly": 0,
            "eps_growth_yearly": 0
        },
        "20041": {
            "year_quarter": 20041,
            "year": 2004,
            "quarter": 1,
            "eps": null,
            "eps_growth_year": null,
            "eps_4q": null,
            "eps_4q_growth_year": null,
            "roe": null,
            "roe_4q": 0,
            "gross_profit": null,
            "gross_margin": null,
            "gross_margin_4q_avg": 0,
            "net_income": null,
            "net_income_4q": null,
            "revenue": null,
            "revenue_4q": null,
            "common_shares": null,
            "book_valuer_per_share": null,
            "book_valuer_per_share_4q_avg": 2.73,
            "equity": null,
            "current_ratio": null,
            "debt_ratio": null,
            "inventory_turnover_ratio": null,
            "account_receivable_turnover_ratio": null,
            "reinvestment_rate": null,
            "research_to_sale_ratio": null,
            "price_fair": 0,
            "eps_avg_yearly": 0,
            "eps_latest_yearly": 0,
            "eps_growth_yearly": 0
        },
        "20042": {
            "year_quarter": 20042,
            "year": 2004,
            "quarter": 2,
            "eps": null,
            "eps_growth_year": null,
            "eps_4q": null,
            "eps_4q_growth_year": null,
            "roe": null,
            "roe_4q": 0,
            "gross_profit": null,
            "gross_margin": null,
            "gross_margin_4q_avg": 0,
            "net_income": null,
            "net_income_4q": null,
            "revenue": null,
            "revenue_4q": null,
            "common_shares": null,
            "book_valuer_per_share": null,
            "book_valuer_per_share_4q_avg": 2.73,
            "equity": null,
            "current_ratio": null,
            "debt_ratio": null,
            "inventory_turnover_ratio": null,
            "account_receivable_turnover_ratio": null,
            "reinvestment_rate": null,
            "research_to_sale_ratio": null,
            "price_fair": 0,
            "eps_avg_yearly": 0,
            "eps_latest_yearly": 0,
            "eps_growth_yearly": 0
        },
        "20043": {
            "year_quarter": 20043,
            "year": 2004,
            "quarter": 3,
            "eps": null,
            "eps_growth_year": null,
            "eps_4q": null,
            "eps_4q_growth_year": null,
            "roe": null,
            "roe_4q": 0,
            "gross_profit": null,
            "gross_margin": null,
            "gross_margin_4q_avg": 0,
            "net_income": null,
            "net_income_4q": null,
            "revenue": null,
            "revenue_4q": null,
            "common_shares": null,
            "book_valuer_per_share": null,
            "book_valuer_per_share_4q_avg": 2.73,
            "equity": null,
            "current_ratio": null,
            "debt_ratio": null,
            "inventory_turnover_ratio": null,
            "account_receivable_turnover_ratio": null,
            "reinvestment_rate": null,
            "research_to_sale_ratio": null,
            "price_fair": 0,
            "eps_avg_yearly": 0,
            "eps_latest_yearly": 0,
            "eps_growth_yearly": 0
        },
        "20044": {
            "year_quarter": 20044,
            "year": 2004,
            "quarter": 4,
            "eps": null,
            "eps_growth_year": null,
            "eps_4q": null,
            "eps_4q_growth_year": null,
            "roe": null,
            "roe_4q": 0,
            "gross_profit": null,
            "gross_margin": null,
            "gross_margin_4q_avg": 0,
            "net_income": null,
            "net_income_4q": null,
            "revenue": null,
            "revenue_4q": null,
            "common_shares": 200000,
            "book_valuer_per_share": 8.51,
            "book_valuer_per_share_4q_avg": 2.13,
            "equity": 170134,
            "current_ratio": 209.45,
            "debt_ratio": 35.63,
            "inventory_turnover_ratio": null,
            "account_receivable_turnover_ratio": null,
            "reinvestment_rate": null,
            "research_to_sale_ratio": null,
            "price_fair": 0,
            "eps_avg_yearly": 0,
            "eps_latest_yearly": 0,
            "eps_growth_yearly": 0
        },
        "20051": {
            "year_quarter": 20051,
            "year": 2005,
            "quarter": 1,
            "eps": null,
            "eps_growth_year": null,
            "eps_4q": null,
            "eps_4q_growth_year": null,
            "roe": null,
            "roe_4q": 0,
            "gross_profit": null,
            "gross_margin": null,
            "gross_margin_4q_avg": 0,
            "net_income": null,
            "net_income_4q": null,
            "revenue": null,
            "revenue_4q": null,
            "common_shares": null,
            "book_valuer_per_share": null,
            "book_valuer_per_share_4q_avg": 2.13,
            "equity": null,
            "current_ratio": null,
            "debt_ratio": null,
            "inventory_turnover_ratio": null,
            "account_receivable_turnover_ratio": null,
            "reinvestment_rate": null,
            "research_to_sale_ratio": null,
            "price_fair": 0,
            "eps_avg_yearly": 0,
            "eps_latest_yearly": 0,
            "eps_growth_yearly": 0
        },
        "20052": {
            "year_quarter": 20052,
            "year": 2005,
            "quarter": 2,
            "eps": null,
            "eps_growth_year": null,
            "eps_4q": null,
            "eps_4q_growth_year": null,
            "roe": null,
            "roe_4q": 0,
            "gross_profit": null,
            "gross_margin": null,
            "gross_margin_4q_avg": 0,
            "net_income": null,
            "net_income_4q": null,
            "revenue": null,
            "revenue_4q": null,
            "common_shares": null,
            "book_valuer_per_share": null,
            "book_valuer_per_share_4q_avg": 2.13,
            "equity": null,
            "current_ratio": null,
            "debt_ratio": null,
            "inventory_turnover_ratio": null,
            "account_receivable_turnover_ratio": null,
            "reinvestment_rate": null,
            "research_to_sale_ratio": null,
            "price_fair": 0,
            "eps_avg_yearly": 0,
            "eps_latest_yearly": 0,
            "eps_growth_yearly": 0
        },
        "20053": {
            "year_quarter": 20053,
            "year": 2005,
            "quarter": 3,
            "eps": null,
            "eps_growth_year": null,
            "eps_4q": null,
            "eps_4q_growth_year": null,
            "roe": null,
            "roe_4q": 0,
            "gross_profit": null,
            "gross_margin": null,
            "gross_margin_4q_avg": 0,
            "net_income": null,
            "net_income_4q": null,
            "revenue": null,
            "revenue_4q": null,
            "common_shares": null,
            "book_valuer_per_share": null,
            "book_valuer_per_share_4q_avg": 2.13,
            "equity": null,
            "current_ratio": null,
            "debt_ratio": null,
            "inventory_turnover_ratio": null,
            "account_receivable_turnover_ratio": null,
            "reinvestment_rate": null,
            "research_to_sale_ratio": null,
            "price_fair": 0,
            "eps_avg_yearly": 0,
            "eps_latest_yearly": 0,
            "eps_growth_yearly": 0
        },
        "20054": {
            "year_quarter": 20054,
            "year": 2005,
            "quarter": 4,
            "eps": null,
            "eps_growth_year": null,
            "eps_4q": null,
            "eps_4q_growth_year": null,
            "roe": null,
            "roe_4q": 0,
            "gross_profit": null,
            "gross_margin": null,
            "gross_margin_4q_avg": 0,
            "net_income": null,
            "net_income_4q": null,
            "revenue": null,
            "revenue_4q": null,
            "common_shares": 250000,
            "book_valuer_per_share": 6.41,
            "book_valuer_per_share_4q_avg": 1.6,
            "equity": 160354,
            "current_ratio": 155.33,
            "debt_ratio": 58.64,
            "inventory_turnover_ratio": null,
            "account_receivable_turnover_ratio": null,
            "reinvestment_rate": null,
            "research_to_sale_ratio": null,
            "price_fair": 0,
            "eps_avg_yearly": 0,
            "eps_latest_yearly": 0,
            "eps_growth_yearly": 0
        },
        "20061": {
            "year_quarter": 20061,
            "year": 2006,
            "quarter": 1,
            "eps": null,
            "eps_growth_year": null,
            "eps_4q": null,
            "eps_4q_growth_year": null,
            "roe": null,
            "roe_4q": 0,
            "gross_profit": null,
            "gross_margin": null,
            "gross_margin_4q_avg": 0,
            "net_income": null,
            "net_income_4q": null,
            "revenue": null,
            "revenue_4q": null,
            "common_shares": null,
            "book_valuer_per_share": null,
            "book_valuer_per_share_4q_avg": 1.6,
            "equity": null,
            "current_ratio": null,
            "debt_ratio": null,
            "inventory_turnover_ratio": null,
            "account_receivable_turnover_ratio": null,
            "reinvestment_rate": null,
            "research_to_sale_ratio": null,
            "price_fair": 0,
            "eps_avg_yearly": 0,
            "eps_latest_yearly": 0,
            "eps_growth_yearly": 0
        },
        "20062": {
            "year_quarter": 20062,
            "year": 2006,
            "quarter": 2,
            "eps": null,
            "eps_growth_year": null,
            "eps_4q": null,
            "eps_4q_growth_year": null,
            "roe": null,
            "roe_4q": 0,
            "gross_profit": null,
            "gross_margin": null,
            "gross_margin_4q_avg": 0,
            "net_income": null,
            "net_income_4q": null,
            "revenue": null,
            "revenue_4q": null,
            "common_shares": null,
            "book_valuer_per_share": null,
            "book_valuer_per_share_4q_avg": 1.6,
            "equity": null,
            "current_ratio": null,
            "debt_ratio": null,
            "inventory_turnover_ratio": null,
            "account_receivable_turnover_ratio": null,
            "reinvestment_rate": null,
            "research_to_sale_ratio": null,
            "price_fair": 0,
            "eps_avg_yearly": 0,
            "eps_latest_yearly": 0,
            "eps_growth_yearly": 0
        },
        "20063": {
            "year_quarter": 20063,
            "year": 2006,
            "quarter": 3,
            "eps": 2.75,
            "eps_growth_year": null,
            "eps_4q": null,
            "eps_4q_growth_year": null,
            "roe": 24.02,
            "roe_4q": 24.02,
            "gross_profit": 134696,
            "gross_margin": 39.52,
            "gross_margin_4q_avg": 9.88,
            "net_income": 74084,
            "net_income_4q": null,
            "revenue": 340814,
            "revenue_4q": null,
            "common_shares": 300000,
            "book_valuer_per_share": 10.28,
            "book_valuer_per_share_4q_avg": 4.17,
            "equity": 308416,
            "current_ratio": 123.92,
            "debt_ratio": 70.03,
            "inventory_turnover_ratio": 1.2,
            "account_receivable_turnover_ratio": null,
            "reinvestment_rate": null,
            "research_to_sale_ratio": null,
            "price_fair": 0,
            "eps_avg_yearly": 0,
            "eps_latest_yearly": 0,
            "eps_growth_yearly": 0
        },
        "20064": {
            "year_quarter": 20064,
            "year": 2006,
            "quarter": 4,
            "eps": 1.8,
            "eps_growth_year": null,
            "eps_4q": null,
            "eps_4q_growth_year": null,
            "roe": 10.58,
            "roe_4q": 34.6,
            "gross_profit": 73578,
            "gross_margin": 33.33,
            "gross_margin_4q_avg": 18.21,
            "net_income": 52312,
            "net_income_4q": null,
            "revenue": 220751,
            "revenue_4q": null,
            "common_shares": 380000,
            "book_valuer_per_share": 17.9,
            "book_valuer_per_share_4q_avg": 7.05,
            "equity": 680351,
            "current_ratio": 375.89,
            "debt_ratio": 35.54,
            "inventory_turnover_ratio": 0.95,
            "account_receivable_turnover_ratio": null,
            "reinvestment_rate": null,
            "research_to_sale_ratio": null,
            "price_fair": 21.6,
            "eps_avg_yearly": 7.2,
            "eps_latest_yearly": 7.2,
            "eps_growth_yearly": -138.18
        },
        "20071": {
            "year_quarter": 20071,
            "year": 2007,
            "quarter": 1,
            "eps": -0.1,
            "eps_growth_year": null,
            "eps_4q": null,
            "eps_4q_growth_year": null,
            "roe": -0.55,
            "roe_4q": 34.05,
            "gross_profit": 22201,
            "gross_margin": 36.06,
            "gross_margin_4q_avg": 27.23,
            "net_income": -3714,
            "net_income_4q": null,
            "revenue": 61560,
            "revenue_4q": null,
            "common_shares": 380000,
            "book_valuer_per_share": 17.81,
            "book_valuer_per_share_4q_avg": 11.5,
            "equity": 676637,
            "current_ratio": 309.09,
            "debt_ratio": 37.82,
            "inventory_turnover_ratio": 0.21,
            "account_receivable_turnover_ratio": null,
            "reinvestment_rate": null,
            "research_to_sale_ratio": null,
            "price_fair": 21.6,
            "eps_avg_yearly": 7.2,
            "eps_latest_yearly": 7.2,
            "eps_growth_yearly": -138.18
        },
        "20072": {
            "year_quarter": 20072,
            "year": 2007,
            "quarter": 2,
            "eps": 0.68,
            "eps_growth_year": null,
            "eps_4q": 3.89,
            "eps_4q_growth_year": null,
            "roe": 3.78,
            "roe_4q": 37.83,
            "gross_profit": 78499,
            "gross_margin": 39.58,
            "gross_margin_4q_avg": 37.12,
            "net_income": 26012,
            "net_income_4q": null,
            "revenue": 198316,
            "revenue_4q": null,
            "common_shares": 380000,
            "book_valuer_per_share": 18.44,
            "book_valuer_per_share_4q_avg": 16.11,
            "equity": 700626,
            "current_ratio": 249.8,
            "debt_ratio": 41.55,
            "inventory_turnover_ratio": 0.49,
            "account_receivable_turnover_ratio": null,
            "reinvestment_rate": null,
            "research_to_sale_ratio": null,
            "price_fair": 21.6,
            "eps_avg_yearly": 7.2,
            "eps_latest_yearly": 7.2,
            "eps_growth_yearly": -138.18
        },
        "20073": {
            "year_quarter": 20073,
            "year": 2007,
            "quarter": 3,
            "eps": 0.73,
            "eps_growth_year": -73.45,
            "eps_4q": 2.63,
            "eps_4q_growth_year": null,
            "roe": 4,
            "roe_4q": 17.81,
            "gross_profit": 80801,
            "gross_margin": 37.41,
            "gross_margin_4q_avg": 36.6,
            "net_income": 28623,
            "net_income_4q": null,
            "revenue": 215969,
            "revenue_4q": null,
            "common_shares": 418300,
            "book_valuer_per_share": 17.43,
            "book_valuer_per_share_4q_avg": 17.9,
            "equity": 729249,
            "current_ratio": 201.82,
            "debt_ratio": 46.04,
            "inventory_turnover_ratio": 0.52,
            "account_receivable_turnover_ratio": null,
            "reinvestment_rate": null,
            "research_to_sale_ratio": null,
            "price_fair": 15.18,
            "eps_avg_yearly": 5.06,
            "eps_latest_yearly": 2.92,
            "eps_growth_yearly": -54.39
        },
        "20074": {
            "year_quarter": 20074,
            "year": 2007,
            "quarter": 4,
            "eps": 1.8,
            "eps_growth_year": 0,
            "eps_4q": 3.01,
            "eps_4q_growth_year": null,
            "roe": 9.82,
            "roe_4q": 17.05,
            "gross_profit": 139202,
            "gross_margin": 39.81,
            "gross_margin_4q_avg": 38.22,
            "net_income": 75444,
            "net_income_4q": null,
            "revenue": 349668,
            "revenue_4q": null,
            "common_shares": 418300,
            "book_valuer_per_share": 19.29,
            "book_valuer_per_share_4q_avg": 18.24,
            "equity": 806854,
            "current_ratio": 212.8,
            "debt_ratio": 43.04,
            "inventory_turnover_ratio": 0.87,
            "account_receivable_turnover_ratio": null,
            "reinvestment_rate": null,
            "research_to_sale_ratio": null,
            "price_fair": 202.07,
            "eps_avg_yearly": 5.77,
            "eps_latest_yearly": 7.2,
            "eps_growth_yearly": 159.18
        },
        "20081": {
            "year_quarter": 20081,
            "year": 2008,
            "quarter": 1,
            "eps": 1,
            "eps_growth_year": null,
            "eps_4q": 3.89,
            "eps_4q_growth_year": null,
            "roe": 5.04,
            "roe_4q": 22.64,
            "gross_profit": 82296,
            "gross_margin": 32.8,
            "gross_margin_4q_avg": 37.4,
            "net_income": 45010,
            "net_income_4q": null,
            "revenue": 250933,
            "revenue_4q": null,
            "common_shares": 466740,
            "book_valuer_per_share": 20.99,
            "book_valuer_per_share_4q_avg": 19.04,
            "equity": 979651,
            "current_ratio": 245.2,
            "debt_ratio": 42.85,
            "inventory_turnover_ratio": 0.62,
            "account_receivable_turnover_ratio": null,
            "reinvestment_rate": null,
            "research_to_sale_ratio": null,
            "price_fair": 186.55,
            "eps_avg_yearly": 5.33,
            "eps_latest_yearly": 4,
            "eps_growth_yearly": 74.94
        },
        "20082": {
            "year_quarter": 20082,
            "year": 2008,
            "quarter": 2,
            "eps": 2.33,
            "eps_growth_year": 242.65,
            "eps_4q": 5.57,
            "eps_4q_growth_year": 43.32,
            "roe": 10.41,
            "roe_4q": 29.27,
            "gross_profit": 139936,
            "gross_margin": 33.38,
            "gross_margin_4q_avg": 35.85,
            "net_income": 107171,
            "net_income_4q": null,
            "revenue": 419193,
            "revenue_4q": null,
            "common_shares": 466740,
            "book_valuer_per_share": 23.11,
            "book_valuer_per_share_4q_avg": 20.21,
            "equity": 1078673,
            "current_ratio": 221.52,
            "debt_ratio": 45.85,
            "inventory_turnover_ratio": 0.77,
            "account_receivable_turnover_ratio": null,
            "reinvestment_rate": null,
            "research_to_sale_ratio": null,
            "price_fair": 214.48,
            "eps_avg_yearly": 6.13,
            "eps_latest_yearly": 9.32,
            "eps_growth_yearly": 166.35
        },
        "20083": {
            "year_quarter": 20083,
            "year": 2008,
            "quarter": 3,
            "eps": 1.56,
            "eps_growth_year": 113.7,
            "eps_4q": 5.56,
            "eps_4q_growth_year": 111.25,
            "roe": 7.84,
            "roe_4q": 33.11,
            "gross_profit": 158280,
            "gross_margin": 41.43,
            "gross_margin_4q_avg": 36.86,
            "net_income": 88734,
            "net_income_4q": null,
            "revenue": 382079,
            "revenue_4q": null,
            "common_shares": 570288,
            "book_valuer_per_share": 20.8,
            "book_valuer_per_share_4q_avg": 21.05,
            "equity": 1186275,
            "current_ratio": 200.56,
            "debt_ratio": 48.19,
            "inventory_turnover_ratio": 0.49,
            "account_receivable_turnover_ratio": null,
            "reinvestment_rate": null,
            "research_to_sale_ratio": null,
            "price_fair": 215.13,
            "eps_avg_yearly": 6.15,
            "eps_latest_yearly": 6.24,
            "eps_growth_yearly": 116.59
        },
        "20084": {
            "year_quarter": 20084,
            "year": 2008,
            "quarter": 4,
            "eps": 1.15,
            "eps_growth_year": -36.11,
            "eps_4q": 5.36,
            "eps_4q_growth_year": 77.88,
            "roe": 5.39,
            "roe_4q": 28.68,
            "gross_profit": 116836,
            "gross_margin": 41.44,
            "gross_margin_4q_avg": 37.26,
            "net_income": 65761,
            "net_income_4q": null,
            "revenue": 281925,
            "revenue_4q": null,
            "common_shares": 587738,
            "book_valuer_per_share": 21.31,
            "book_valuer_per_share_4q_avg": 21.55,
            "equity": 1252572,
            "current_ratio": 208.63,
            "debt_ratio": 47.02,
            "inventory_turnover_ratio": 0.34,
            "account_receivable_turnover_ratio": 0.65,
            "reinvestment_rate": null,
            "research_to_sale_ratio": null,
            "price_fair": 207.4,
            "eps_avg_yearly": 5.93,
            "eps_latest_yearly": 4.6,
            "eps_growth_yearly": 84.92
        },
        "20091": {
            "year_quarter": 20091,
            "year": 2009,
            "quarter": 1,
            "eps": 0.08,
            "eps_growth_year": -92,
            "eps_4q": 4.51,
            "eps_4q_growth_year": 15.9,
            "roe": 0.38,
            "roe_4q": 24.02,
            "gross_profit": 42488,
            "gross_margin": 53.52,
            "gross_margin_4q_avg": 42.44,
            "net_income": 4727,
            "net_income_4q": null,
            "revenue": 79392,
            "revenue_4q": null,
            "common_shares": 589348,
            "book_valuer_per_share": 21.35,
            "book_valuer_per_share_4q_avg": 21.64,
            "equity": 1257996,
            "current_ratio": 272.74,
            "debt_ratio": 38.65,
            "inventory_turnover_ratio": 0.08,
            "account_receivable_turnover_ratio": 0.09,
            "reinvestment_rate": null,
            "research_to_sale_ratio": null,
            "price_fair": 182.88,
            "eps_avg_yearly": 5.23,
            "eps_latest_yearly": 0.32,
            "eps_growth_yearly": 27.78
        },
        "20092": {
            "year_quarter": 20092,
            "year": 2009,
            "quarter": 2,
            "eps": -0.3,
            "eps_growth_year": -112.88,
            "eps_4q": 2.31,
            "eps_4q_growth_year": -58.47,
            "roe": -1.81,
            "roe_4q": 11.799999999999999,
            "gross_profit": 6840,
            "gross_margin": 31.81,
            "gross_margin_4q_avg": 42.05,
            "net_income": -22707,
            "net_income_4q": null,
            "revenue": 21506,
            "revenue_4q": null,
            "common_shares": 590088,
            "book_valuer_per_share": 21.13,
            "book_valuer_per_share_4q_avg": 21.15,
            "equity": 1246971,
            "current_ratio": 268.58,
            "debt_ratio": 38.49,
            "inventory_turnover_ratio": 0.03,
            "account_receivable_turnover_ratio": 0.03,
            "reinvestment_rate": null,
            "research_to_sale_ratio": null,
            "price_fair": 182.88,
            "eps_avg_yearly": 5.23,
            "eps_latest_yearly": 0.32,
            "eps_growth_yearly": 27.78
        },
        "20093": {
            "year_quarter": 20093,
            "year": 2009,
            "quarter": 3,
            "eps": -0.25,
            "eps_growth_year": -116.03,
            "eps_4q": 0.37,
            "eps_4q_growth_year": -93.42,
            "roe": -1.56,
            "roe_4q": 2.3999999999999995,
            "gross_profit": 42198,
            "gross_margin": 54.21,
            "gross_margin_4q_avg": 45.25,
            "net_income": -19321,
            "net_income_4q": null,
            "revenue": 77848,
            "revenue_4q": null,
            "common_shares": 778196,
            "book_valuer_per_share": 15.78,
            "book_valuer_per_share_4q_avg": 19.89,
            "equity": 1227651,
            "current_ratio": 299.01,
            "debt_ratio": 35.69,
            "inventory_turnover_ratio": 0.08,
            "account_receivable_turnover_ratio": 0.12,
            "reinvestment_rate": null,
            "research_to_sale_ratio": null,
            "price_fair": 182.88,
            "eps_avg_yearly": 5.23,
            "eps_latest_yearly": 0.32,
            "eps_growth_yearly": 27.78
        },
        "20094": {
            "year_quarter": 20094,
            "year": 2009,
            "quarter": 4,
            "eps": -0.11,
            "eps_growth_year": -109.57,
            "eps_4q": -0.59,
            "eps_4q_growth_year": -110.99,
            "roe": -0.7,
            "roe_4q": -3.6900000000000004,
            "gross_profit": 36292,
            "gross_margin": 38.18,
            "gross_margin_4q_avg": 44.43,
            "net_income": -8554,
            "net_income_4q": null,
            "revenue": 95062,
            "revenue_4q": null,
            "common_shares": 778196,
            "book_valuer_per_share": 15.67,
            "book_valuer_per_share_4q_avg": 18.48,
            "equity": 1219270,
            "current_ratio": 347.56,
            "debt_ratio": 31.87,
            "inventory_turnover_ratio": 0.14,
            "account_receivable_turnover_ratio": 0.35,
            "reinvestment_rate": null,
            "research_to_sale_ratio": null,
            "price_fair": 182.88,
            "eps_avg_yearly": 5.23,
            "eps_latest_yearly": 0.32,
            "eps_growth_yearly": 27.78
        },
        "20101": {
            "year_quarter": 20101,
            "year": 2010,
            "quarter": 1,
            "eps": 0.07,
            "eps_growth_year": -12.5,
            "eps_4q": -0.58,
            "eps_4q_growth_year": -112.79,
            "roe": 0.47,
            "roe_4q": -3.6,
            "gross_profit": 43096,
            "gross_margin": 44.7,
            "gross_margin_4q_avg": 42.23,
            "net_income": 5697,
            "net_income_4q": null,
            "revenue": 96416,
            "revenue_4q": null,
            "common_shares": 778196,
            "book_valuer_per_share": 15.74,
            "book_valuer_per_share_4q_avg": 17.08,
            "equity": 1224967,
            "current_ratio": 339.32,
            "debt_ratio": 31.66,
            "inventory_turnover_ratio": 0.12,
            "account_receivable_turnover_ratio": 0.18,
            "reinvestment_rate": null,
            "research_to_sale_ratio": 15.76,
            "price_fair": 182.88,
            "eps_avg_yearly": 5.23,
            "eps_latest_yearly": 0.32,
            "eps_growth_yearly": 27.78
        },
        "20102": {
            "year_quarter": 20102,
            "year": 2010,
            "quarter": 2,
            "eps": 0.42,
            "eps_growth_year": null,
            "eps_4q": 0.14,
            "eps_4q_growth_year": -94.08,
            "roe": 2.64,
            "roe_4q": 0.8500000000000001,
            "gross_profit": 72376,
            "gross_margin": 31.26,
            "gross_margin_4q_avg": 42.09,
            "net_income": 32829,
            "net_income_4q": null,
            "revenue": 231557,
            "revenue_4q": null,
            "common_shares": 778196,
            "book_valuer_per_share": 16.16,
            "book_valuer_per_share_4q_avg": 15.84,
            "equity": 1257796,
            "current_ratio": 263.64,
            "debt_ratio": 36.83,
            "inventory_turnover_ratio": 0.34,
            "account_receivable_turnover_ratio": 0.42,
            "reinvestment_rate": 98.39,
            "research_to_sale_ratio": 10.3,
            "price_fair": 169.09,
            "eps_avg_yearly": 4.83,
            "eps_latest_yearly": 1.68,
            "eps_growth_yearly": 246.92
        },
        "20103": {
            "year_quarter": 20103,
            "year": 2010,
            "quarter": 3,
            "eps": 1.27,
            "eps_growth_year": null,
            "eps_4q": 1.65,
            "eps_4q_growth_year": 352.53,
            "roe": 7.52,
            "roe_4q": 9.930000000000001,
            "gross_profit": 141079,
            "gross_margin": 38.01,
            "gross_margin_4q_avg": 38.04,
            "net_income": 98819,
            "net_income_4q": null,
            "revenue": 371183,
            "revenue_4q": null,
            "common_shares": 778196,
            "book_valuer_per_share": 17.61,
            "book_valuer_per_share_4q_avg": 16.3,
            "equity": 1370111,
            "current_ratio": 288.9,
            "debt_ratio": 35.18,
            "inventory_turnover_ratio": 0.51,
            "account_receivable_turnover_ratio": 0.58,
            "reinvestment_rate": 55.83,
            "research_to_sale_ratio": 2.56,
            "price_fair": 169.96,
            "eps_avg_yearly": 4.86,
            "eps_latest_yearly": 5.08,
            "eps_growth_yearly": 303.18
        },
        "20104": {
            "year_quarter": 20104,
            "year": 2010,
            "quarter": 4,
            "eps": 0.75,
            "eps_growth_year": null,
            "eps_4q": 2.51,
            "eps_4q_growth_year": null,
            "roe": 4.17,
            "roe_4q": 14.8,
            "gross_profit": 135253,
            "gross_margin": 40.02,
            "gross_margin_4q_avg": 38.5,
            "net_income": 58309,
            "net_income_4q": null,
            "revenue": 337986,
            "revenue_4q": null,
            "common_shares": 778196,
            "book_valuer_per_share": 18.35,
            "book_valuer_per_share_4q_avg": 16.97,
            "equity": 1428228,
            "current_ratio": 352.62,
            "debt_ratio": 30.4,
            "inventory_turnover_ratio": 0.55,
            "account_receivable_turnover_ratio": 0.51,
            "reinvestment_rate": 58.91,
            "research_to_sale_ratio": 8.45,
            "price_fair": 155.26,
            "eps_avg_yearly": 4.44,
            "eps_latest_yearly": 3,
            "eps_growth_yearly": 300.62
        },
        "20111": {
            "year_quarter": 20111,
            "year": 2011,
            "quarter": 1,
            "eps": 0.07,
            "eps_growth_year": 0,
            "eps_4q": 2.52,
            "eps_4q_growth_year": null,
            "roe": 0.4,
            "roe_4q": 14.73,
            "gross_profit": 34914,
            "gross_margin": 34.4,
            "gross_margin_4q_avg": 35.92,
            "net_income": 5767,
            "net_income_4q": null,
            "revenue": 101498,
            "revenue_4q": null,
            "common_shares": 778196,
            "book_valuer_per_share": 18.43,
            "book_valuer_per_share_4q_avg": 17.64,
            "equity": 1433994,
            "current_ratio": 403.73,
            "debt_ratio": 28.03,
            "inventory_turnover_ratio": 0.2,
            "account_receivable_turnover_ratio": 0.17,
            "reinvestment_rate": 53.03,
            "research_to_sale_ratio": 25.54,
            "price_fair": 142.04,
            "eps_avg_yearly": 4.06,
            "eps_latest_yearly": 0.28,
            "eps_growth_yearly": 240.32
        },
        "20112": {
            "year_quarter": 20112,
            "year": 2011,
            "quarter": 2,
            "eps": 0.06,
            "eps_growth_year": -86.01,
            "eps_4q": 2.13,
            "eps_4q_growth_year": 1457.36,
            "roe": 0.34,
            "roe_4q": 12.43,
            "gross_profit": 45398,
            "gross_margin": 25.75,
            "gross_margin_4q_avg": 34.55,
            "net_income": 4638,
            "net_income_4q": null,
            "revenue": 176326,
            "revenue_4q": null,
            "common_shares": 778196,
            "book_valuer_per_share": 16.99,
            "book_valuer_per_share_4q_avg": 17.85,
            "equity": 1321904,
            "current_ratio": 307.4,
            "debt_ratio": 32.96,
            "inventory_turnover_ratio": 0.39,
            "account_receivable_turnover_ratio": 0.33,
            "reinvestment_rate": 47.69,
            "research_to_sale_ratio": 12.69,
            "price_fair": 130.9,
            "eps_avg_yearly": 3.74,
            "eps_latest_yearly": 0.24,
            "eps_growth_yearly": 215.53
        },
        "20113": {
            "year_quarter": 20113,
            "year": 2011,
            "quarter": 3,
            "eps": -0.19,
            "eps_growth_year": -114.74,
            "eps_4q": 0.69,
            "eps_4q_growth_year": -58.49,
            "roe": -1.12,
            "roe_4q": 3.79,
            "gross_profit": 24261,
            "gross_margin": 20.65,
            "gross_margin_4q_avg": 30.21,
            "net_income": -14712,
            "net_income_4q": null,
            "revenue": 117466,
            "revenue_4q": null,
            "common_shares": 785978,
            "book_valuer_per_share": 16.65,
            "book_valuer_per_share_4q_avg": 17.61,
            "equity": 1308536,
            "current_ratio": 283.34,
            "debt_ratio": 34.42,
            "inventory_turnover_ratio": 0.25,
            "account_receivable_turnover_ratio": 0.22,
            "reinvestment_rate": 48.27,
            "research_to_sale_ratio": 18.88,
            "price_fair": 133.51,
            "eps_avg_yearly": 3.81,
            "eps_latest_yearly": 0.24,
            "eps_growth_yearly": 232.45
        },
        "20114": {
            "year_quarter": 20114,
            "year": 2011,
            "quarter": 4,
            "eps": -0.8,
            "eps_growth_year": -207.22,
            "eps_4q": -0.86,
            "eps_4q_growth_year": -134.13,
            "roe": -4.94,
            "roe_4q": -5.32,
            "gross_profit": -3640,
            "gross_margin": -3.55,
            "gross_margin_4q_avg": 19.31,
            "net_income": -63142,
            "net_income_4q": null,
            "revenue": 102439,
            "revenue_4q": null,
            "common_shares": 785978,
            "book_valuer_per_share": 15.84,
            "book_valuer_per_share_4q_avg": 16.98,
            "equity": 1245382,
            "current_ratio": 334.03,
            "debt_ratio": 31.59,
            "inventory_turnover_ratio": 0.29,
            "account_receivable_turnover_ratio": 0.19,
            "reinvestment_rate": 68.72,
            "research_to_sale_ratio": 19.38,
            "price_fair": 121.66,
            "eps_avg_yearly": 3.48,
            "eps_latest_yearly": 0.24,
            "eps_growth_yearly": 197.07
        },
        "20121": {
            "year_quarter": 20121,
            "year": 2012,
            "quarter": 1,
            "eps": -0.27,
            "eps_growth_year": -485.71,
            "eps_4q": -1.2,
            "eps_4q_growth_year": -147.65,
            "roe": -1.7,
            "roe_4q": -7.420000000000001,
            "gross_profit": 23214,
            "gross_margin": 16.77,
            "gross_margin_4q_avg": 14.91,
            "net_income": -20984,
            "net_income_4q": null,
            "revenue": 138434,
            "revenue_4q": null,
            "common_shares": 785978,
            "book_valuer_per_share": 0,
            "book_valuer_per_share_4q_avg": 12.37,
            "equity": 1224398,
            "current_ratio": 452.36,
            "debt_ratio": 30.3,
            "inventory_turnover_ratio": 0.38,
            "account_receivable_turnover_ratio": 0.27,
            "reinvestment_rate": 53.96,
            "research_to_sale_ratio": 14.28,
            "price_fair": 119.62,
            "eps_avg_yearly": 3.42,
            "eps_latest_yearly": 0.24,
            "eps_growth_yearly": 238.72
        },
        "20122": {
            "year_quarter": 20122,
            "year": 2012,
            "quarter": 2,
            "eps": -0.46,
            "eps_growth_year": -880.53,
            "eps_4q": -1.72,
            "eps_4q_growth_year": -180.6,
            "roe": -3,
            "roe_4q": -10.760000000000002,
            "gross_profit": 6355,
            "gross_margin": 10.04,
            "gross_margin_4q_avg": 10.98,
            "net_income": -36201,
            "net_income_4q": null,
            "revenue": 63319,
            "revenue_4q": null,
            "common_shares": 785978,
            "book_valuer_per_share": 15.11,
            "book_valuer_per_share_4q_avg": 11.9,
            "equity": 1187784,
            "current_ratio": 349.42,
            "debt_ratio": 34.2,
            "inventory_turnover_ratio": 0.18,
            "account_receivable_turnover_ratio": 0.13,
            "reinvestment_rate": 101.73,
            "research_to_sale_ratio": 34.13,
            "price_fair": 93.8,
            "eps_avg_yearly": 2.68,
            "eps_latest_yearly": 0.24,
            "eps_growth_yearly": 202.06
        },
        "20123": {
            "year_quarter": 20123,
            "year": 2012,
            "quarter": 3,
            "eps": -0.68,
            "eps_growth_year": null,
            "eps_4q": -2.21,
            "eps_4q_growth_year": -421.16,
            "roe": -4.57,
            "roe_4q": -14.21,
            "gross_profit": -3052,
            "gross_margin": -3.36,
            "gross_margin_4q_avg": 4.98,
            "net_income": -53104,
            "net_income_4q": null,
            "revenue": 90753,
            "revenue_4q": null,
            "common_shares": 785978,
            "book_valuer_per_share": 14.43,
            "book_valuer_per_share_4q_avg": 11.35,
            "equity": 1134319,
            "current_ratio": 198.06,
            "debt_ratio": 33.98,
            "inventory_turnover_ratio": 0.3,
            "account_receivable_turnover_ratio": 0.19,
            "reinvestment_rate": 459.72,
            "research_to_sale_ratio": 21.72,
            "price_fair": 76,
            "eps_avg_yearly": 2.17,
            "eps_latest_yearly": 0.24,
            "eps_growth_yearly": 249.8
        },
        "20124": {
            "year_quarter": 20124,
            "year": 2012,
            "quarter": 4,
            "eps": -1.18,
            "eps_growth_year": null,
            "eps_4q": -2.58,
            "eps_4q_growth_year": null,
            "roe": -8.51,
            "roe_4q": -17.779999999999998,
            "gross_profit": -19820,
            "gross_margin": -61.88,
            "gross_margin_4q_avg": -9.61,
            "net_income": -92617,
            "net_income_4q": null,
            "revenue": 32031,
            "revenue_4q": null,
            "common_shares": 785978,
            "book_valuer_per_share": 13.26,
            "book_valuer_per_share_4q_avg": 10.7,
            "equity": 1042400,
            "current_ratio": 167.33,
            "debt_ratio": 36.72,
            "inventory_turnover_ratio": 0.19,
            "account_receivable_turnover_ratio": 0.08,
            "reinvestment_rate": null,
            "research_to_sale_ratio": 83.52,
            "price_fair": 61.83,
            "eps_avg_yearly": 1.77,
            "eps_latest_yearly": 0.24,
            "eps_growth_yearly": 308.96
        },
        "20131": {
            "year_quarter": 20131,
            "year": 2013,
            "quarter": 1,
            "eps": -0.49,
            "eps_growth_year": null,
            "eps_4q": -2.81,
            "eps_4q_growth_year": null,
            "roe": -3.78,
            "roe_4q": -19.86,
            "gross_profit": 9852,
            "gross_margin": 14.41,
            "gross_margin_4q_avg": -10.2,
            "net_income": -38625,
            "net_income_4q": null,
            "revenue": 68353,
            "revenue_4q": null,
            "common_shares": 785978,
            "book_valuer_per_share": 12.72,
            "book_valuer_per_share_4q_avg": 13.88,
            "equity": 999521,
            "current_ratio": 157.22,
            "debt_ratio": 38,
            "inventory_turnover_ratio": 0.21,
            "account_receivable_turnover_ratio": 0.21,
            "reinvestment_rate": null,
            "research_to_sale_ratio": 43.66,
            "price_fair": 71.96,
            "eps_avg_yearly": 2.06,
            "eps_latest_yearly": 0.24,
            "eps_growth_yearly": 445.19
        },
        "20132": {
            "year_quarter": 20132,
            "year": 2013,
            "quarter": 2,
            "eps": -0.49,
            "eps_growth_year": null,
            "eps_4q": -2.84,
            "eps_4q_growth_year": null,
            "roe": -3.93,
            "roe_4q": -20.79,
            "gross_profit": 5176,
            "gross_margin": 5.04,
            "gross_margin_4q_avg": -11.45,
            "net_income": -38522,
            "net_income_4q": null,
            "revenue": 102671,
            "revenue_4q": null,
            "common_shares": 785978,
            "book_valuer_per_share": 12.23,
            "book_valuer_per_share_4q_avg": 13.16,
            "equity": 961244,
            "current_ratio": 174.69,
            "debt_ratio": 40.64,
            "inventory_turnover_ratio": 0.34,
            "account_receivable_turnover_ratio": 0.36,
            "reinvestment_rate": null,
            "research_to_sale_ratio": 32.71,
            "price_fair": 71.96,
            "eps_avg_yearly": 2.06,
            "eps_latest_yearly": 0.24,
            "eps_growth_yearly": 445.19
        },
        "20133": {
            "year_quarter": 20133,
            "year": 2013,
            "quarter": 3,
            "eps": -0.39,
            "eps_growth_year": null,
            "eps_4q": -2.55,
            "eps_4q_growth_year": null,
            "roe": -3.23,
            "roe_4q": -19.45,
            "gross_profit": 27667,
            "gross_margin": 22.25,
            "gross_margin_4q_avg": -5.05,
            "net_income": -30528,
            "net_income_4q": null,
            "revenue": 124358,
            "revenue_4q": null,
            "common_shares": 785978,
            "book_valuer_per_share": 11.84,
            "book_valuer_per_share_4q_avg": 12.51,
            "equity": 930592,
            "current_ratio": 239.42,
            "debt_ratio": 41.7,
            "inventory_turnover_ratio": 0.34,
            "account_receivable_turnover_ratio": 0.46,
            "reinvestment_rate": null,
            "research_to_sale_ratio": 26.19,
            "price_fair": 71.96,
            "eps_avg_yearly": 2.06,
            "eps_latest_yearly": 0.24,
            "eps_growth_yearly": 445.19
        },
        "20134": {
            "year_quarter": 20134,
            "year": 2013,
            "quarter": 4,
            "eps": -0.11,
            "eps_growth_year": null,
            "eps_4q": -1.48,
            "eps_4q_growth_year": null,
            "roe": -0.91,
            "roe_4q": -11.85,
            "gross_profit": 49146,
            "gross_margin": 39.44,
            "gross_margin_4q_avg": 20.29,
            "net_income": -8415,
            "net_income_4q": null,
            "revenue": 124602,
            "revenue_4q": null,
            "common_shares": 785978,
            "book_valuer_per_share": 11.73,
            "book_valuer_per_share_4q_avg": 12.13,
            "equity": 921780,
            "current_ratio": 250.52,
            "debt_ratio": 39.31,
            "inventory_turnover_ratio": 0.25,
            "account_receivable_turnover_ratio": 0.46,
            "reinvestment_rate": null,
            "research_to_sale_ratio": 28.78,
            "price_fair": 71.96,
            "eps_avg_yearly": 2.06,
            "eps_latest_yearly": 0.24,
            "eps_growth_yearly": 445.19
        },
        "20141": {
            "year_quarter": 20141,
            "year": 2014,
            "quarter": 1,
            "eps": 0.05,
            "eps_growth_year": null,
            "eps_4q": -0.94,
            "eps_4q_growth_year": null,
            "roe": 0.39,
            "roe_4q": -7.68,
            "gross_profit": 54017,
            "gross_margin": 28.47,
            "gross_margin_4q_avg": 23.8,
            "net_income": 3593,
            "net_income_4q": null,
            "revenue": 189727,
            "revenue_4q": null,
            "common_shares": 785978,
            "book_valuer_per_share": 11.77,
            "book_valuer_per_share_4q_avg": 11.89,
            "equity": 925387,
            "current_ratio": 239.44,
            "debt_ratio": 40.62,
            "inventory_turnover_ratio": 0.47,
            "account_receivable_turnover_ratio": 0.59,
            "reinvestment_rate": null,
            "research_to_sale_ratio": 16.11,
            "price_fair": 71.96,
            "eps_avg_yearly": 2.06,
            "eps_latest_yearly": 0.24,
            "eps_growth_yearly": 445.19
        },
        "20142": {
            "year_quarter": 20142,
            "year": 2014,
            "quarter": 2,
            "eps": 0.12,
            "eps_growth_year": null,
            "eps_4q": -0.33,
            "eps_4q_growth_year": null,
            "roe": 1.03,
            "roe_4q": -2.72,
            "gross_profit": 68791,
            "gross_margin": 40.16,
            "gross_margin_4q_avg": 32.58,
            "net_income": 9575,
            "net_income_4q": null,
            "revenue": 171306,
            "revenue_4q": null,
            "common_shares": 785978,
            "book_valuer_per_share": 11.89,
            "book_valuer_per_share_4q_avg": 11.81,
            "equity": 934764,
            "current_ratio": 235.63,
            "debt_ratio": 40.62,
            "inventory_turnover_ratio": 0.39,
            "account_receivable_turnover_ratio": 0.44,
            "reinvestment_rate": null,
            "research_to_sale_ratio": 18.71,
            "price_fair": 63.56,
            "eps_avg_yearly": 1.82,
            "eps_latest_yearly": 0.48,
            "eps_growth_yearly": 157.19
        },
        "20143": {
            "year_quarter": 20143,
            "year": 2014,
            "quarter": 3,
            "eps": -0.05,
            "eps_growth_year": null,
            "eps_4q": 0.01,
            "eps_4q_growth_year": null,
            "roe": -0.4,
            "roe_4q": 0.10999999999999999,
            "gross_profit": 41449,
            "gross_margin": 30.27,
            "gross_margin_4q_avg": 34.59,
            "net_income": -3747,
            "net_income_4q": null,
            "revenue": 136914,
            "revenue_4q": null,
            "common_shares": 785978,
            "book_valuer_per_share": 11.81,
            "book_valuer_per_share_4q_avg": 11.8,
            "equity": 928340,
            "current_ratio": 248.52,
            "debt_ratio": 48.83,
            "inventory_turnover_ratio": 0.3,
            "account_receivable_turnover_ratio": 0.34,
            "reinvestment_rate": null,
            "research_to_sale_ratio": 25.18,
            "price_fair": 3,
            "eps_avg_yearly": 1,
            "eps_latest_yearly": 0.48,
            "eps_growth_yearly": -5.9
        },
        "20144": {
            "year_quarter": 20144,
            "year": 2014,
            "quarter": 4,
            "eps": -0.58,
            "eps_growth_year": null,
            "eps_4q": -0.46,
            "eps_4q_growth_year": null,
            "roe": -5.07,
            "roe_4q": -4.050000000000001,
            "gross_profit": 18188,
            "gross_margin": 7.5,
            "gross_margin_4q_avg": 26.6,
            "net_income": -45928,
            "net_income_4q": null,
            "revenue": 242590,
            "revenue_4q": null,
            "common_shares": 785978,
            "book_valuer_per_share": 11.22,
            "book_valuer_per_share_4q_avg": 11.67,
            "equity": 882053,
            "current_ratio": 235.88,
            "debt_ratio": 50.57,
            "inventory_turnover_ratio": 0.66,
            "account_receivable_turnover_ratio": 0.51,
            "reinvestment_rate": null,
            "research_to_sale_ratio": 18.43,
            "price_fair": 11.67,
            "eps_avg_yearly": 0.33,
            "eps_latest_yearly": 0.48,
            "eps_growth_yearly": 46.73
        },
        "20151": {
            "year_quarter": 20151,
            "year": 2015,
            "quarter": 1,
            "eps": 0.1,
            "eps_growth_year": 100,
            "eps_4q": -0.41,
            "eps_4q_growth_year": null,
            "roe": 0.91,
            "roe_4q": -3.5300000000000002,
            "gross_profit": 73573,
            "gross_margin": 23.76,
            "gross_margin_4q_avg": 25.42,
            "net_income": 8028,
            "net_income_4q": null,
            "revenue": 309622,
            "revenue_4q": null,
            "common_shares": 785978,
            "book_valuer_per_share": 11.32,
            "book_valuer_per_share_4q_avg": 11.56,
            "equity": 889654,
            "current_ratio": 265.51,
            "debt_ratio": 49.18,
            "inventory_turnover_ratio": 0.9,
            "account_receivable_turnover_ratio": 0.6,
            "reinvestment_rate": null,
            "research_to_sale_ratio": 11.65,
            "price_fair": 12.6,
            "eps_avg_yearly": 0.36,
            "eps_latest_yearly": 0.48,
            "eps_growth_yearly": 251.43
        },
        "20152": {
            "year_quarter": 20152,
            "year": 2015,
            "quarter": 2,
            "eps": -0.08,
            "eps_growth_year": -166.67,
            "eps_4q": -0.61,
            "eps_4q_growth_year": null,
            "roe": -0.71,
            "roe_4q": -5.2700000000000005,
            "gross_profit": 52041,
            "gross_margin": 36.53,
            "gross_margin_4q_avg": 24.52,
            "net_income": -6301,
            "net_income_4q": null,
            "revenue": 142442,
            "revenue_4q": null,
            "common_shares": 785978,
            "book_valuer_per_share": 11.24,
            "book_valuer_per_share_4q_avg": 11.4,
            "equity": 883075,
            "current_ratio": 275.48,
            "debt_ratio": 48.7,
            "inventory_turnover_ratio": 0.35,
            "account_receivable_turnover_ratio": 0.3,
            "reinvestment_rate": null,
            "research_to_sale_ratio": 23.51,
            "price_fair": 16.8,
            "eps_avg_yearly": 0.48,
            "eps_latest_yearly": 0.48,
            "eps_growth_yearly": 560
        },
        "20153": {
            "year_quarter": 20153,
            "year": 2015,
            "quarter": 3,
            "eps": 0.08,
            "eps_growth_year": null,
            "eps_4q": -0.48,
            "eps_4q_growth_year": -3843.54,
            "roe": 0.74,
            "roe_4q": -4.13,
            "gross_profit": 47797,
            "gross_margin": 28.53,
            "gross_margin_4q_avg": 24.08,
            "net_income": 6542,
            "net_income_4q": null,
            "revenue": 167561,
            "revenue_4q": null,
            "common_shares": 785978,
            "book_valuer_per_share": 11.33,
            "book_valuer_per_share_4q_avg": 11.28,
            "equity": 890134,
            "current_ratio": 219.66,
            "debt_ratio": 53.94,
            "inventory_turnover_ratio": 0.31,
            "account_receivable_turnover_ratio": 0.34,
            "reinvestment_rate": null,
            "research_to_sale_ratio": 20.69,
            "price_fair": 16.8,
            "eps_avg_yearly": 0.48,
            "eps_latest_yearly": 0.48,
            "eps_growth_yearly": 560
        },
        "20154": {
            "year_quarter": 20154,
            "year": 2015,
            "quarter": 4,
            "eps": 0.57,
            "eps_growth_year": null,
            "eps_4q": 0.67,
            "eps_4q_growth_year": null,
            "roe": 4.89,
            "roe_4q": 5.83,
            "gross_profit": 122656,
            "gross_margin": 30.35,
            "gross_margin_4q_avg": 29.79,
            "net_income": 44615,
            "net_income_4q": null,
            "revenue": 404189,
            "revenue_4q": null,
            "common_shares": 785978,
            "book_valuer_per_share": 11.88,
            "book_valuer_per_share_4q_avg": 11.44,
            "equity": 933385,
            "current_ratio": 208.36,
            "debt_ratio": 55.23,
            "inventory_turnover_ratio": 0.66,
            "account_receivable_turnover_ratio": 0.64,
            "reinvestment_rate": null,
            "research_to_sale_ratio": 10.31,
            "price_fair": 48.3,
            "eps_avg_yearly": 1.38,
            "eps_latest_yearly": 2.28,
            "eps_growth_yearly": 1505
        },
        "20161": {
            "year_quarter": 20161,
            "year": 2016,
            "quarter": 1,
            "eps": -0.25,
            "eps_growth_year": -350,
            "eps_4q": 0.33,
            "eps_4q_growth_year": null,
            "roe": -2.09,
            "roe_4q": 2.83,
            "gross_profit": 43327,
            "gross_margin": 18.61,
            "gross_margin_4q_avg": 28.51,
            "net_income": -19283,
            "net_income_4q": null,
            "revenue": 232759,
            "revenue_4q": null,
            "common_shares": 785978,
            "book_valuer_per_share": 11.62,
            "book_valuer_per_share_4q_avg": 11.52,
            "equity": 913610,
            "current_ratio": 226.96,
            "debt_ratio": 52.21,
            "inventory_turnover_ratio": 0.44,
            "account_receivable_turnover_ratio": 0.36,
            "reinvestment_rate": null,
            "research_to_sale_ratio": 14.55,
            "price_fair": 48.3,
            "eps_avg_yearly": 1.38,
            "eps_latest_yearly": 2.28,
            "eps_growth_yearly": 1505
        },
        "20162": {
            "year_quarter": 20162,
            "year": 2016,
            "quarter": 2,
            "eps": -0.21,
            "eps_growth_year": null,
            "eps_4q": 0.19,
            "eps_4q_growth_year": null,
            "roe": -1.84,
            "roe_4q": 1.7,
            "gross_profit": 88228,
            "gross_margin": 25.03,
            "gross_margin_4q_avg": 25.63,
            "net_income": -16684,
            "net_income_4q": null,
            "revenue": 352499,
            "revenue_4q": null,
            "common_shares": 785978,
            "book_valuer_per_share": 11.4,
            "book_valuer_per_share_4q_avg": 11.56,
            "equity": 896123,
            "current_ratio": 198.07,
            "debt_ratio": 57.3,
            "inventory_turnover_ratio": 0.51,
            "account_receivable_turnover_ratio": 0.53,
            "reinvestment_rate": null,
            "research_to_sale_ratio": 10.82,
            "price_fair": 48.3,
            "eps_avg_yearly": 1.38,
            "eps_latest_yearly": 2.28,
            "eps_growth_yearly": 1505
        },
        "20163": {
            "year_quarter": 20163,
            "year": 2016,
            "quarter": 3,
            "eps": -0.57,
            "eps_growth_year": -812.5,
            "eps_4q": -0.46,
            "eps_4q_growth_year": null,
            "roe": -5.11,
            "roe_4q": -4.1499999999999995,
            "gross_profit": 44474,
            "gross_margin": 17.95,
            "gross_margin_4q_avg": 22.99,
            "net_income": -44661,
            "net_income_4q": null,
            "revenue": 247782,
            "revenue_4q": null,
            "common_shares": 785978,
            "book_valuer_per_share": 10.82,
            "book_valuer_per_share_4q_avg": 11.43,
            "equity": 850231,
            "current_ratio": 137.32,
            "debt_ratio": 63.93,
            "inventory_turnover_ratio": 0.36,
            "account_receivable_turnover_ratio": 0.36,
            "reinvestment_rate": null,
            "research_to_sale_ratio": 14.76,
            "price_fair": 48.3,
            "eps_avg_yearly": 1.38,
            "eps_latest_yearly": 2.28,
            "eps_growth_yearly": 1505
        },
        "20164": {
            "year_quarter": 20164,
            "year": 2016,
            "quarter": 4,
            "eps": 1.13,
            "eps_growth_year": 99.14,
            "eps_4q": 0.1,
            "eps_4q_growth_year": -84.46,
            "roe": 9.94,
            "roe_4q": 0.8999999999999995,
            "gross_profit": 144216,
            "gross_margin": 25.12,
            "gross_margin_4q_avg": 21.68,
            "net_income": 88845,
            "net_income_4q": null,
            "revenue": 574081,
            "revenue_4q": null,
            "common_shares": 785978,
            "book_valuer_per_share": 11.93,
            "book_valuer_per_share_4q_avg": 11.44,
            "equity": 937937,
            "current_ratio": 175.4,
            "debt_ratio": 50.61,
            "inventory_turnover_ratio": 1,
            "account_receivable_turnover_ratio": 0.93,
            "reinvestment_rate": null,
            "research_to_sale_ratio": 7.45,
            "price_fair": 48.3,
            "eps_avg_yearly": 1.38,
            "eps_latest_yearly": 2.28,
            "eps_growth_yearly": 1505
        },
        "20171": {
            "year_quarter": 20171,
            "year": 2017,
            "quarter": 1,
            "eps": -0.91,
            "eps_growth_year": null,
            "eps_4q": -0.56,
            "eps_4q_growth_year": -271.42,
            "roe": -7.91,
            "roe_4q": -4.920000000000001,
            "gross_profit": 45526,
            "gross_margin": 24.42,
            "gross_margin_4q_avg": 23.13,
            "net_income": -71590,
            "net_income_4q": null,
            "revenue": 186462,
            "revenue_4q": null,
            "common_shares": 790523,
            "book_valuer_per_share": 11.03,
            "book_valuer_per_share_4q_avg": 11.3,
            "equity": 872224,
            "current_ratio": 176.79,
            "debt_ratio": 51.26,
            "inventory_turnover_ratio": 0.47,
            "account_receivable_turnover_ratio": 0.31,
            "reinvestment_rate": null,
            "research_to_sale_ratio": 19.46,
            "price_fair": 48.3,
            "eps_avg_yearly": 1.38,
            "eps_latest_yearly": 2.28,
            "eps_growth_yearly": 1505
        },
        "20172": {
            "year_quarter": 20172,
            "year": 2017,
            "quarter": 2,
            "eps": -0.37,
            "eps_growth_year": null,
            "eps_4q": -0.71,
            "eps_4q_growth_year": -468.43,
            "roe": -3.37,
            "roe_4q": -6.450000000000002,
            "gross_profit": 35420,
            "gross_margin": 22.83,
            "gross_margin_4q_avg": 22.58,
            "net_income": -28882,
            "net_income_4q": null,
            "revenue": 155119,
            "revenue_4q": null,
            "common_shares": 790523,
            "book_valuer_per_share": 10.68,
            "book_valuer_per_share_4q_avg": 11.12,
            "equity": 844006,
            "current_ratio": 162.6,
            "debt_ratio": 55.17,
            "inventory_turnover_ratio": 0.34,
            "account_receivable_turnover_ratio": 0.26,
            "reinvestment_rate": null,
            "research_to_sale_ratio": 29.62,
            "price_fair": 48.3,
            "eps_avg_yearly": 1.38,
            "eps_latest_yearly": 2.28,
            "eps_growth_yearly": 1505
        },
        "20173": {
            "year_quarter": 20173,
            "year": 2017,
            "quarter": 3,
            "eps": -0.39,
            "eps_growth_year": null,
            "eps_4q": -0.54,
            "eps_4q_growth_year": null,
            "roe": -3.71,
            "roe_4q": -5.050000000000001,
            "gross_profit": 28555,
            "gross_margin": 11.93,
            "gross_margin_4q_avg": 21.08,
            "net_income": -30764,
            "net_income_4q": null,
            "revenue": 239352,
            "revenue_4q": null,
            "common_shares": 790523,
            "book_valuer_per_share": 10.29,
            "book_valuer_per_share_4q_avg": 10.98,
            "equity": 813719,
            "current_ratio": 159.59,
            "debt_ratio": 53.27,
            "inventory_turnover_ratio": 0.54,
            "account_receivable_turnover_ratio": 0.39,
            "reinvestment_rate": null,
            "research_to_sale_ratio": 17.94,
            "price_fair": 48.3,
            "eps_avg_yearly": 1.38,
            "eps_latest_yearly": 2.28,
            "eps_growth_yearly": 1505
        },
        "20174": {
            "year_quarter": 20174,
            "year": 2017,
            "quarter": 4,
            "eps": 0.03,
            "eps_growth_year": -97.26,
            "eps_4q": -1.63,
            "eps_4q_growth_year": -1658.35,
            "roe": 0.3,
            "roe_4q": -14.690000000000001,
            "gross_profit": 121491,
            "gross_margin": 26.58,
            "gross_margin_4q_avg": 21.44,
            "net_income": 2446,
            "net_income_4q": null,
            "revenue": 457106,
            "revenue_4q": null,
            "common_shares": 790523,
            "book_valuer_per_share": 10.32,
            "book_valuer_per_share_4q_avg": 10.58,
            "equity": 816026,
            "current_ratio": 157.23,
            "debt_ratio": 60.68,
            "inventory_turnover_ratio": 0.76,
            "account_receivable_turnover_ratio": 0.64,
            "reinvestment_rate": null,
            "research_to_sale_ratio": 11.79,
            "price_fair": 48.3,
            "eps_avg_yearly": 1.38,
            "eps_latest_yearly": 2.28,
            "eps_growth_yearly": 1505
        },
        "20181": {
            "year_quarter": 20181,
            "year": 2018,
            "quarter": 1,
            "eps": -0.13,
            "eps_growth_year": null,
            "eps_4q": -0.86,
            "eps_4q_growth_year": null,
            "roe": -1.3,
            "roe_4q": -8.08,
            "gross_profit": 76465,
            "gross_margin": 24.67,
            "gross_margin_4q_avg": 21.5,
            "net_income": -10535,
            "net_income_4q": null,
            "revenue": 309937,
            "revenue_4q": null,
            "common_shares": 790523,
            "book_valuer_per_share": 10.2,
            "book_valuer_per_share_4q_avg": 10.37,
            "equity": 805962,
            "current_ratio": 142.08,
            "debt_ratio": 63.28,
            "inventory_turnover_ratio": 0.45,
            "account_receivable_turnover_ratio": 0.38,
            "reinvestment_rate": null,
            "research_to_sale_ratio": 13.52,
            "price_fair": 48.3,
            "eps_avg_yearly": 1.38,
            "eps_latest_yearly": 2.28,
            "eps_growth_yearly": 1505
        },
        "20182": {
            "year_quarter": 20182,
            "year": 2018,
            "quarter": 2,
            "eps": 0.23,
            "eps_growth_year": null,
            "eps_4q": -0.26,
            "eps_4q_growth_year": null,
            "roe": 2.26,
            "roe_4q": -2.45,
            "gross_profit": 65991,
            "gross_margin": 21.14,
            "gross_margin_4q_avg": 21.08,
            "net_income": 18435,
            "net_income_4q": null,
            "revenue": 312155,
            "revenue_4q": null,
            "common_shares": 790523,
            "book_valuer_per_share": 10.43,
            "book_valuer_per_share_4q_avg": 10.31,
            "equity": 824244,
            "current_ratio": 158.14,
            "debt_ratio": 59.76,
            "inventory_turnover_ratio": 0.51,
            "account_receivable_turnover_ratio": 0.38,
            "reinvestment_rate": null,
            "research_to_sale_ratio": 17.01,
            "price_fair": 79.8,
            "eps_avg_yearly": 2.28,
            "eps_latest_yearly": 2.28,
            "eps_growth_yearly": 2450
        },
        "20183": {
            "year_quarter": 20183,
            "year": 2018,
            "quarter": 3,
            "eps": 0.4,
            "eps_growth_year": null,
            "eps_4q": 0.53,
            "eps_4q_growth_year": null,
            "roe": 3.75,
            "roe_4q": 5.01,
            "gross_profit": 108287,
            "gross_margin": 21.35,
            "gross_margin_4q_avg": 23.44,
            "net_income": 31452,
            "net_income_4q": null,
            "revenue": 507148,
            "revenue_4q": null,
            "common_shares": 790523,
            "book_valuer_per_share": 10.81,
            "book_valuer_per_share_4q_avg": 10.44,
            "equity": 854641,
            "current_ratio": 153.46,
            "debt_ratio": 65.68,
            "inventory_turnover_ratio": 0.87,
            "account_receivable_turnover_ratio": 0.6,
            "reinvestment_rate": null,
            "research_to_sale_ratio": 9.56,
            "price_fair": 67.9,
            "eps_avg_yearly": 1.94,
            "eps_latest_yearly": 1.6,
            "eps_growth_yearly": 1372.83
        },
        "20184": {
            "year_quarter": 20184,
            "year": 2018,
            "quarter": 4,
            "eps": 0.57,
            "eps_growth_year": 1733.74,
            "eps_4q": 1.07,
            "eps_4q_growth_year": null,
            "roe": 5.11,
            "roe_4q": 9.819999999999999,
            "gross_profit": 135925,
            "gross_margin": 33.27,
            "gross_margin_4q_avg": 25.11,
            "net_income": 44854,
            "net_income_4q": null,
            "revenue": 408510,
            "revenue_4q": null,
            "common_shares": 790523,
            "book_valuer_per_share": 11.38,
            "book_valuer_per_share_4q_avg": 10.71,
            "equity": 899514,
            "current_ratio": 151.01,
            "debt_ratio": 68.27,
            "inventory_turnover_ratio": 0.45,
            "account_receivable_turnover_ratio": 0.48,
            "reinvestment_rate": -772.17,
            "research_to_sale_ratio": 12.86,
            "price_fair": 71.87,
            "eps_avg_yearly": 2.05,
            "eps_latest_yearly": 2.28,
            "eps_growth_yearly": 971.88
        },
        "20191": {
            "year_quarter": 20191,
            "year": 2019,
            "quarter": 1,
            "eps": 1.62,
            "eps_growth_year": null,
            "eps_4q": 2.81,
            "eps_4q_growth_year": null,
            "roe": 13.26,
            "roe_4q": 24.380000000000003,
            "gross_profit": 233708,
            "gross_margin": 29.69,
            "gross_margin_4q_avg": 26.36,
            "net_income": 127774,
            "net_income_4q": null,
            "revenue": 787145,
            "revenue_4q": null,
            "common_shares": 790523,
            "book_valuer_per_share": 13,
            "book_valuer_per_share_4q_avg": 11.41,
            "equity": 1027887,
            "current_ratio": 170.87,
            "debt_ratio": 62.31,
            "inventory_turnover_ratio": 0.86,
            "account_receivable_turnover_ratio": 0.82,
            "reinvestment_rate": -104.13,
            "research_to_sale_ratio": 6.69,
            "price_fair": 110.6,
            "eps_avg_yearly": 3.16,
            "eps_latest_yearly": 6.48,
            "eps_growth_yearly": 913.12
        },
        "20192": {
            "year_quarter": 20192,
            "year": 2019,
            "quarter": 2,
            "eps": 0.69,
            "eps_growth_year": 200,
            "eps_4q": 3.28,
            "eps_4q_growth_year": null,
            "roe": 5.2,
            "roe_4q": 27.32,
            "gross_profit": 162213,
            "gross_margin": 28.51,
            "gross_margin_4q_avg": 28.21,
            "net_income": 54883,
            "net_income_4q": null,
            "revenue": 569005,
            "revenue_4q": null,
            "common_shares": 790523,
            "book_valuer_per_share": 13.69,
            "book_valuer_per_share_4q_avg": 12.22,
            "equity": 1082387,
            "current_ratio": 217.38,
            "debt_ratio": 52.88,
            "inventory_turnover_ratio": 0.92,
            "account_receivable_turnover_ratio": 0.57,
            "reinvestment_rate": -66.78,
            "research_to_sale_ratio": 8.51,
            "price_fair": 107.8,
            "eps_avg_yearly": 3.08,
            "eps_latest_yearly": 2.76,
            "eps_growth_yearly": 684.57
        },
        "20193": {
            "year_quarter": 20193,
            "year": 2019,
            "quarter": 3,
            "eps": 0.03,
            "eps_growth_year": -92.5,
            "eps_4q": 2.91,
            "eps_4q_growth_year": 449.93,
            "roe": 0.22,
            "roe_4q": 23.79,
            "gross_profit": 64001,
            "gross_margin": 29.57,
            "gross_margin_4q_avg": 30.26,
            "net_income": 2350,
            "net_income_4q": null,
            "revenue": 216413,
            "revenue_4q": null,
            "common_shares": 790523,
            "book_valuer_per_share": 13.71,
            "book_valuer_per_share_4q_avg": 12.95,
            "equity": 1083890,
            "current_ratio": 222.09,
            "debt_ratio": 51.86,
            "inventory_turnover_ratio": 0.46,
            "account_receivable_turnover_ratio": 0.25,
            "reinvestment_rate": -62.89,
            "research_to_sale_ratio": 20.44,
            "price_fair": 90.53,
            "eps_avg_yearly": 2.59,
            "eps_latest_yearly": 0.12,
            "eps_growth_yearly": 506.71
        },
        "20194": {
            "year_quarter": 20194,
            "year": 2019,
            "quarter": 4,
            "eps": -0.87,
            "eps_growth_year": -252.79,
            "eps_4q": 1.47,
            "eps_4q_growth_year": 38.32,
            "roe": -6.53,
            "roe_4q": 12.149999999999999,
            "gross_profit": 59403,
            "gross_margin": 30.73,
            "gross_margin_4q_avg": 29.63,
            "net_income": -68534,
            "net_income_4q": null,
            "revenue": 193293,
            "revenue_4q": null,
            "common_shares": 790523,
            "book_valuer_per_share": 12.84,
            "book_valuer_per_share_4q_avg": 13.31,
            "equity": 1015167,
            "current_ratio": 208.28,
            "debt_ratio": 53.67,
            "inventory_turnover_ratio": 0.4,
            "account_receivable_turnover_ratio": 0.25,
            "reinvestment_rate": -134.45,
            "research_to_sale_ratio": 19.91,
            "price_fair": 92.68,
            "eps_avg_yearly": 2.65,
            "eps_latest_yearly": 0.12,
            "eps_growth_yearly": 118.05
        },
        "20201": {
            "year_quarter": 20201,
            "year": 2020,
            "quarter": 1,
            "eps": 0.48,
            "eps_growth_year": -70.37,
            "eps_4q": 0.34,
            "eps_4q_growth_year": -87.96,
            "roe": 3.68,
            "roe_4q": 2.5700000000000003,
            "gross_profit": 95012,
            "gross_margin": 29.85,
            "gross_margin_4q_avg": 29.67,
            "net_income": 38092,
            "net_income_4q": null,
            "revenue": 318313,
            "revenue_4q": null,
            "common_shares": 790523,
            "book_valuer_per_share": 13.32,
            "book_valuer_per_share_4q_avg": 13.39,
            "equity": 1053016,
            "current_ratio": 217.4,
            "debt_ratio": 51.74,
            "inventory_turnover_ratio": 0.74,
            "account_receivable_turnover_ratio": 0.42,
            "reinvestment_rate": -72.11,
            "research_to_sale_ratio": 12.07,
            "price_fair": 92.68,
            "eps_avg_yearly": 2.65,
            "eps_latest_yearly": 0.12,
            "eps_growth_yearly": 118.05
        },
        "20202": {
            "year_quarter": 20202,
            "year": 2020,
            "quarter": 2,
            "eps": -0.11,
            "eps_growth_year": -115.94,
            "eps_4q": -0.47,
            "eps_4q_growth_year": -114.2,
            "roe": -0.84,
            "roe_4q": -3.4699999999999998,
            "gross_profit": 45045,
            "gross_margin": 19.89,
            "gross_margin_4q_avg": 27.51,
            "net_income": -8672,
            "net_income_4q": null,
            "revenue": 226521,
            "revenue_4q": null,
            "common_shares": 790523,
            "book_valuer_per_share": 12.7,
            "book_valuer_per_share_4q_avg": 13.14,
            "equity": 1004244,
            "current_ratio": 206.63,
            "debt_ratio": 54.06,
            "inventory_turnover_ratio": 0.72,
            "account_receivable_turnover_ratio": 0.28,
            "reinvestment_rate": -26.67,
            "research_to_sale_ratio": 14.92,
            "price_fair": 92.68,
            "eps_avg_yearly": 2.65,
            "eps_latest_yearly": 0.12,
            "eps_growth_yearly": 118.05
        },
        "20203": {
            "year_quarter": 20203,
            "year": 2020,
            "quarter": 3,
            "eps": -0.55,
            "eps_growth_year": -1933.33,
            "eps_4q": -1.04,
            "eps_4q_growth_year": -135.85,
            "roe": -4.4,
            "roe_4q": -8.09,
            "gross_profit": 5825,
            "gross_margin": 2.78,
            "gross_margin_4q_avg": 20.81,
            "net_income": -43286,
            "net_income_4q": null,
            "revenue": 209605,
            "revenue_4q": null,
            "common_shares": 790523,
            "book_valuer_per_share": 12.16,
            "book_valuer_per_share_4q_avg": 12.76,
            "equity": 961604,
            "current_ratio": 182.7,
            "debt_ratio": 58.2,
            "inventory_turnover_ratio": 0.81,
            "account_receivable_turnover_ratio": 0.27,
            "reinvestment_rate": -14.92,
            "research_to_sale_ratio": 16.56,
            "price_fair": 92.68,
            "eps_avg_yearly": 2.65,
            "eps_latest_yearly": 0.12,
            "eps_growth_yearly": 118.05
        },
        "20204": {
            "year_quarter": 20204,
            "year": 2020,
            "quarter": 4,
            "eps": -1.11,
            "eps_growth_year": null,
            "eps_4q": -1.29,
            "eps_4q_growth_year": -187.38,
            "roe": -9.57,
            "roe_4q": -11.13,
            "gross_profit": 89297,
            "gross_margin": 23.07,
            "gross_margin_4q_avg": 18.9,
            "net_income": -87907,
            "net_income_4q": null,
            "revenue": 387064,
            "revenue_4q": null,
            "common_shares": 790523,
            "book_valuer_per_share": 11.06,
            "book_valuer_per_share_4q_avg": 12.31,
            "equity": 874711,
            "current_ratio": 162.37,
            "debt_ratio": 63.27,
            "inventory_turnover_ratio": 1.03,
            "account_receivable_turnover_ratio": 0.56,
            "reinvestment_rate": null,
            "research_to_sale_ratio": 9.69,
            "price_fair": 92.68,
            "eps_avg_yearly": 2.65,
            "eps_latest_yearly": 0.12,
            "eps_growth_yearly": 118.05
        },
        "20211": {
            "year_quarter": 20211,
            "year": 2021,
            "quarter": 1,
            "eps": 0.71,
            "eps_growth_year": 47.92,
            "eps_4q": -1.06,
            "eps_4q_growth_year": -413.83,
            "roe": 6.18,
            "roe_4q": -8.63,
            "gross_profit": 130006,
            "gross_margin": 26.06,
            "gross_margin_4q_avg": 17.95,
            "net_income": 55787,
            "net_income_4q": null,
            "revenue": 498799,
            "revenue_4q": null,
            "common_shares": 790523,
            "book_valuer_per_share": 11.77,
            "book_valuer_per_share_4q_avg": 11.92,
            "equity": 930323,
            "current_ratio": 183.98,
            "debt_ratio": 57.47,
            "inventory_turnover_ratio": 1.56,
            "account_receivable_turnover_ratio": 0.83,
            "reinvestment_rate": -3.67,
            "research_to_sale_ratio": 7.28,
            "price_fair": 92.68,
            "eps_avg_yearly": 2.65,
            "eps_latest_yearly": 0.12,
            "eps_growth_yearly": 118.05
        },
        "20212": {
            "year_quarter": 20212,
            "year": 2021,
            "quarter": 2,
            "eps": -0.18,
            "eps_growth_year": null,
            "eps_4q": -1.14,
            "eps_4q_growth_year": null,
            "roe": -1.58,
            "roe_4q": -9.370000000000001,
            "gross_profit": 67557,
            "gross_margin": 28.89,
            "gross_margin_4q_avg": 20.2,
            "net_income": -14609,
            "net_income_4q": null,
            "revenue": 233821,
            "revenue_4q": null,
            "common_shares": 790523,
            "book_valuer_per_share": 11.58,
            "book_valuer_per_share_4q_avg": 11.64,
            "equity": 915482,
            "current_ratio": 180.1,
            "debt_ratio": 57.82,
            "inventory_turnover_ratio": 0.79,
            "account_receivable_turnover_ratio": 0.49,
            "reinvestment_rate": 4.46,
            "research_to_sale_ratio": 16.85,
            "price_fair": 92.68,
            "eps_avg_yearly": 2.65,
            "eps_latest_yearly": 0.12,
            "eps_growth_yearly": 118.05
        },
        "20213": {
            "year_quarter": 20213,
            "year": 2021,
            "quarter": 3,
            "eps": 0.11,
            "eps_growth_year": null,
            "eps_4q": -0.48,
            "eps_4q_growth_year": null,
            "roe": 0.96,
            "roe_4q": -4.010000000000001,
            "gross_profit": 73975,
            "gross_margin": 25.77,
            "gross_margin_4q_avg": 25.95,
            "net_income": 8784,
            "net_income_4q": null,
            "revenue": 287074,
            "revenue_4q": null,
            "common_shares": 790523,
            "book_valuer_per_share": 11.69,
            "book_valuer_per_share_4q_avg": 11.53,
            "equity": 924129,
            "current_ratio": 176.69,
            "debt_ratio": 58.3,
            "inventory_turnover_ratio": 0.82,
            "account_receivable_turnover_ratio": 0.81,
            "reinvestment_rate": 6,
            "research_to_sale_ratio": 14.21,
            "price_fair": 92.68,
            "eps_avg_yearly": 2.65,
            "eps_latest_yearly": 0.12,
            "eps_growth_yearly": 118.05
        },
        "20214": {
            "year_quarter": 20214,
            "year": 2021,
            "quarter": 4,
            "eps": 0.59,
            "eps_growth_year": null,
            "eps_4q": 1.22,
            "eps_4q_growth_year": null,
            "roe": 4.94,
            "roe_4q": 10.5,
            "gross_profit": 121252,
            "gross_margin": 31.13,
            "gross_margin_4q_avg": 27.96,
            "net_income": 46849,
            "net_income_4q": null,
            "revenue": 389560,
            "revenue_4q": null,
            "common_shares": 790523,
            "book_valuer_per_share": 12.29,
            "book_valuer_per_share_4q_avg": 11.83,
            "equity": 971187,
            "current_ratio": 184.75,
            "debt_ratio": 55.95,
            "inventory_turnover_ratio": 0.96,
            "account_receivable_turnover_ratio": 1.21,
            "reinvestment_rate": 19.12,
            "research_to_sale_ratio": 11.99,
            "price_fair": 91,
            "eps_avg_yearly": 2.6,
            "eps_latest_yearly": 2.36,
            "eps_growth_yearly": 389.29
        },
        "20221": {
            "year_quarter": 20221,
            "year": 2022,
            "quarter": 1,
            "eps": 1.09,
            "eps_growth_year": 53.52,
            "eps_4q": 1.61,
            "eps_4q_growth_year": null,
            "roe": 8.47,
            "roe_4q": 12.790000000000001,
            "gross_profit": 153173,
            "gross_margin": 40.62,
            "gross_margin_4q_avg": 31.6,
            "net_income": 85952,
            "net_income_4q": null,
            "revenue": 377093,
            "revenue_4q": null,
            "common_shares": 790523,
            "book_valuer_per_share": 13.39,
            "book_valuer_per_share_4q_avg": 12.24,
            "equity": 1058458,
            "current_ratio": 200.61,
            "debt_ratio": 52.17,
            "inventory_turnover_ratio": 0.7,
            "account_receivable_turnover_ratio": 0.97,
            "reinvestment_rate": -18.62,
            "research_to_sale_ratio": 14.32,
            "price_fair": 99.8,
            "eps_avg_yearly": 2.85,
            "eps_latest_yearly": 4.36,
            "eps_growth_yearly": 382.1
        },
        "20222": {
            "year_quarter": 20222,
            "year": 2022,
            "quarter": 2,
            "eps": 1.03,
            "eps_growth_year": null,
            "eps_4q": 2.82,
            "eps_4q_growth_year": null,
            "roe": 7.53,
            "roe_4q": 21.900000000000002,
            "gross_profit": 169023,
            "gross_margin": 37.06,
            "gross_margin_4q_avg": 33.65,
            "net_income": 81283,
            "net_income_4q": null,
            "revenue": 456030,
            "revenue_4q": null,
            "common_shares": 790523,
            "book_valuer_per_share": 13.91,
            "book_valuer_per_share_4q_avg": 12.82,
            "equity": 1099578,
            "current_ratio": 194.66,
            "debt_ratio": 52.71,
            "inventory_turnover_ratio": 0.84,
            "account_receivable_turnover_ratio": 0.89,
            "reinvestment_rate": -14.26,
            "research_to_sale_ratio": 13.07,
            "price_fair": 105.35,
            "eps_avg_yearly": 3.01,
            "eps_latest_yearly": 4.12,
            "eps_growth_yearly": 331.58
        },
        "20223": {
            "year_quarter": 20223,
            "year": 2022,
            "quarter": 3,
            "eps": 1.36,
            "eps_growth_year": 1136.36,
            "eps_4q": 4.07,
            "eps_4q_growth_year": null,
            "roe": 9.33,
            "roe_4q": 30.27,
            "gross_profit": 170912,
            "gross_margin": 40.79,
            "gross_margin_4q_avg": 37.4,
            "net_income": 107648,
            "net_income_4q": null,
            "revenue": 418956,
            "revenue_4q": null,
            "common_shares": 790523,
            "book_valuer_per_share": 15.28,
            "book_valuer_per_share_4q_avg": 13.72,
            "equity": 1207580,
            "current_ratio": 221.38,
            "debt_ratio": 47.3,
            "inventory_turnover_ratio": 0.84,
            "account_receivable_turnover_ratio": 0.82,
            "reinvestment_rate": -12.36,
            "research_to_sale_ratio": 15.01,
            "price_fair": 122.15,
            "eps_avg_yearly": 3.49,
            "eps_latest_yearly": 5.44,
            "eps_growth_yearly": 310.65
        },
        "20224": {
            "year_quarter": 20224,
            "year": 2022,
            "quarter": 4,
            "eps": 0.1,
            "eps_growth_year": -82.71,
            "eps_4q": 3.58,
            "eps_4q_growth_year": 192.3,
            "roe": 0.67,
            "roe_4q": 26,
            "gross_profit": 100625,
            "gross_margin": 44.65,
            "gross_margin_4q_avg": 40.78,
            "net_income": 8098,
            "net_income_4q": null,
            "revenue": 225350,
            "revenue_4q": null,
            "common_shares": 790523,
            "book_valuer_per_share": 15.38,
            "book_valuer_per_share_4q_avg": 14.49,
            "equity": 1215627,
            "current_ratio": 194.67,
            "debt_ratio": 41.52,
            "inventory_turnover_ratio": 0.57,
            "account_receivable_turnover_ratio": 0.51,
            "reinvestment_rate": -7.67,
            "research_to_sale_ratio": 21.54,
            "price_fair": 113.93,
            "eps_avg_yearly": 3.26,
            "eps_latest_yearly": 0.4,
            "eps_growth_yearly": 243.07
        },
        "20231": {
            "year_quarter": 20231,
            "year": 2023,
            "quarter": 1,
            "eps": -0.01,
            "eps_growth_year": -100.92,
            "eps_4q": 2.48,
            "eps_4q_growth_year": 54.45,
            "roe": -0.08,
            "roe_4q": 17.45,
            "gross_profit": 74550,
            "gross_margin": 43.76,
            "gross_margin_4q_avg": 41.57,
            "net_income": -915,
            "net_income_4q": null,
            "revenue": 170376,
            "revenue_4q": null,
            "common_shares": 790523,
            "book_valuer_per_share": 15.37,
            "book_valuer_per_share_4q_avg": 14.99,
            "equity": 1214876,
            "current_ratio": 213.5,
            "debt_ratio": 37.12,
            "inventory_turnover_ratio": 0.6,
            "account_receivable_turnover_ratio": 0.38,
            "reinvestment_rate": -4.81,
            "research_to_sale_ratio": 29.02,
            "price_fair": 97.8,
            "eps_avg_yearly": 2.79,
            "eps_latest_yearly": 0.4,
            "eps_growth_yearly": 172.54
        },
        "20232": {
            "year_quarter": 20232,
            "year": 2023,
            "quarter": 2,
            "eps": -0.45,
            "eps_growth_year": -143.69,
            "eps_4q": 1.01,
            "eps_4q_growth_year": -64.3,
            "roe": -3.05,
            "roe_4q": 6.87,
            "gross_profit": 15311,
            "gross_margin": 31.03,
            "gross_margin_4q_avg": 40.06,
            "net_income": -35264,
            "net_income_4q": null,
            "revenue": 49341,
            "revenue_4q": null,
            "common_shares": 790523,
            "book_valuer_per_share": 13.91,
            "book_valuer_per_share_4q_avg": 14.99,
            "equity": 1099493,
            "current_ratio": 196.49,
            "debt_ratio": 39.01,
            "inventory_turnover_ratio": 0.22,
            "account_receivable_turnover_ratio": 0.12,
            "reinvestment_rate": -7.86,
            "research_to_sale_ratio": 103.07,
            "price_fair": 98,
            "eps_avg_yearly": 2.8,
            "eps_latest_yearly": 0.4,
            "eps_growth_yearly": 239.56
        },
        "20233": {
            "year_quarter": 20233,
            "year": 2023,
            "quarter": 3,
            "eps": 0.67,
            "eps_growth_year": -50.74,
            "eps_4q": 0.31,
            "eps_4q_growth_year": -92.3,
            "roe": 4.69,
            "roe_4q": 2.2300000000000004,
            "gross_profit": 99864,
            "gross_margin": 52.34,
            "gross_margin_4q_avg": 42.95,
            "net_income": 52840,
            "net_income_4q": null,
            "revenue": 190809,
            "revenue_4q": null,
            "common_shares": 790523,
            "book_valuer_per_share": 14.6,
            "book_valuer_per_share_4q_avg": 14.82,
            "equity": 1153970,
            "current_ratio": 229.02,
            "debt_ratio": 33.33,
            "inventory_turnover_ratio": 0.6,
            "account_receivable_turnover_ratio": 0.52,
            "reinvestment_rate": -8.14,
            "research_to_sale_ratio": 23.83,
            "price_fair": 116.76,
            "eps_avg_yearly": 3.34,
            "eps_latest_yearly": 0.4,
            "eps_growth_yearly": 364
        },
        "20234": {
            "year_quarter": 20234,
            "year": 2023,
            "quarter": 4,
            "eps": -0.63,
            "eps_growth_year": -713.26,
            "eps_4q": -0.42,
            "eps_4q_growth_year": -111.66,
            "roe": -4.4,
            "roe_4q": -2.84,
            "gross_profit": 13227,
            "gross_margin": 37.63,
            "gross_margin_4q_avg": 41.19,
            "net_income": -49662,
            "net_income_4q": null,
            "revenue": 35149,
            "revenue_4q": null,
            "common_shares": 790523,
            "book_valuer_per_share": 13.95,
            "book_valuer_per_share_4q_avg": 14.46,
            "equity": 1102737,
            "current_ratio": 371.8,
            "debt_ratio": 33.72,
            "inventory_turnover_ratio": 0.13,
            "account_receivable_turnover_ratio": 0.13,
            "reinvestment_rate": -6.93,
            "research_to_sale_ratio": 117.18,
            "price_fair": 116.76,
            "eps_avg_yearly": 3.34,
            "eps_latest_yearly": 0.4,
            "eps_growth_yearly": 364
        }
    },
    "months": {
        "2006-12": {
            "month": "2006-12",
            "price": "50.43",
            "revenue": 31350
        },
        "2007-01": {
            "month": "2007-01",
            "price": "49.87",
            "revenue": 6000
        },
        "2007-02": {
            "month": "2007-02",
            "price": "45.37",
            "revenue": 12500
        },
        "2007-03": {
            "month": "2007-03",
            "price": "46.21",
            "revenue": 43060
        },
        "2007-04": {
            "month": "2007-04",
            "price": "49.31",
            "revenue": 37550
        },
        "2007-05": {
            "month": "2007-05",
            "price": "51.87",
            "revenue": 16516
        },
        "2007-06": {
            "month": "2007-06",
            "price": "59.00",
            "revenue": 144250
        },
        "2007-07": {
            "month": "2007-07",
            "price": "58.02",
            "revenue": 47995
        },
        "2007-08": {
            "month": "2007-08",
            "price": "56.71",
            "revenue": 53750
        },
        "2007-09": {
            "month": "2007-09",
            "price": "51.72",
            "revenue": 114224
        },
        "2007-10": {
            "month": "2007-10",
            "price": "47.40",
            "revenue": 64500
        },
        "2007-11": {
            "month": "2007-11",
            "price": "42.46",
            "revenue": 60494
        },
        "2007-12": {
            "month": "2007-12",
            "price": "33.54",
            "revenue": 224674
        },
        "2008-01": {
            "month": "2008-01",
            "price": "29.40",
            "revenue": 94158
        },
        "2008-02": {
            "month": "2008-02",
            "price": "32.05",
            "revenue": 52267
        },
        "2008-03": {
            "month": "2008-03",
            "price": "38.15",
            "revenue": 104508
        },
        "2008-04": {
            "month": "2008-04",
            "price": "45.84",
            "revenue": 69850
        },
        "2008-05": {
            "month": "2008-05",
            "price": "52.03",
            "revenue": 81460
        },
        "2008-06": {
            "month": "2008-06",
            "price": "45.12",
            "revenue": 267883
        },
        "2008-07": {
            "month": "2008-07",
            "price": "39.45",
            "revenue": 87200
        },
        "2008-08": {
            "month": "2008-08",
            "price": "36.15",
            "revenue": 101661
        },
        "2008-09": {
            "month": "2008-09",
            "price": "36.00",
            "revenue": 193218
        },
        "2008-10": {
            "month": "2008-10",
            "price": "29.52",
            "revenue": 169000
        },
        "2008-11": {
            "month": "2008-11",
            "price": "22.32",
            "revenue": 47903
        },
        "2008-12": {
            "month": "2008-12",
            "price": "18.98",
            "revenue": 65022
        },
        "2009-01": {
            "month": "2009-01",
            "price": "19.34",
            "revenue": 51096
        },
        "2009-02": {
            "month": "2009-02",
            "price": "20.58",
            "revenue": 9170
        },
        "2009-03": {
            "month": "2009-03",
            "price": "25.27",
            "revenue": 19126
        },
        "2009-04": {
            "month": "2009-04",
            "price": "26.62",
            "revenue": 749
        },
        "2009-05": {
            "month": "2009-05",
            "price": "26.13",
            "revenue": 20289
        },
        "2009-06": {
            "month": "2009-06",
            "price": "25.65",
            "revenue": 468
        },
        "2009-07": {
            "month": "2009-07",
            "price": "24.43",
            "revenue": 539
        },
        "2009-08": {
            "month": "2009-08",
            "price": "19.77",
            "revenue": 49796
        },
        "2009-09": {
            "month": "2009-09",
            "price": "19.48",
            "revenue": 27514
        },
        "2009-10": {
            "month": "2009-10",
            "price": "22.00",
            "revenue": 31049
        },
        "2009-11": {
            "month": "2009-11",
            "price": "25.09",
            "revenue": 24829
        },
        "2009-12": {
            "month": "2009-12",
            "price": "27.01",
            "revenue": 39183
        },
        "2010-01": {
            "month": "2010-01",
            "price": "31.89",
            "revenue": 60822
        },
        "2010-02": {
            "month": "2010-02",
            "price": "34.12",
            "revenue": 18534
        },
        "2010-03": {
            "month": "2010-03",
            "price": "39.17",
            "revenue": 17061
        },
        "2010-04": {
            "month": "2010-04",
            "price": "41.54",
            "revenue": 83775
        },
        "2010-05": {
            "month": "2010-05",
            "price": "35.40",
            "revenue": 21329
        },
        "2010-06": {
            "month": "2010-06",
            "price": "34.48",
            "revenue": 126453
        },
        "2010-07": {
            "month": "2010-07",
            "price": "37.32",
            "revenue": 93299
        },
        "2010-08": {
            "month": "2010-08",
            "price": "38.02",
            "revenue": 157548
        },
        "2010-09": {
            "month": "2010-09",
            "price": "35.67",
            "revenue": 120334
        },
        "2010-10": {
            "month": "2010-10",
            "price": "34.92",
            "revenue": 188042
        },
        "2010-11": {
            "month": "2010-11",
            "price": "35.48",
            "revenue": 102089
        },
        "2010-12": {
            "month": "2010-12",
            "price": "37.40",
            "revenue": 47855
        },
        "2011-01": {
            "month": "2011-01",
            "price": "35.35",
            "revenue": 19725
        },
        "2011-02": {
            "month": "2011-02",
            "price": "30.74",
            "revenue": 40786
        },
        "2011-03": {
            "month": "2011-03",
            "price": "29.45",
            "revenue": 40987
        },
        "2011-04": {
            "month": "2011-04",
            "price": "30.48",
            "revenue": 65094
        },
        "2011-05": {
            "month": "2011-05",
            "price": "31.43",
            "revenue": 85292
        },
        "2011-06": {
            "month": "2011-06",
            "price": "29.08",
            "revenue": 25940
        },
        "2011-07": {
            "month": "2011-07",
            "price": "25.72",
            "revenue": 52836
        },
        "2011-08": {
            "month": "2011-08",
            "price": "17.49",
            "revenue": 2961
        },
        "2011-09": {
            "month": "2011-09",
            "price": "14.12",
            "revenue": 61669
        },
        "2011-10": {
            "month": "2011-10",
            "price": "14.03",
            "revenue": 71857
        },
        "2011-11": {
            "month": "2011-11",
            "price": "13.13",
            "revenue": 27405
        },
        "2011-12": {
            "month": "2011-12",
            "price": "10.00",
            "revenue": 3177
        },
        "2012-01": {
            "month": "2012-01",
            "price": "9.89",
            "revenue": 68209
        },
        "2012-02": {
            "month": "2012-02",
            "price": "15.88",
            "revenue": 65053
        },
        "2012-03": {
            "month": "2012-03",
            "price": "16.18",
            "revenue": 5172
        },
        "2012-04": {
            "month": "2012-04",
            "price": "13.11",
            "revenue": 5955
        },
        "2012-05": {
            "month": "2012-05",
            "price": "11.25",
            "revenue": 26589
        },
        "2012-06": {
            "month": "2012-06",
            "price": "11.20",
            "revenue": 30775
        },
        "2012-07": {
            "month": "2012-07",
            "price": "10.70",
            "revenue": 27228
        },
        "2012-08": {
            "month": "2012-08",
            "price": "10.60",
            "revenue": 32246
        },
        "2012-09": {
            "month": "2012-09",
            "price": "12.36",
            "revenue": 31279
        },
        "2012-10": {
            "month": "2012-10",
            "price": "10.96",
            "revenue": 10768
        },
        "2012-11": {
            "month": "2012-11",
            "price": "9.30",
            "revenue": 17556
        },
        "2012-12": {
            "month": "2012-12",
            "price": "10.78",
            "revenue": 3707
        },
        "2013-01": {
            "month": "2013-01",
            "price": "11.13",
            "revenue": 2796
        },
        "2013-02": {
            "month": "2013-02",
            "price": "10.82",
            "revenue": 42769
        },
        "2013-03": {
            "month": "2013-03",
            "price": "10.58",
            "revenue": 22787
        },
        "2013-04": {
            "month": "2013-04",
            "price": "10.14",
            "revenue": 44740
        },
        "2013-05": {
            "month": "2013-05",
            "price": "11.16",
            "revenue": 3532
        },
        "2013-06": {
            "month": "2013-06",
            "price": "10.79",
            "revenue": 54399
        },
        "2013-07": {
            "month": "2013-07",
            "price": "10.43",
            "revenue": 6783
        },
        "2013-08": {
            "month": "2013-08",
            "price": "9.65",
            "revenue": 79494
        },
        "2013-09": {
            "month": "2013-09",
            "price": "9.75",
            "revenue": 38081
        },
        "2013-10": {
            "month": "2013-10",
            "price": "9.73",
            "revenue": 5785
        },
        "2013-11": {
            "month": "2013-11",
            "price": "9.05",
            "revenue": 104818
        },
        "2013-12": {
            "month": "2013-12",
            "price": "10.81",
            "revenue": 13999
        },
        "2014-01": {
            "month": "2014-01",
            "price": "13.86",
            "revenue": 105225
        },
        "2014-02": {
            "month": "2014-02",
            "price": "15.79",
            "revenue": 42676
        },
        "2014-03": {
            "month": "2014-03",
            "price": "15.51",
            "revenue": 41826
        },
        "2014-04": {
            "month": "2014-04",
            "price": "14.88",
            "revenue": 37536
        },
        "2014-05": {
            "month": "2014-05",
            "price": "13.10",
            "revenue": 74652
        },
        "2014-06": {
            "month": "2014-06",
            "price": "14.75",
            "revenue": 59119
        },
        "2014-07": {
            "month": "2014-07",
            "price": "15.48",
            "revenue": 69987
        },
        "2014-08": {
            "month": "2014-08",
            "price": "15.37",
            "revenue": 28312
        },
        "2014-09": {
            "month": "2014-09",
            "price": "15.65",
            "revenue": 38614
        },
        "2014-10": {
            "month": "2014-10",
            "price": "13.71",
            "revenue": 6492
        },
        "2014-11": {
            "month": "2014-11",
            "price": "13.15",
            "revenue": 50898
        },
        "2014-12": {
            "month": "2014-12",
            "price": "13.86",
            "revenue": 185200
        },
        "2015-01": {
            "month": "2015-01",
            "price": "15.23",
            "revenue": 123913
        },
        "2015-02": {
            "month": "2015-02",
            "price": "14.58",
            "revenue": 46545
        },
        "2015-03": {
            "month": "2015-03",
            "price": "14.28",
            "revenue": 139164
        },
        "2015-04": {
            "month": "2015-04",
            "price": "13.96",
            "revenue": 72445
        },
        "2015-05": {
            "month": "2015-05",
            "price": "12.76",
            "revenue": 14698
        },
        "2015-06": {
            "month": "2015-06",
            "price": "9.89",
            "revenue": 55299
        },
        "2015-07": {
            "month": "2015-07",
            "price": "8.90",
            "revenue": 18543
        },
        "2015-08": {
            "month": "2015-08",
            "price": "7.07",
            "revenue": 99342
        },
        "2015-09": {
            "month": "2015-09",
            "price": "8.53",
            "revenue": 49676
        },
        "2015-10": {
            "month": "2015-10",
            "price": "9.67",
            "revenue": 130409
        },
        "2015-11": {
            "month": "2015-11",
            "price": "9.64",
            "revenue": 135889
        },
        "2015-12": {
            "month": "2015-12",
            "price": "9.04",
            "revenue": 137646
        },
        "2016-01": {
            "month": "2016-01",
            "price": "8.12",
            "revenue": 192966
        },
        "2016-02": {
            "month": "2016-02",
            "price": "9.18",
            "revenue": 8359
        },
        "2016-03": {
            "month": "2016-03",
            "price": "11.38",
            "revenue": 31434
        },
        "2016-04": {
            "month": "2016-04",
            "price": "13.81",
            "revenue": 106097
        },
        "2016-05": {
            "month": "2016-05",
            "price": "13.57",
            "revenue": 101425
        },
        "2016-06": {
            "month": "2016-06",
            "price": "14.19",
            "revenue": 144978
        },
        "2016-07": {
            "month": "2016-07",
            "price": "17.24",
            "revenue": 88665
        },
        "2016-08": {
            "month": "2016-08",
            "price": "17.56",
            "revenue": 89388
        },
        "2016-09": {
            "month": "2016-09",
            "price": "15.58",
            "revenue": 69729
        },
        "2016-10": {
            "month": "2016-10",
            "price": "14.08",
            "revenue": 141014
        },
        "2016-11": {
            "month": "2016-11",
            "price": "14.31",
            "revenue": 280186
        },
        "2016-12": {
            "month": "2016-12",
            "price": "16.87",
            "revenue": 152882
        },
        "2017-01": {
            "month": "2017-01",
            "price": "17.31",
            "revenue": 61055
        },
        "2017-02": {
            "month": "2017-02",
            "price": "17.31",
            "revenue": 49957
        },
        "2017-03": {
            "month": "2017-03",
            "price": "17.82",
            "revenue": 75450
        },
        "2017-04": {
            "month": "2017-04",
            "price": "14.64",
            "revenue": 28662
        },
        "2017-05": {
            "month": "2017-05",
            "price": "13.26",
            "revenue": 5167
        },
        "2017-06": {
            "month": "2017-06",
            "price": "13.32",
            "revenue": 121290
        },
        "2017-07": {
            "month": "2017-07",
            "price": "13.48",
            "revenue": 75754
        },
        "2017-08": {
            "month": "2017-08",
            "price": "12.59",
            "revenue": 95527
        },
        "2017-09": {
            "month": "2017-09",
            "price": "12.13",
            "revenue": 68071
        },
        "2017-10": {
            "month": "2017-10",
            "price": "12.11",
            "revenue": 154516
        },
        "2017-11": {
            "month": "2017-11",
            "price": "12.19",
            "revenue": 103054
        },
        "2017-12": {
            "month": "2017-12",
            "price": "11.72",
            "revenue": 199536
        },
        "2018-01": {
            "month": "2018-01",
            "price": "12.18",
            "revenue": 80815
        },
        "2018-02": {
            "month": "2018-02",
            "price": "11.97",
            "revenue": 59622
        },
        "2018-03": {
            "month": "2018-03",
            "price": "14.44",
            "revenue": 169500
        },
        "2018-04": {
            "month": "2018-04",
            "price": "13.26",
            "revenue": 88083
        },
        "2018-05": {
            "month": "2018-05",
            "price": "12.96",
            "revenue": 111821
        },
        "2018-06": {
            "month": "2018-06",
            "price": "14.70",
            "revenue": 112251
        },
        "2018-07": {
            "month": "2018-07",
            "price": "15.84",
            "revenue": 135713
        },
        "2018-08": {
            "month": "2018-08",
            "price": "14.87",
            "revenue": 193961
        },
        "2018-09": {
            "month": "2018-09",
            "price": "13.36",
            "revenue": 177475
        },
        "2018-10": {
            "month": "2018-10",
            "price": "12.64",
            "revenue": 62232
        },
        "2018-11": {
            "month": "2018-11",
            "price": "13.49",
            "revenue": 103200
        },
        "2018-12": {
            "month": "2018-12",
            "price": "17.40",
            "revenue": 243078
        },
        "2019-01": {
            "month": "2019-01",
            "price": "16.10",
            "revenue": 173911
        },
        "2019-02": {
            "month": "2019-02",
            "price": "17.10",
            "revenue": 310143
        },
        "2019-03": {
            "month": "2019-03",
            "price": "25.54",
            "revenue": 303091
        },
        "2019-04": {
            "month": "2019-04",
            "price": "34.70",
            "revenue": 323903
        },
        "2019-05": {
            "month": "2019-05",
            "price": "33.11",
            "revenue": 160949
        },
        "2019-06": {
            "month": "2019-06",
            "price": "30.03",
            "revenue": 84153
        },
        "2019-07": {
            "month": "2019-07",
            "price": "27.26",
            "revenue": 126227
        },
        "2019-08": {
            "month": "2019-08",
            "price": "27.09",
            "revenue": 44323
        },
        "2019-09": {
            "month": "2019-09",
            "price": "25.43",
            "revenue": 45863
        },
        "2019-10": {
            "month": "2019-10",
            "price": "23.89",
            "revenue": 9535
        },
        "2019-11": {
            "month": "2019-11",
            "price": "21.96",
            "revenue": 97098
        },
        "2019-12": {
            "month": "2019-12",
            "price": "22.56",
            "revenue": 86660
        },
        "2020-01": {
            "month": "2020-01",
            "price": "21.71",
            "revenue": 69403
        },
        "2020-02": {
            "month": "2020-02",
            "price": "18.67",
            "revenue": 89836
        },
        "2020-03": {
            "month": "2020-03",
            "price": "13.66",
            "revenue": 159074
        },
        "2020-04": {
            "month": "2020-04",
            "price": "14.41",
            "revenue": 68635
        },
        "2020-05": {
            "month": "2020-05",
            "price": "15.81",
            "revenue": 90686
        },
        "2020-06": {
            "month": "2020-06",
            "price": "16.02",
            "revenue": 67200
        },
        "2020-07": {
            "month": "2020-07",
            "price": "19.73",
            "revenue": 98640
        },
        "2020-08": {
            "month": "2020-08",
            "price": "18.90",
            "revenue": 36025
        },
        "2020-09": {
            "month": "2020-09",
            "price": "18.49",
            "revenue": 74940
        },
        "2020-10": {
            "month": "2020-10",
            "price": "18.21",
            "revenue": 88170
        },
        "2020-11": {
            "month": "2020-11",
            "price": "18.88",
            "revenue": 213264
        },
        "2020-12": {
            "month": "2020-12",
            "price": "20.71",
            "revenue": 85630
        },
        "2021-01": {
            "month": "2021-01",
            "price": "18.47",
            "revenue": 190380
        },
        "2021-02": {
            "month": "2021-02",
            "price": "18.54",
            "revenue": 141028
        },
        "2021-03": {
            "month": "2021-03",
            "price": "19.39",
            "revenue": 167391
        },
        "2021-04": {
            "month": "2021-04",
            "price": "19.76",
            "revenue": 86784
        },
        "2021-05": {
            "month": "2021-05",
            "price": "16.90",
            "revenue": 64534
        },
        "2021-06": {
            "month": "2021-06",
            "price": "16.52",
            "revenue": 82503
        },
        "2021-07": {
            "month": "2021-07",
            "price": "17.15",
            "revenue": 164339
        },
        "2021-08": {
            "month": "2021-08",
            "price": "16.33",
            "revenue": 83880
        },
        "2021-09": {
            "month": "2021-09",
            "price": "16.19",
            "revenue": 38855
        },
        "2021-10": {
            "month": "2021-10",
            "price": "16.56",
            "revenue": 117698
        },
        "2021-11": {
            "month": "2021-11",
            "price": "17.98",
            "revenue": 101900
        },
        "2021-12": {
            "month": "2021-12",
            "price": "18.28",
            "revenue": 169962
        },
        "2022-01": {
            "month": "2022-01",
            "price": "18.19",
            "revenue": 113916
        },
        "2022-02": {
            "month": "2022-02",
            "price": "20.52",
            "revenue": 21283
        },
        "2022-03": {
            "month": "2022-03",
            "price": "21.13",
            "revenue": 241894
        },
        "2022-04": {
            "month": "2022-04",
            "price": "21.27",
            "revenue": 202182
        },
        "2022-05": {
            "month": "2022-05",
            "price": "26.51",
            "revenue": 99446
        },
        "2022-06": {
            "month": "2022-06",
            "price": "28.27",
            "revenue": 154402
        },
        "2022-07": {
            "month": "2022-07",
            "price": "26.69",
            "revenue": 114053
        },
        "2022-08": {
            "month": "2022-08",
            "price": "26.12",
            "revenue": 155401
        },
        "2022-09": {
            "month": "2022-09",
            "price": "25.60",
            "revenue": 149502
        },
        "2022-10": {
            "month": "2022-10",
            "price": "25.70",
            "revenue": 85082
        },
        "2022-11": {
            "month": "2022-11",
            "price": "25.97",
            "revenue": 13893
        },
        "2022-12": {
            "month": "2022-12",
            "price": "23.33",
            "revenue": 126375
        },
        "2023-01": {
            "month": "2023-01",
            "price": "22.15",
            "revenue": 55243
        },
        "2023-02": {
            "month": "2023-02",
            "price": "22.86",
            "revenue": 30437
        },
        "2023-03": {
            "month": "2023-03",
            "price": "22.73",
            "revenue": 84696
        },
        "2023-04": {
            "month": "2023-04",
            "price": "21.87",
            "revenue": 14807
        },
        "2023-05": {
            "month": "2023-05",
            "price": "20.09",
            "revenue": 19806
        },
        "2023-06": {
            "month": "2023-06",
            "price": "20.34",
            "revenue": 14728
        },
        "2023-07": {
            "month": "2023-07",
            "price": "19.85",
            "revenue": 102641
        },
        "2023-08": {
            "month": "2023-08",
            "price": "18.37",
            "revenue": 51245
        },
        "2023-09": {
            "month": "2023-09",
            "price": "18.76",
            "revenue": 36923
        },
        "2023-10": {
            "month": "2023-10",
            "price": "18.32",
            "revenue": 8245
        },
        "2023-11": {
            "month": "2023-11",
            "price": "19.11",
            "revenue": 2836
        },
        "2023-12": {
            "month": "2023-12",
            "price": "18.83",
            "revenue": 24068
        },
        "2024-01": {
            "month": "2024-01",
            "price": "19.63",
            "revenue": 9816
        },
        "2024-02": {
            "month": "2024-02",
            "price": "24.62",
            "revenue": 7983
        }
    }
}
