{
    "summary": {
        "stock_name": "誠創",
        "stock_id": "3536",
        "category": "半導體",
        "main_business": "整流器件製造及銷售<br>面板之代理及銷售<br>其他",
        "website_url": "http://www.sintronic.com.tw",
        "ceo": "馬永玲",
        "pe_ratio": -2,
        "report_year_from": 2006,
        "report_year_to": 2023,
        "age": 18,
        "eps_negative_percentage": 78,
        "eps_growth_avg": {
            "last_all": -86.98,
            "last_2y": null,
            "last_4y": null,
            "last_8y": -89.13,
            "last_12y": -89.13,
            "last_16y": -86.98,
            "last_20y": null,
            "at_2006_last_3y": null,
            "at_2007_last_3y": null,
            "at_2008_last_3y": null,
            "at_2009_last_3y": null,
            "at_2010_last_3y": -84.83,
            "at_2011_last_3y": -84.83,
            "at_2012_last_3y": -100,
            "at_2013_last_3y": null,
            "at_2014_last_3y": null,
            "at_2015_last_3y": null,
            "at_2016_last_3y": null,
            "at_2017_last_3y": -78.26,
            "at_2018_last_3y": -89.13,
            "at_2019_last_3y": -89.13,
            "at_2020_last_3y": -89.13,
            "at_2021_last_3y": -100,
            "at_2022_last_3y": null,
            "at_2023_last_3y": null,
            "at_2024_last_3y": null,
            "at_2006_last_all": null,
            "at_2007_last_all": null,
            "at_2008_last_all": -69.67,
            "at_2009_last_all": -84.83,
            "at_2010_last_all": -84.83,
            "at_2011_last_all": -84.83,
            "at_2012_last_all": -84.83,
            "at_2013_last_all": -84.83,
            "at_2014_last_all": -84.83,
            "at_2015_last_all": -84.83,
            "at_2016_last_all": -84.83,
            "at_2017_last_all": -82.64,
            "at_2018_last_all": -86.98,
            "at_2019_last_all": -86.98,
            "at_2020_last_all": -86.98,
            "at_2021_last_all": -86.98,
            "at_2022_last_all": -86.98,
            "at_2023_last_all": -86.98,
            "at_2024_last_all": -86.98
        },
        "latest_eps": -1.18,
        "latest_price": 2.92,
        "latest_roe": -187.35,
        "latest_gross_margin": 2.4,
        "latest_equity": 34694,
        "latest_revenue": 78284,
        "latest_gross_profit": 1880,
        "latest_net_income": -43346,
        "latest_debt_ratio": 97.09,
        "latest_current_ratio": 98.71,
        "latest_account_receivable_turnover_ratio": 0.51,
        "latest_inventory_turnover_ratio": 0.5,
        "latest_reinvestment_rate": null,
        "latest_research_to_sale_ratio": 1.98
    },
    "eps_dividends": {
        "2001": {
            "cash": 0,
            "stock": 0,
            "eps": 0
        },
        "2002": {
            "cash": 0,
            "stock": 0,
            "eps": 0
        },
        "2003": {
            "cash": 0,
            "stock": 0,
            "eps": 0
        },
        "2004": {
            "cash": 0,
            "stock": 0,
            "eps": 0
        },
        "2005": {
            "cash": 0,
            "stock": 0,
            "eps": 0
        },
        "2006": {
            "cash": 0,
            "stock": 0,
            "eps": -0.31
        },
        "2007": {
            "cash": 1.04,
            "stock": 0,
            "eps": 3
        },
        "2008": {
            "cash": 0,
            "stock": 0,
            "eps": 0.91
        },
        "2009": {
            "cash": 0,
            "stock": 0,
            "eps": -4.76
        },
        "2010": {
            "cash": 0,
            "stock": 0,
            "eps": -3.54
        },
        "2011": {
            "cash": 0,
            "stock": 0,
            "eps": -2.07
        },
        "2012": {
            "cash": 0,
            "stock": 0,
            "eps": -1.9
        },
        "2013": {
            "cash": 0,
            "stock": 0,
            "eps": -0.8
        },
        "2014": {
            "cash": 0,
            "stock": 0,
            "eps": -2.92
        },
        "2015": {
            "cash": 0,
            "stock": 0,
            "eps": -0.81
        },
        "2016": {
            "cash": 0,
            "stock": 0,
            "eps": 0.23
        },
        "2017": {
            "cash": 0,
            "stock": 0,
            "eps": 0.05
        },
        "2018": {
            "cash": 0,
            "stock": 0,
            "eps": -0.61
        },
        "2019": {
            "cash": 0,
            "stock": 0,
            "eps": -3.32
        },
        "2020": {
            "cash": 0,
            "stock": 0,
            "eps": -1.09
        },
        "2021": {
            "cash": 0,
            "stock": 0,
            "eps": -1.06
        },
        "2022": {
            "cash": 0,
            "stock": 0,
            "eps": -1.1
        },
        "2023": {
            "cash": 0,
            "stock": 0,
            "eps": -0.36
        }
    },
    "dividends": {
        "2007-04-23": {
            "cash": 1.04,
            "stock": 0
        }
    },
    "prices": {
        "200101": "無",
        "200102": "無",
        "200103": "無",
        "200104": "無",
        "200105": "無",
        "200106": "無",
        "200107": "無",
        "200108": "無",
        "200109": "無",
        "200110": "無",
        "200111": "無",
        "200112": "無",
        "200201": "無",
        "200202": "無",
        "200203": "無",
        "200204": "無",
        "200205": "無",
        "200206": "無",
        "200207": "無",
        "200208": "無",
        "200209": "無",
        "200210": "無",
        "200211": "無",
        "200212": "無",
        "200301": "無",
        "200302": "無",
        "200303": "無",
        "200304": "無",
        "200305": "無",
        "200306": "無",
        "200307": "無",
        "200308": "無",
        "200309": "無",
        "200310": "無",
        "200311": "無",
        "200312": "無",
        "200401": "無",
        "200402": "無",
        "200403": "無",
        "200404": "無",
        "200405": "無",
        "200406": "無",
        "200407": "無",
        "200408": "無",
        "200409": "無",
        "200410": "無",
        "200411": "無",
        "200412": "無",
        "200501": "無",
        "200502": "無",
        "200503": "無",
        "200504": "無",
        "200505": "無",
        "200506": "無",
        "200507": "無",
        "200508": "無",
        "200509": "無",
        "200510": "無",
        "200511": "無",
        "200512": "無",
        "200601": "無",
        "200602": "無",
        "200603": "無",
        "200604": "無",
        "200605": "無",
        "200606": "無",
        "200607": "無",
        "200608": "無",
        "200609": "無",
        "200610": "無",
        "200611": "無",
        "200612": "無",
        "200701": "無",
        "200702": "無",
        "200703": "22.22",
        "200704": "22.36",
        "200705": "22.95",
        "200706": "27.72",
        "200707": "32.18",
        "200708": "35.06",
        "200709": "30.82",
        "200710": "29.51",
        "200711": "27.62",
        "200712": "28.75",
        "200801": "28.33",
        "200802": "27.81",
        "200803": "29.38",
        "200804": "32.90",
        "200805": "34.25",
        "200806": "26.32",
        "200807": "17.30",
        "200808": "13.46",
        "200809": "10.50",
        "200810": "7.19",
        "200811": "7.29",
        "200812": "7.34",
        "200901": "7.25",
        "200902": "7.77",
        "200903": "10.47",
        "200904": "11.32",
        "200905": "10.64",
        "200906": "9.92",
        "200907": "10.10",
        "200908": "9.74",
        "200909": "9.49",
        "200910": "10.34",
        "200911": "10.40",
        "200912": "12.53",
        "201001": "11.69",
        "201002": "9.62",
        "201003": "10.03",
        "201004": "10.32",
        "201005": "8.05",
        "201006": "7.26",
        "201007": "7.64",
        "201008": "7.36",
        "201009": "6.30",
        "201010": "6.12",
        "201011": "4.84",
        "201012": "5.55",
        "201101": "5.88",
        "201102": "5.15",
        "201103": "6.13",
        "201104": "7.05",
        "201105": "6.44",
        "201106": "6.86",
        "201107": "6.35",
        "201108": "5.58",
        "201109": "5.09",
        "201110": "7.15",
        "201111": "6.75",
        "201112": "7.04",
        "201201": "6.85",
        "201202": "7.73",
        "201203": "8.63",
        "201204": "11.56",
        "201205": "10.79",
        "201206": "9.50",
        "201207": "8.56",
        "201208": "9.33",
        "201209": "8.85",
        "201210": "8.31",
        "201211": "8.03",
        "201212": "7.39",
        "201301": "7.43",
        "201302": "7.11",
        "201303": "7.24",
        "201304": "7.52",
        "201305": "8.81",
        "201306": "8.80",
        "201307": "8.12",
        "201308": "7.70",
        "201309": "7.28",
        "201310": "7.58",
        "201311": "7.73",
        "201312": "8.22",
        "201401": "9.97",
        "201402": "12.20",
        "201403": "11.40",
        "201404": "9.76",
        "201405": "8.84",
        "201406": "8.91",
        "201407": "9.08",
        "201408": "5.92",
        "201409": "4.88",
        "201410": "4.42",
        "201411": "5.64",
        "201412": "5.90",
        "201501": "6.25",
        "201502": "無",
        "201503": "11.22",
        "201504": "10.78",
        "201505": "10.91",
        "201506": "9.74",
        "201507": "9.50",
        "201508": "7.62",
        "201509": "6.21",
        "201510": "6.51",
        "201511": "6.71",
        "201512": "6.01",
        "201601": "5.45",
        "201602": "4.94",
        "201603": "5.68",
        "201604": "11.49",
        "201605": "11.33",
        "201606": "10.65",
        "201607": "13.49",
        "201608": "13.43",
        "201609": "12.68",
        "201610": "13.06",
        "201611": "17.74",
        "201612": "17.97",
        "201701": "17.89",
        "201702": "20.61",
        "201703": "22.61",
        "201704": "23.48",
        "201705": "22.42",
        "201706": "21.35",
        "201707": "21.37",
        "201708": "21.51",
        "201709": "20.29",
        "201710": "19.81",
        "201711": "20.88",
        "201712": "22.81",
        "201801": "20.87",
        "201802": "19.80",
        "201803": "16.26",
        "201804": "13.08",
        "201805": "13.16",
        "201806": "12.61",
        "201807": "11.23",
        "201808": "10.51",
        "201809": "10.05",
        "201810": "7.40",
        "201811": "7.26",
        "201812": "8.67",
        "201901": "8.00",
        "201902": "7.85",
        "201903": "7.62",
        "201904": "6.98",
        "201905": "6.55",
        "201906": "6.95",
        "201907": "6.83",
        "201908": "6.31",
        "201909": "6.30",
        "201910": "6.19",
        "201911": "4.70",
        "201912": "3.41",
        "202001": "4.32",
        "202002": "4.87",
        "202003": "3.69",
        "202004": "3.05",
        "202005": "3.08",
        "202006": "2.94",
        "202007": "3.19",
        "202008": "3.28",
        "202009": "5.58",
        "202010": "4.85",
        "202011": "4.21",
        "202012": "4.29",
        "202101": "4.37",
        "202102": "4.50",
        "202103": "4.80",
        "202104": "6.27",
        "202105": "8.52",
        "202106": "7.82",
        "202107": "7.42",
        "202108": "6.66",
        "202109": "6.03",
        "202110": "6.04",
        "202111": "6.28",
        "202112": "5.99",
        "202201": "6.03",
        "202202": "5.89",
        "202203": "5.76",
        "202204": "5.38",
        "202205": "4.68",
        "202206": "5.30",
        "202207": "4.51",
        "202208": "4.14",
        "202209": "5.01",
        "202210": "4.58",
        "202211": "3.85",
        "202212": "4.14",
        "202301": "3.80",
        "202302": "4.08",
        "202303": "4.03",
        "202304": "3.44",
        "202305": "無",
        "202306": "無",
        "202307": "無",
        "202308": "無",
        "202309": "無",
        "202310": "無",
        "202311": "無",
        "202312": "無",
        "202401": "無",
        "202402": "無",
        "202403": "無",
        "202404": "無"
    },
    "quarters": {
        "20011": {
            "year_quarter": 20011,
            "year": 2001,
            "quarter": 1,
            "eps": null,
            "eps_growth_year": null,
            "eps_4q": null,
            "eps_4q_growth_year": null,
            "roe": null,
            "roe_4q": 0,
            "gross_profit": null,
            "gross_margin": null,
            "gross_margin_4q_avg": 0,
            "net_income": null,
            "net_income_4q": null,
            "revenue": null,
            "revenue_4q": null,
            "common_shares": null,
            "book_valuer_per_share": null,
            "book_valuer_per_share_4q_avg": 0,
            "equity": null,
            "current_ratio": null,
            "debt_ratio": null,
            "inventory_turnover_ratio": null,
            "account_receivable_turnover_ratio": null,
            "reinvestment_rate": null,
            "research_to_sale_ratio": null,
            "price_fair": 0,
            "eps_avg_yearly": 0,
            "eps_latest_yearly": 0,
            "eps_growth_yearly": 0
        },
        "20012": {
            "year_quarter": 20012,
            "year": 2001,
            "quarter": 2,
            "eps": null,
            "eps_growth_year": null,
            "eps_4q": null,
            "eps_4q_growth_year": null,
            "roe": null,
            "roe_4q": 0,
            "gross_profit": null,
            "gross_margin": null,
            "gross_margin_4q_avg": 0,
            "net_income": null,
            "net_income_4q": null,
            "revenue": null,
            "revenue_4q": null,
            "common_shares": null,
            "book_valuer_per_share": null,
            "book_valuer_per_share_4q_avg": 0,
            "equity": null,
            "current_ratio": null,
            "debt_ratio": null,
            "inventory_turnover_ratio": null,
            "account_receivable_turnover_ratio": null,
            "reinvestment_rate": null,
            "research_to_sale_ratio": null,
            "price_fair": 0,
            "eps_avg_yearly": 0,
            "eps_latest_yearly": 0,
            "eps_growth_yearly": 0
        },
        "20013": {
            "year_quarter": 20013,
            "year": 2001,
            "quarter": 3,
            "eps": null,
            "eps_growth_year": null,
            "eps_4q": null,
            "eps_4q_growth_year": null,
            "roe": null,
            "roe_4q": 0,
            "gross_profit": null,
            "gross_margin": null,
            "gross_margin_4q_avg": 0,
            "net_income": null,
            "net_income_4q": null,
            "revenue": null,
            "revenue_4q": null,
            "common_shares": null,
            "book_valuer_per_share": null,
            "book_valuer_per_share_4q_avg": 0,
            "equity": null,
            "current_ratio": null,
            "debt_ratio": null,
            "inventory_turnover_ratio": null,
            "account_receivable_turnover_ratio": null,
            "reinvestment_rate": null,
            "research_to_sale_ratio": null,
            "price_fair": 0,
            "eps_avg_yearly": 0,
            "eps_latest_yearly": 0,
            "eps_growth_yearly": 0
        },
        "20014": {
            "year_quarter": 20014,
            "year": 2001,
            "quarter": 4,
            "eps": null,
            "eps_growth_year": null,
            "eps_4q": null,
            "eps_4q_growth_year": null,
            "roe": null,
            "roe_4q": 0,
            "gross_profit": null,
            "gross_margin": null,
            "gross_margin_4q_avg": 0,
            "net_income": null,
            "net_income_4q": null,
            "revenue": null,
            "revenue_4q": null,
            "common_shares": 330000,
            "book_valuer_per_share": 8.22,
            "book_valuer_per_share_4q_avg": 2.06,
            "equity": 271115,
            "current_ratio": 898.66,
            "debt_ratio": 2.36,
            "inventory_turnover_ratio": null,
            "account_receivable_turnover_ratio": null,
            "reinvestment_rate": null,
            "research_to_sale_ratio": null,
            "price_fair": 0,
            "eps_avg_yearly": 0,
            "eps_latest_yearly": 0,
            "eps_growth_yearly": 0
        },
        "20021": {
            "year_quarter": 20021,
            "year": 2002,
            "quarter": 1,
            "eps": null,
            "eps_growth_year": null,
            "eps_4q": null,
            "eps_4q_growth_year": null,
            "roe": null,
            "roe_4q": 0,
            "gross_profit": null,
            "gross_margin": null,
            "gross_margin_4q_avg": 0,
            "net_income": null,
            "net_income_4q": null,
            "revenue": null,
            "revenue_4q": null,
            "common_shares": null,
            "book_valuer_per_share": null,
            "book_valuer_per_share_4q_avg": 2.06,
            "equity": null,
            "current_ratio": null,
            "debt_ratio": null,
            "inventory_turnover_ratio": null,
            "account_receivable_turnover_ratio": null,
            "reinvestment_rate": null,
            "research_to_sale_ratio": null,
            "price_fair": 0,
            "eps_avg_yearly": 0,
            "eps_latest_yearly": 0,
            "eps_growth_yearly": 0
        },
        "20022": {
            "year_quarter": 20022,
            "year": 2002,
            "quarter": 2,
            "eps": null,
            "eps_growth_year": null,
            "eps_4q": null,
            "eps_4q_growth_year": null,
            "roe": null,
            "roe_4q": 0,
            "gross_profit": null,
            "gross_margin": null,
            "gross_margin_4q_avg": 0,
            "net_income": null,
            "net_income_4q": null,
            "revenue": null,
            "revenue_4q": null,
            "common_shares": null,
            "book_valuer_per_share": null,
            "book_valuer_per_share_4q_avg": 2.06,
            "equity": null,
            "current_ratio": null,
            "debt_ratio": null,
            "inventory_turnover_ratio": null,
            "account_receivable_turnover_ratio": null,
            "reinvestment_rate": null,
            "research_to_sale_ratio": null,
            "price_fair": 0,
            "eps_avg_yearly": 0,
            "eps_latest_yearly": 0,
            "eps_growth_yearly": 0
        },
        "20023": {
            "year_quarter": 20023,
            "year": 2002,
            "quarter": 3,
            "eps": null,
            "eps_growth_year": null,
            "eps_4q": null,
            "eps_4q_growth_year": null,
            "roe": null,
            "roe_4q": 0,
            "gross_profit": null,
            "gross_margin": null,
            "gross_margin_4q_avg": 0,
            "net_income": null,
            "net_income_4q": null,
            "revenue": null,
            "revenue_4q": null,
            "common_shares": null,
            "book_valuer_per_share": null,
            "book_valuer_per_share_4q_avg": 2.06,
            "equity": null,
            "current_ratio": null,
            "debt_ratio": null,
            "inventory_turnover_ratio": null,
            "account_receivable_turnover_ratio": null,
            "reinvestment_rate": null,
            "research_to_sale_ratio": null,
            "price_fair": 0,
            "eps_avg_yearly": 0,
            "eps_latest_yearly": 0,
            "eps_growth_yearly": 0
        },
        "20024": {
            "year_quarter": 20024,
            "year": 2002,
            "quarter": 4,
            "eps": null,
            "eps_growth_year": null,
            "eps_4q": null,
            "eps_4q_growth_year": null,
            "roe": null,
            "roe_4q": 0,
            "gross_profit": null,
            "gross_margin": null,
            "gross_margin_4q_avg": 0,
            "net_income": null,
            "net_income_4q": null,
            "revenue": null,
            "revenue_4q": null,
            "common_shares": 330000,
            "book_valuer_per_share": 5.89,
            "book_valuer_per_share_4q_avg": 1.47,
            "equity": 194496,
            "current_ratio": 48.19,
            "debt_ratio": 42.2,
            "inventory_turnover_ratio": null,
            "account_receivable_turnover_ratio": null,
            "reinvestment_rate": null,
            "research_to_sale_ratio": null,
            "price_fair": 0,
            "eps_avg_yearly": 0,
            "eps_latest_yearly": 0,
            "eps_growth_yearly": 0
        },
        "20031": {
            "year_quarter": 20031,
            "year": 2003,
            "quarter": 1,
            "eps": null,
            "eps_growth_year": null,
            "eps_4q": null,
            "eps_4q_growth_year": null,
            "roe": null,
            "roe_4q": 0,
            "gross_profit": null,
            "gross_margin": null,
            "gross_margin_4q_avg": 0,
            "net_income": null,
            "net_income_4q": null,
            "revenue": null,
            "revenue_4q": null,
            "common_shares": null,
            "book_valuer_per_share": null,
            "book_valuer_per_share_4q_avg": 1.47,
            "equity": null,
            "current_ratio": null,
            "debt_ratio": null,
            "inventory_turnover_ratio": null,
            "account_receivable_turnover_ratio": null,
            "reinvestment_rate": null,
            "research_to_sale_ratio": null,
            "price_fair": 0,
            "eps_avg_yearly": 0,
            "eps_latest_yearly": 0,
            "eps_growth_yearly": 0
        },
        "20032": {
            "year_quarter": 20032,
            "year": 2003,
            "quarter": 2,
            "eps": null,
            "eps_growth_year": null,
            "eps_4q": null,
            "eps_4q_growth_year": null,
            "roe": null,
            "roe_4q": 0,
            "gross_profit": null,
            "gross_margin": null,
            "gross_margin_4q_avg": 0,
            "net_income": null,
            "net_income_4q": null,
            "revenue": null,
            "revenue_4q": null,
            "common_shares": null,
            "book_valuer_per_share": null,
            "book_valuer_per_share_4q_avg": 1.47,
            "equity": null,
            "current_ratio": null,
            "debt_ratio": null,
            "inventory_turnover_ratio": null,
            "account_receivable_turnover_ratio": null,
            "reinvestment_rate": null,
            "research_to_sale_ratio": null,
            "price_fair": 0,
            "eps_avg_yearly": 0,
            "eps_latest_yearly": 0,
            "eps_growth_yearly": 0
        },
        "20033": {
            "year_quarter": 20033,
            "year": 2003,
            "quarter": 3,
            "eps": null,
            "eps_growth_year": null,
            "eps_4q": null,
            "eps_4q_growth_year": null,
            "roe": null,
            "roe_4q": 0,
            "gross_profit": null,
            "gross_margin": null,
            "gross_margin_4q_avg": 0,
            "net_income": null,
            "net_income_4q": null,
            "revenue": null,
            "revenue_4q": null,
            "common_shares": null,
            "book_valuer_per_share": null,
            "book_valuer_per_share_4q_avg": 1.47,
            "equity": null,
            "current_ratio": null,
            "debt_ratio": null,
            "inventory_turnover_ratio": null,
            "account_receivable_turnover_ratio": null,
            "reinvestment_rate": null,
            "research_to_sale_ratio": null,
            "price_fair": 0,
            "eps_avg_yearly": 0,
            "eps_latest_yearly": 0,
            "eps_growth_yearly": 0
        },
        "20034": {
            "year_quarter": 20034,
            "year": 2003,
            "quarter": 4,
            "eps": null,
            "eps_growth_year": null,
            "eps_4q": null,
            "eps_4q_growth_year": null,
            "roe": null,
            "roe_4q": 0,
            "gross_profit": null,
            "gross_margin": null,
            "gross_margin_4q_avg": 0,
            "net_income": null,
            "net_income_4q": null,
            "revenue": null,
            "revenue_4q": null,
            "common_shares": 278000,
            "book_valuer_per_share": 8.95,
            "book_valuer_per_share_4q_avg": 2.24,
            "equity": 248898,
            "current_ratio": 138.09,
            "debt_ratio": 26.75,
            "inventory_turnover_ratio": null,
            "account_receivable_turnover_ratio": null,
            "reinvestment_rate": null,
            "research_to_sale_ratio": null,
            "price_fair": 0,
            "eps_avg_yearly": 0,
            "eps_latest_yearly": 0,
            "eps_growth_yearly": 0
        },
        "20041": {
            "year_quarter": 20041,
            "year": 2004,
            "quarter": 1,
            "eps": null,
            "eps_growth_year": null,
            "eps_4q": null,
            "eps_4q_growth_year": null,
            "roe": null,
            "roe_4q": 0,
            "gross_profit": null,
            "gross_margin": null,
            "gross_margin_4q_avg": 0,
            "net_income": null,
            "net_income_4q": null,
            "revenue": null,
            "revenue_4q": null,
            "common_shares": null,
            "book_valuer_per_share": null,
            "book_valuer_per_share_4q_avg": 2.24,
            "equity": null,
            "current_ratio": null,
            "debt_ratio": null,
            "inventory_turnover_ratio": null,
            "account_receivable_turnover_ratio": null,
            "reinvestment_rate": null,
            "research_to_sale_ratio": null,
            "price_fair": 0,
            "eps_avg_yearly": 0,
            "eps_latest_yearly": 0,
            "eps_growth_yearly": 0
        },
        "20042": {
            "year_quarter": 20042,
            "year": 2004,
            "quarter": 2,
            "eps": null,
            "eps_growth_year": null,
            "eps_4q": null,
            "eps_4q_growth_year": null,
            "roe": null,
            "roe_4q": 0,
            "gross_profit": null,
            "gross_margin": null,
            "gross_margin_4q_avg": 0,
            "net_income": null,
            "net_income_4q": null,
            "revenue": null,
            "revenue_4q": null,
            "common_shares": null,
            "book_valuer_per_share": null,
            "book_valuer_per_share_4q_avg": 2.24,
            "equity": null,
            "current_ratio": null,
            "debt_ratio": null,
            "inventory_turnover_ratio": null,
            "account_receivable_turnover_ratio": null,
            "reinvestment_rate": null,
            "research_to_sale_ratio": null,
            "price_fair": 0,
            "eps_avg_yearly": 0,
            "eps_latest_yearly": 0,
            "eps_growth_yearly": 0
        },
        "20043": {
            "year_quarter": 20043,
            "year": 2004,
            "quarter": 3,
            "eps": null,
            "eps_growth_year": null,
            "eps_4q": null,
            "eps_4q_growth_year": null,
            "roe": null,
            "roe_4q": 0,
            "gross_profit": null,
            "gross_margin": null,
            "gross_margin_4q_avg": 0,
            "net_income": null,
            "net_income_4q": null,
            "revenue": null,
            "revenue_4q": null,
            "common_shares": null,
            "book_valuer_per_share": null,
            "book_valuer_per_share_4q_avg": 2.24,
            "equity": null,
            "current_ratio": null,
            "debt_ratio": null,
            "inventory_turnover_ratio": null,
            "account_receivable_turnover_ratio": null,
            "reinvestment_rate": null,
            "research_to_sale_ratio": null,
            "price_fair": 0,
            "eps_avg_yearly": 0,
            "eps_latest_yearly": 0,
            "eps_growth_yearly": 0
        },
        "20044": {
            "year_quarter": 20044,
            "year": 2004,
            "quarter": 4,
            "eps": null,
            "eps_growth_year": null,
            "eps_4q": null,
            "eps_4q_growth_year": null,
            "roe": null,
            "roe_4q": 0,
            "gross_profit": null,
            "gross_margin": null,
            "gross_margin_4q_avg": 0,
            "net_income": null,
            "net_income_4q": null,
            "revenue": null,
            "revenue_4q": null,
            "common_shares": 542801,
            "book_valuer_per_share": 9.31,
            "book_valuer_per_share_4q_avg": 2.33,
            "equity": 505179,
            "current_ratio": 528.33,
            "debt_ratio": 9.07,
            "inventory_turnover_ratio": null,
            "account_receivable_turnover_ratio": null,
            "reinvestment_rate": null,
            "research_to_sale_ratio": null,
            "price_fair": 0,
            "eps_avg_yearly": 0,
            "eps_latest_yearly": 0,
            "eps_growth_yearly": 0
        },
        "20051": {
            "year_quarter": 20051,
            "year": 2005,
            "quarter": 1,
            "eps": null,
            "eps_growth_year": null,
            "eps_4q": null,
            "eps_4q_growth_year": null,
            "roe": null,
            "roe_4q": 0,
            "gross_profit": null,
            "gross_margin": null,
            "gross_margin_4q_avg": 0,
            "net_income": null,
            "net_income_4q": null,
            "revenue": null,
            "revenue_4q": null,
            "common_shares": null,
            "book_valuer_per_share": null,
            "book_valuer_per_share_4q_avg": 2.33,
            "equity": null,
            "current_ratio": null,
            "debt_ratio": null,
            "inventory_turnover_ratio": null,
            "account_receivable_turnover_ratio": null,
            "reinvestment_rate": null,
            "research_to_sale_ratio": null,
            "price_fair": 0,
            "eps_avg_yearly": 0,
            "eps_latest_yearly": 0,
            "eps_growth_yearly": 0
        },
        "20052": {
            "year_quarter": 20052,
            "year": 2005,
            "quarter": 2,
            "eps": null,
            "eps_growth_year": null,
            "eps_4q": null,
            "eps_4q_growth_year": null,
            "roe": null,
            "roe_4q": 0,
            "gross_profit": null,
            "gross_margin": null,
            "gross_margin_4q_avg": 0,
            "net_income": null,
            "net_income_4q": null,
            "revenue": null,
            "revenue_4q": null,
            "common_shares": null,
            "book_valuer_per_share": null,
            "book_valuer_per_share_4q_avg": 2.33,
            "equity": null,
            "current_ratio": null,
            "debt_ratio": null,
            "inventory_turnover_ratio": null,
            "account_receivable_turnover_ratio": null,
            "reinvestment_rate": null,
            "research_to_sale_ratio": null,
            "price_fair": 0,
            "eps_avg_yearly": 0,
            "eps_latest_yearly": 0,
            "eps_growth_yearly": 0
        },
        "20053": {
            "year_quarter": 20053,
            "year": 2005,
            "quarter": 3,
            "eps": null,
            "eps_growth_year": null,
            "eps_4q": null,
            "eps_4q_growth_year": null,
            "roe": null,
            "roe_4q": 0,
            "gross_profit": null,
            "gross_margin": null,
            "gross_margin_4q_avg": 0,
            "net_income": null,
            "net_income_4q": null,
            "revenue": null,
            "revenue_4q": null,
            "common_shares": null,
            "book_valuer_per_share": null,
            "book_valuer_per_share_4q_avg": 2.33,
            "equity": null,
            "current_ratio": null,
            "debt_ratio": null,
            "inventory_turnover_ratio": null,
            "account_receivable_turnover_ratio": null,
            "reinvestment_rate": null,
            "research_to_sale_ratio": null,
            "price_fair": 0,
            "eps_avg_yearly": 0,
            "eps_latest_yearly": 0,
            "eps_growth_yearly": 0
        },
        "20054": {
            "year_quarter": 20054,
            "year": 2005,
            "quarter": 4,
            "eps": null,
            "eps_growth_year": null,
            "eps_4q": null,
            "eps_4q_growth_year": null,
            "roe": null,
            "roe_4q": 0,
            "gross_profit": null,
            "gross_margin": null,
            "gross_margin_4q_avg": 0,
            "net_income": null,
            "net_income_4q": null,
            "revenue": null,
            "revenue_4q": null,
            "common_shares": 542801,
            "book_valuer_per_share": 13.58,
            "book_valuer_per_share_4q_avg": 3.4,
            "equity": 737150,
            "current_ratio": 680.02,
            "debt_ratio": 7.79,
            "inventory_turnover_ratio": null,
            "account_receivable_turnover_ratio": null,
            "reinvestment_rate": null,
            "research_to_sale_ratio": null,
            "price_fair": 0,
            "eps_avg_yearly": 0,
            "eps_latest_yearly": 0,
            "eps_growth_yearly": 0
        },
        "20061": {
            "year_quarter": 20061,
            "year": 2006,
            "quarter": 1,
            "eps": null,
            "eps_growth_year": null,
            "eps_4q": null,
            "eps_4q_growth_year": null,
            "roe": null,
            "roe_4q": 0,
            "gross_profit": null,
            "gross_margin": null,
            "gross_margin_4q_avg": 0,
            "net_income": null,
            "net_income_4q": null,
            "revenue": null,
            "revenue_4q": null,
            "common_shares": null,
            "book_valuer_per_share": null,
            "book_valuer_per_share_4q_avg": 3.4,
            "equity": null,
            "current_ratio": null,
            "debt_ratio": null,
            "inventory_turnover_ratio": null,
            "account_receivable_turnover_ratio": null,
            "reinvestment_rate": null,
            "research_to_sale_ratio": null,
            "price_fair": 0,
            "eps_avg_yearly": 0,
            "eps_latest_yearly": 0,
            "eps_growth_yearly": 0
        },
        "20062": {
            "year_quarter": 20062,
            "year": 2006,
            "quarter": 2,
            "eps": null,
            "eps_growth_year": null,
            "eps_4q": null,
            "eps_4q_growth_year": null,
            "roe": null,
            "roe_4q": 0,
            "gross_profit": null,
            "gross_margin": null,
            "gross_margin_4q_avg": 0,
            "net_income": null,
            "net_income_4q": null,
            "revenue": null,
            "revenue_4q": null,
            "common_shares": null,
            "book_valuer_per_share": null,
            "book_valuer_per_share_4q_avg": 3.4,
            "equity": null,
            "current_ratio": null,
            "debt_ratio": null,
            "inventory_turnover_ratio": null,
            "account_receivable_turnover_ratio": null,
            "reinvestment_rate": null,
            "research_to_sale_ratio": null,
            "price_fair": 0,
            "eps_avg_yearly": 0,
            "eps_latest_yearly": 0,
            "eps_growth_yearly": 0
        },
        "20063": {
            "year_quarter": 20063,
            "year": 2006,
            "quarter": 3,
            "eps": -0.42,
            "eps_growth_year": null,
            "eps_4q": null,
            "eps_4q_growth_year": null,
            "roe": -3.63,
            "roe_4q": -3.63,
            "gross_profit": -805,
            "gross_margin": -0.89,
            "gross_margin_4q_avg": -0.22,
            "net_income": -48999,
            "net_income_4q": null,
            "revenue": 90918,
            "revenue_4q": null,
            "common_shares": 1542801,
            "book_valuer_per_share": 8.76,
            "book_valuer_per_share_4q_avg": 5.59,
            "equity": 1351385,
            "current_ratio": 143.16,
            "debt_ratio": 37.49,
            "inventory_turnover_ratio": 0.48,
            "account_receivable_turnover_ratio": null,
            "reinvestment_rate": null,
            "research_to_sale_ratio": null,
            "price_fair": 0,
            "eps_avg_yearly": 0,
            "eps_latest_yearly": 0,
            "eps_growth_yearly": 0
        },
        "20064": {
            "year_quarter": 20064,
            "year": 2006,
            "quarter": 4,
            "eps": 0.11,
            "eps_growth_year": null,
            "eps_4q": null,
            "eps_4q_growth_year": null,
            "roe": 1.01,
            "roe_4q": -2.62,
            "gross_profit": 48317,
            "gross_margin": 22.27,
            "gross_margin_4q_avg": 5.35,
            "net_income": 13735,
            "net_income_4q": null,
            "revenue": 216944,
            "revenue_4q": null,
            "common_shares": 1542801,
            "book_valuer_per_share": 8.85,
            "book_valuer_per_share_4q_avg": 4.4,
            "equity": 1365608,
            "current_ratio": 100.97,
            "debt_ratio": 52.77,
            "inventory_turnover_ratio": 0.74,
            "account_receivable_turnover_ratio": null,
            "reinvestment_rate": null,
            "research_to_sale_ratio": null,
            "price_fair": 0,
            "eps_avg_yearly": 0,
            "eps_latest_yearly": 0,
            "eps_growth_yearly": 0
        },
        "20071": {
            "year_quarter": 20071,
            "year": 2007,
            "quarter": 1,
            "eps": 0.28,
            "eps_growth_year": null,
            "eps_4q": null,
            "eps_4q_growth_year": null,
            "roe": 3.08,
            "roe_4q": 0.45999999999999996,
            "gross_profit": 82550,
            "gross_margin": 24.85,
            "gross_margin_4q_avg": 11.56,
            "net_income": 42772,
            "net_income_4q": null,
            "revenue": 332150,
            "revenue_4q": null,
            "common_shares": 1542801,
            "book_valuer_per_share": 9.13,
            "book_valuer_per_share_4q_avg": 6.69,
            "equity": 1408745,
            "current_ratio": 165.69,
            "debt_ratio": 43.07,
            "inventory_turnover_ratio": 0.94,
            "account_receivable_turnover_ratio": null,
            "reinvestment_rate": null,
            "research_to_sale_ratio": null,
            "price_fair": 39.2,
            "eps_avg_yearly": 1.12,
            "eps_latest_yearly": 1.12,
            "eps_growth_yearly": 618.18
        },
        "20072": {
            "year_quarter": 20072,
            "year": 2007,
            "quarter": 2,
            "eps": 0.93,
            "eps_growth_year": null,
            "eps_4q": 0.98,
            "eps_4q_growth_year": null,
            "roe": 9.67,
            "roe_4q": 10.129999999999999,
            "gross_profit": 164150,
            "gross_margin": 31.92,
            "gross_margin_4q_avg": 19.54,
            "net_income": 143840,
            "net_income_4q": null,
            "revenue": 514235,
            "revenue_4q": null,
            "common_shares": 1543166,
            "book_valuer_per_share": 10.15,
            "book_valuer_per_share_4q_avg": 9.22,
            "equity": 1566403,
            "current_ratio": 203.79,
            "debt_ratio": 48.29,
            "inventory_turnover_ratio": 1.6,
            "account_receivable_turnover_ratio": null,
            "reinvestment_rate": null,
            "research_to_sale_ratio": null,
            "price_fair": 84.7,
            "eps_avg_yearly": 2.42,
            "eps_latest_yearly": 3.72,
            "eps_growth_yearly": 773.38
        },
        "20073": {
            "year_quarter": 20073,
            "year": 2007,
            "quarter": 3,
            "eps": 0.81,
            "eps_growth_year": null,
            "eps_4q": 2.04,
            "eps_4q_growth_year": null,
            "roe": 7.49,
            "roe_4q": 21.250000000000004,
            "gross_profit": 174495,
            "gross_margin": 29.28,
            "gross_margin_4q_avg": 27.08,
            "net_income": 131913,
            "net_income_4q": null,
            "revenue": 596033,
            "revenue_4q": null,
            "common_shares": 1621520,
            "book_valuer_per_share": 12.05,
            "book_valuer_per_share_4q_avg": 10.05,
            "equity": 1954087,
            "current_ratio": 320.96,
            "debt_ratio": 37.41,
            "inventory_turnover_ratio": 2.58,
            "account_receivable_turnover_ratio": null,
            "reinvestment_rate": null,
            "research_to_sale_ratio": null,
            "price_fair": 94.27,
            "eps_avg_yearly": 2.69,
            "eps_latest_yearly": 3.24,
            "eps_growth_yearly": 498.38
        },
        "20074": {
            "year_quarter": 20074,
            "year": 2007,
            "quarter": 4,
            "eps": 0.98,
            "eps_growth_year": 790.91,
            "eps_4q": 3.01,
            "eps_4q_growth_year": null,
            "roe": 7.75,
            "roe_4q": 27.990000000000002,
            "gross_profit": 172678,
            "gross_margin": 30.77,
            "gross_margin_4q_avg": 29.21,
            "net_income": 154081,
            "net_income_4q": null,
            "revenue": 561133,
            "revenue_4q": null,
            "common_shares": 1621520,
            "book_valuer_per_share": 12.48,
            "book_valuer_per_share_4q_avg": 10.95,
            "equity": 2023167,
            "current_ratio": 202.45,
            "debt_ratio": 45.31,
            "inventory_turnover_ratio": 2.27,
            "account_receivable_turnover_ratio": null,
            "reinvestment_rate": null,
            "research_to_sale_ratio": null,
            "price_fair": 105,
            "eps_avg_yearly": 3,
            "eps_latest_yearly": 3.92,
            "eps_growth_yearly": 394.77
        },
        "20081": {
            "year_quarter": 20081,
            "year": 2008,
            "quarter": 1,
            "eps": 0.32,
            "eps_growth_year": 14.29,
            "eps_4q": 2.94,
            "eps_4q_growth_year": null,
            "roe": 2.57,
            "roe_4q": 27.480000000000004,
            "gross_profit": 171347,
            "gross_margin": 33.63,
            "gross_margin_4q_avg": 31.4,
            "net_income": 52465,
            "net_income_4q": null,
            "revenue": 509446,
            "revenue_4q": null,
            "common_shares": 1621520,
            "book_valuer_per_share": 12.72,
            "book_valuer_per_share_4q_avg": 11.85,
            "equity": 2062331,
            "current_ratio": 181.97,
            "debt_ratio": 48.68,
            "inventory_turnover_ratio": 1.78,
            "account_receivable_turnover_ratio": null,
            "reinvestment_rate": null,
            "research_to_sale_ratio": null,
            "price_fair": 92.96,
            "eps_avg_yearly": 2.66,
            "eps_latest_yearly": 1.28,
            "eps_growth_yearly": 261.94
        },
        "20082": {
            "year_quarter": 20082,
            "year": 2008,
            "quarter": 2,
            "eps": 0.83,
            "eps_growth_year": -10.75,
            "eps_4q": 2.82,
            "eps_4q_growth_year": 188.28,
            "roe": 6.2,
            "roe_4q": 24.009999999999998,
            "gross_profit": 88484,
            "gross_margin": 22.32,
            "gross_margin_4q_avg": 29,
            "net_income": 141101,
            "net_income_4q": null,
            "revenue": 396440,
            "revenue_4q": null,
            "common_shares": 1833290,
            "book_valuer_per_share": 13.58,
            "book_valuer_per_share_4q_avg": 12.71,
            "equity": 2489919,
            "current_ratio": 198.93,
            "debt_ratio": 41.27,
            "inventory_turnover_ratio": 1.55,
            "account_receivable_turnover_ratio": null,
            "reinvestment_rate": null,
            "research_to_sale_ratio": null,
            "price_fair": 96.83,
            "eps_avg_yearly": 2.77,
            "eps_latest_yearly": 3.32,
            "eps_growth_yearly": 324.53
        },
        "20083": {
            "year_quarter": 20083,
            "year": 2008,
            "quarter": 3,
            "eps": 0.71,
            "eps_growth_year": -12.35,
            "eps_4q": 2.69,
            "eps_4q_growth_year": 31.91,
            "roe": 4.87,
            "roe_4q": 21.39,
            "gross_profit": -3957,
            "gross_margin": -1.95,
            "gross_margin_4q_avg": 21.19,
            "net_income": 124583,
            "net_income_4q": null,
            "revenue": 202420,
            "revenue_4q": null,
            "common_shares": 1839282,
            "book_valuer_per_share": 14.27,
            "book_valuer_per_share_4q_avg": 13.26,
            "equity": 2625321,
            "current_ratio": 175.33,
            "debt_ratio": 34.36,
            "inventory_turnover_ratio": 0.94,
            "account_receivable_turnover_ratio": null,
            "reinvestment_rate": null,
            "research_to_sale_ratio": null,
            "price_fair": 97.2,
            "eps_avg_yearly": 2.78,
            "eps_latest_yearly": 2.84,
            "eps_growth_yearly": 269.91
        },
        "20084": {
            "year_quarter": 20084,
            "year": 2008,
            "quarter": 4,
            "eps": -0.95,
            "eps_growth_year": -196.94,
            "eps_4q": 0.86,
            "eps_4q_growth_year": -71.39,
            "roe": -6.55,
            "roe_4q": 7.09,
            "gross_profit": -87595,
            "gross_margin": -65.31,
            "gross_margin_4q_avg": -2.83,
            "net_income": -166539,
            "net_income_4q": null,
            "revenue": 134125,
            "revenue_4q": null,
            "common_shares": 1815902,
            "book_valuer_per_share": 13.56,
            "book_valuer_per_share_4q_avg": 13.53,
            "equity": 2462361,
            "current_ratio": 152.49,
            "debt_ratio": 40.06,
            "inventory_turnover_ratio": 1.02,
            "account_receivable_turnover_ratio": 0.85,
            "reinvestment_rate": null,
            "research_to_sale_ratio": null,
            "price_fair": 97.2,
            "eps_avg_yearly": 2.78,
            "eps_latest_yearly": 2.84,
            "eps_growth_yearly": 269.91
        },
        "20091": {
            "year_quarter": 20091,
            "year": 2009,
            "quarter": 1,
            "eps": -0.86,
            "eps_growth_year": -368.75,
            "eps_4q": -0.31,
            "eps_4q_growth_year": -110.7,
            "roe": -6.52,
            "roe_4q": -1.9999999999999991,
            "gross_profit": -63270,
            "gross_margin": -54.23,
            "gross_margin_4q_avg": -24.79,
            "net_income": -156291,
            "net_income_4q": null,
            "revenue": 116674,
            "revenue_4q": null,
            "common_shares": 1815902,
            "book_valuer_per_share": 12.83,
            "book_valuer_per_share_4q_avg": 13.56,
            "equity": 2330043,
            "current_ratio": 135.27,
            "debt_ratio": 43.6,
            "inventory_turnover_ratio": 1.11,
            "account_receivable_turnover_ratio": 0.39,
            "reinvestment_rate": null,
            "research_to_sale_ratio": null,
            "price_fair": 97.2,
            "eps_avg_yearly": 2.78,
            "eps_latest_yearly": 2.84,
            "eps_growth_yearly": 269.91
        },
        "20092": {
            "year_quarter": 20092,
            "year": 2009,
            "quarter": 2,
            "eps": -0.69,
            "eps_growth_year": -183.13,
            "eps_4q": -1.78,
            "eps_4q_growth_year": -163.11,
            "roe": -5.55,
            "roe_4q": -13.75,
            "gross_profit": -53543,
            "gross_margin": -53.14,
            "gross_margin_4q_avg": -43.66,
            "net_income": -125025,
            "net_income_4q": null,
            "revenue": 100765,
            "revenue_4q": null,
            "common_shares": 1815902,
            "book_valuer_per_share": 11.96,
            "book_valuer_per_share_4q_avg": 13.16,
            "equity": 2171844,
            "current_ratio": 129.44,
            "debt_ratio": 42.26,
            "inventory_turnover_ratio": 1.43,
            "account_receivable_turnover_ratio": 0.39,
            "reinvestment_rate": null,
            "research_to_sale_ratio": null,
            "price_fair": 97.2,
            "eps_avg_yearly": 2.78,
            "eps_latest_yearly": 2.84,
            "eps_growth_yearly": 269.91
        },
        "20093": {
            "year_quarter": 20093,
            "year": 2009,
            "quarter": 3,
            "eps": -0.99,
            "eps_growth_year": -239.44,
            "eps_4q": -3.45,
            "eps_4q_growth_year": -228.34,
            "roe": -8.7,
            "roe_4q": -27.32,
            "gross_profit": -26437,
            "gross_margin": -18.8,
            "gross_margin_4q_avg": -47.87,
            "net_income": -180448,
            "net_income_4q": null,
            "revenue": 140617,
            "revenue_4q": null,
            "common_shares": 1819027,
            "book_valuer_per_share": 10.85,
            "book_valuer_per_share_4q_avg": 12.3,
            "equity": 1974283,
            "current_ratio": 139.88,
            "debt_ratio": 41.13,
            "inventory_turnover_ratio": 1.88,
            "account_receivable_turnover_ratio": 0.61,
            "reinvestment_rate": null,
            "research_to_sale_ratio": null,
            "price_fair": 97.2,
            "eps_avg_yearly": 2.78,
            "eps_latest_yearly": 2.84,
            "eps_growth_yearly": 269.91
        },
        "20094": {
            "year_quarter": 20094,
            "year": 2009,
            "quarter": 4,
            "eps": -2.22,
            "eps_growth_year": null,
            "eps_4q": -4.04,
            "eps_4q_growth_year": -569.2,
            "roe": -20.75,
            "roe_4q": -41.519999999999996,
            "gross_profit": -42631,
            "gross_margin": -32.36,
            "gross_margin_4q_avg": -39.63,
            "net_income": -405074,
            "net_income_4q": null,
            "revenue": 131721,
            "revenue_4q": null,
            "common_shares": 1819027,
            "book_valuer_per_share": 8.99,
            "book_valuer_per_share_4q_avg": 11.16,
            "equity": 1930420,
            "current_ratio": 258.32,
            "debt_ratio": 30.28,
            "inventory_turnover_ratio": 1.99,
            "account_receivable_turnover_ratio": 1.18,
            "reinvestment_rate": null,
            "research_to_sale_ratio": null,
            "price_fair": 97.2,
            "eps_avg_yearly": 2.78,
            "eps_latest_yearly": 2.84,
            "eps_growth_yearly": 269.91
        },
        "20101": {
            "year_quarter": 20101,
            "year": 2010,
            "quarter": 1,
            "eps": -0.18,
            "eps_growth_year": null,
            "eps_4q": -3.41,
            "eps_4q_growth_year": null,
            "roe": -2.06,
            "roe_4q": -37.059999999999995,
            "gross_profit": -15932,
            "gross_margin": -6.69,
            "gross_margin_4q_avg": -27.75,
            "net_income": -39863,
            "net_income_4q": null,
            "revenue": 238308,
            "revenue_4q": null,
            "common_shares": 2148235,
            "book_valuer_per_share": 8.77,
            "book_valuer_per_share_4q_avg": 10.14,
            "equity": 1931511,
            "current_ratio": 242.69,
            "debt_ratio": 27.88,
            "inventory_turnover_ratio": 2.93,
            "account_receivable_turnover_ratio": 0.88,
            "reinvestment_rate": null,
            "research_to_sale_ratio": 2.4,
            "price_fair": 97.2,
            "eps_avg_yearly": 2.78,
            "eps_latest_yearly": 2.84,
            "eps_growth_yearly": 269.91
        },
        "20102": {
            "year_quarter": 20102,
            "year": 2010,
            "quarter": 2,
            "eps": -0.11,
            "eps_growth_year": null,
            "eps_4q": -2.95,
            "eps_4q_growth_year": null,
            "roe": -1.23,
            "roe_4q": -32.739999999999995,
            "gross_profit": 7328,
            "gross_margin": 3.49,
            "gross_margin_4q_avg": -13.59,
            "net_income": -23633,
            "net_income_4q": null,
            "revenue": 210038,
            "revenue_4q": null,
            "common_shares": 2202126,
            "book_valuer_per_share": 8.73,
            "book_valuer_per_share_4q_avg": 9.34,
            "equity": 1922328,
            "current_ratio": 236.48,
            "debt_ratio": 26.59,
            "inventory_turnover_ratio": 1.86,
            "account_receivable_turnover_ratio": 0.61,
            "reinvestment_rate": null,
            "research_to_sale_ratio": 2.77,
            "price_fair": 97.2,
            "eps_avg_yearly": 2.78,
            "eps_latest_yearly": 2.84,
            "eps_growth_yearly": 269.91
        },
        "20103": {
            "year_quarter": 20103,
            "year": 2010,
            "quarter": 3,
            "eps": -0.64,
            "eps_growth_year": null,
            "eps_4q": -2.76,
            "eps_4q_growth_year": null,
            "roe": -7.67,
            "roe_4q": -31.71,
            "gross_profit": -41035,
            "gross_margin": -28.78,
            "gross_margin_4q_avg": -16.09,
            "net_income": -141886,
            "net_income_4q": null,
            "revenue": 142588,
            "revenue_4q": null,
            "common_shares": 2202127,
            "book_valuer_per_share": 8.03,
            "book_valuer_per_share_4q_avg": 8.63,
            "equity": 1779479,
            "current_ratio": 262.16,
            "debt_ratio": 22.24,
            "inventory_turnover_ratio": 1.67,
            "account_receivable_turnover_ratio": 0.45,
            "reinvestment_rate": null,
            "research_to_sale_ratio": 4.21,
            "price_fair": 97.2,
            "eps_avg_yearly": 2.78,
            "eps_latest_yearly": 2.84,
            "eps_growth_yearly": 269.91
        },
        "20104": {
            "year_quarter": 20104,
            "year": 2010,
            "quarter": 4,
            "eps": -2.61,
            "eps_growth_year": null,
            "eps_4q": -3.54,
            "eps_4q_growth_year": null,
            "roe": -39.14,
            "roe_4q": -50.1,
            "gross_profit": -29400,
            "gross_margin": -21.96,
            "gross_margin_4q_avg": -13.49,
            "net_income": -578381,
            "net_income_4q": null,
            "revenue": 133856,
            "revenue_4q": null,
            "common_shares": 2214835,
            "book_valuer_per_share": 5.31,
            "book_valuer_per_share_4q_avg": 7.71,
            "equity": 1176252,
            "current_ratio": 256.68,
            "debt_ratio": 28.96,
            "inventory_turnover_ratio": 1.95,
            "account_receivable_turnover_ratio": 0.54,
            "reinvestment_rate": null,
            "research_to_sale_ratio": 4.33,
            "price_fair": 97.2,
            "eps_avg_yearly": 2.78,
            "eps_latest_yearly": 2.84,
            "eps_growth_yearly": 269.91
        },
        "20111": {
            "year_quarter": 20111,
            "year": 2011,
            "quarter": 1,
            "eps": -0.21,
            "eps_growth_year": null,
            "eps_4q": -3.57,
            "eps_4q_growth_year": null,
            "roe": -4.11,
            "roe_4q": -52.15,
            "gross_profit": 981,
            "gross_margin": 0.7,
            "gross_margin_4q_avg": -11.64,
            "net_income": -47450,
            "net_income_4q": null,
            "revenue": 140727,
            "revenue_4q": null,
            "common_shares": 2214835,
            "book_valuer_per_share": 5.1,
            "book_valuer_per_share_4q_avg": 6.79,
            "equity": 1130673,
            "current_ratio": 229.35,
            "debt_ratio": 32.35,
            "inventory_turnover_ratio": 2.09,
            "account_receivable_turnover_ratio": 0.64,
            "reinvestment_rate": null,
            "research_to_sale_ratio": 3.12,
            "price_fair": 106.87,
            "eps_avg_yearly": 3.05,
            "eps_latest_yearly": 2.84,
            "eps_growth_yearly": 211.87
        },
        "20112": {
            "year_quarter": 20112,
            "year": 2011,
            "quarter": 2,
            "eps": 0.07,
            "eps_growth_year": null,
            "eps_4q": -3.4,
            "eps_4q_growth_year": null,
            "roe": 1.32,
            "roe_4q": -49.6,
            "gross_profit": -24038,
            "gross_margin": -9.62,
            "gross_margin_4q_avg": -14.92,
            "net_income": 15059,
            "net_income_4q": null,
            "revenue": 249845,
            "revenue_4q": null,
            "common_shares": 2214835,
            "book_valuer_per_share": 5.16,
            "book_valuer_per_share_4q_avg": 5.9,
            "equity": 1142339,
            "current_ratio": 259.54,
            "debt_ratio": 28.3,
            "inventory_turnover_ratio": 5.42,
            "account_receivable_turnover_ratio": 1.14,
            "reinvestment_rate": null,
            "research_to_sale_ratio": 2.21,
            "price_fair": 102.2,
            "eps_avg_yearly": 2.92,
            "eps_latest_yearly": 2.84,
            "eps_growth_yearly": 68.52
        },
        "20113": {
            "year_quarter": 20113,
            "year": 2011,
            "quarter": 3,
            "eps": -0.67,
            "eps_growth_year": null,
            "eps_4q": -5.94,
            "eps_4q_growth_year": null,
            "roe": -6.94,
            "roe_4q": -48.870000000000005,
            "gross_profit": -24060,
            "gross_margin": -16.08,
            "gross_margin_4q_avg": -11.74,
            "net_income": -77591,
            "net_income_4q": null,
            "revenue": 149624,
            "revenue_4q": null,
            "common_shares": 1158944,
            "book_valuer_per_share": 9.45,
            "book_valuer_per_share_4q_avg": 6.26,
            "equity": 1094805,
            "current_ratio": 157.36,
            "debt_ratio": 27.9,
            "inventory_turnover_ratio": 3.85,
            "account_receivable_turnover_ratio": 0.85,
            "reinvestment_rate": null,
            "research_to_sale_ratio": 2.37,
            "price_fair": 99.4,
            "eps_avg_yearly": 2.84,
            "eps_latest_yearly": 2.84,
            "eps_growth_yearly": 98.56
        },
        "20114": {
            "year_quarter": 20114,
            "year": 2011,
            "quarter": 4,
            "eps": -1.26,
            "eps_growth_year": null,
            "eps_4q": -2.21,
            "eps_4q_growth_year": null,
            "roe": -14.29,
            "roe_4q": -24.02,
            "gross_profit": -48658,
            "gross_margin": -41.95,
            "gross_margin_4q_avg": -16.74,
            "net_income": -145896,
            "net_income_4q": null,
            "revenue": 116002,
            "revenue_4q": null,
            "common_shares": 1158944,
            "book_valuer_per_share": 8.17,
            "book_valuer_per_share_4q_avg": 6.97,
            "equity": 946920,
            "current_ratio": 157.7,
            "debt_ratio": 25.37,
            "inventory_turnover_ratio": 4.94,
            "account_receivable_turnover_ratio": 1.24,
            "reinvestment_rate": null,
            "research_to_sale_ratio": 1.26,
            "price_fair": 86.8,
            "eps_avg_yearly": 2.48,
            "eps_latest_yearly": 2.84,
            "eps_growth_yearly": 103.43
        },
        "20121": {
            "year_quarter": 20121,
            "year": 2012,
            "quarter": 1,
            "eps": -0.6,
            "eps_growth_year": null,
            "eps_4q": -2.4,
            "eps_4q_growth_year": null,
            "roe": -7.71,
            "roe_4q": -27.62,
            "gross_profit": -27697,
            "gross_margin": -119.5,
            "gross_margin_4q_avg": -46.79,
            "net_income": -69602,
            "net_income_4q": null,
            "revenue": 23178,
            "revenue_4q": null,
            "common_shares": 1158944,
            "book_valuer_per_share": 7.42,
            "book_valuer_per_share_4q_avg": 7.55,
            "equity": 859657,
            "current_ratio": 152.18,
            "debt_ratio": 26.44,
            "inventory_turnover_ratio": 2.37,
            "account_receivable_turnover_ratio": 0.45,
            "reinvestment_rate": null,
            "research_to_sale_ratio": 0,
            "price_fair": 107.8,
            "eps_avg_yearly": 3.08,
            "eps_latest_yearly": 2.84,
            "eps_growth_yearly": 289.83
        },
        "20122": {
            "year_quarter": 20122,
            "year": 2012,
            "quarter": 2,
            "eps": -0.63,
            "eps_growth_year": -1019.63,
            "eps_4q": -2.29,
            "eps_4q_growth_year": null,
            "roe": -10.46,
            "roe_4q": -39.4,
            "gross_profit": -22200,
            "gross_margin": -19.53,
            "gross_margin_4q_avg": -49.27,
            "net_income": -109982,
            "net_income_4q": null,
            "revenue": 113654,
            "revenue_4q": null,
            "common_shares": 1758944,
            "book_valuer_per_share": 7.07,
            "book_valuer_per_share_4q_avg": 8.03,
            "equity": 1243712,
            "current_ratio": 327.2,
            "debt_ratio": 20.81,
            "inventory_turnover_ratio": 6.95,
            "account_receivable_turnover_ratio": 1.76,
            "reinvestment_rate": null,
            "research_to_sale_ratio": 4.75,
            "price_fair": 8.52,
            "eps_avg_yearly": 2.84,
            "eps_latest_yearly": 2.84,
            "eps_growth_yearly": -57.83
        },
        "20123": {
            "year_quarter": 20123,
            "year": 2012,
            "quarter": 3,
            "eps": -0.3,
            "eps_growth_year": null,
            "eps_4q": -2.15,
            "eps_4q_growth_year": null,
            "roe": -4.35,
            "roe_4q": -36.81,
            "gross_profit": -13775,
            "gross_margin": -2.81,
            "gross_margin_4q_avg": -45.95,
            "net_income": -52558,
            "net_income_4q": null,
            "revenue": 490108,
            "revenue_4q": null,
            "common_shares": 1758944,
            "book_valuer_per_share": 6.68,
            "book_valuer_per_share_4q_avg": 7.34,
            "equity": 1173981,
            "current_ratio": 199.55,
            "debt_ratio": 32.47,
            "inventory_turnover_ratio": 13.67,
            "account_receivable_turnover_ratio": 3.61,
            "reinvestment_rate": null,
            "research_to_sale_ratio": 1.08,
            "price_fair": 0,
            "eps_avg_yearly": 0,
            "eps_latest_yearly": 0,
            "eps_growth_yearly": 0
        },
        "20124": {
            "year_quarter": 20124,
            "year": 2012,
            "quarter": 4,
            "eps": -0.37,
            "eps_growth_year": null,
            "eps_4q": -1.69,
            "eps_4q_growth_year": null,
            "roe": -6.19,
            "roe_4q": -28.71,
            "gross_profit": -43290,
            "gross_margin": 16.87,
            "gross_margin_4q_avg": -31.24,
            "net_income": -70463,
            "net_income_4q": null,
            "revenue": -256585,
            "revenue_4q": null,
            "common_shares": 1758944,
            "book_valuer_per_share": 6.3,
            "book_valuer_per_share_4q_avg": 6.87,
            "equity": 1103410,
            "current_ratio": 171.02,
            "debt_ratio": 31,
            "inventory_turnover_ratio": -4.61,
            "account_receivable_turnover_ratio": -1.75,
            "reinvestment_rate": null,
            "research_to_sale_ratio": -1.96,
            "price_fair": 0,
            "eps_avg_yearly": 0,
            "eps_latest_yearly": 0,
            "eps_growth_yearly": 0
        },
        "20131": {
            "year_quarter": 20131,
            "year": 2013,
            "quarter": 1,
            "eps": -0.14,
            "eps_growth_year": null,
            "eps_4q": -1.44,
            "eps_4q_growth_year": null,
            "roe": -2.23,
            "roe_4q": -23.23,
            "gross_profit": -2788,
            "gross_margin": -1.33,
            "gross_margin_4q_avg": -1.7,
            "net_income": -25908,
            "net_income_4q": null,
            "revenue": 208892,
            "revenue_4q": null,
            "common_shares": 1758944,
            "book_valuer_per_share": 6.32,
            "book_valuer_per_share_4q_avg": 6.59,
            "equity": 1220108,
            "current_ratio": 123.32,
            "debt_ratio": 39.94,
            "inventory_turnover_ratio": 1.47,
            "account_receivable_turnover_ratio": 1.28,
            "reinvestment_rate": null,
            "research_to_sale_ratio": 1.72,
            "price_fair": 0,
            "eps_avg_yearly": 0,
            "eps_latest_yearly": 0,
            "eps_growth_yearly": 0
        },
        "20132": {
            "year_quarter": 20132,
            "year": 2013,
            "quarter": 2,
            "eps": -0.2,
            "eps_growth_year": null,
            "eps_4q": -1.02,
            "eps_4q_growth_year": null,
            "roe": -2.81,
            "roe_4q": -15.58,
            "gross_profit": 22177,
            "gross_margin": 8.01,
            "gross_margin_4q_avg": 5.19,
            "net_income": -34039,
            "net_income_4q": null,
            "revenue": 276851,
            "revenue_4q": null,
            "common_shares": 1758944,
            "book_valuer_per_share": 6.19,
            "book_valuer_per_share_4q_avg": 6.37,
            "equity": 1202957,
            "current_ratio": 124.46,
            "debt_ratio": 39.14,
            "inventory_turnover_ratio": 0.93,
            "account_receivable_turnover_ratio": 1.2,
            "reinvestment_rate": null,
            "research_to_sale_ratio": 1.52,
            "price_fair": 0,
            "eps_avg_yearly": 0,
            "eps_latest_yearly": 0,
            "eps_growth_yearly": 0
        },
        "20133": {
            "year_quarter": 20133,
            "year": 2013,
            "quarter": 3,
            "eps": -0.2,
            "eps_growth_year": null,
            "eps_4q": -0.92,
            "eps_4q_growth_year": null,
            "roe": -2.8,
            "roe_4q": -14.030000000000001,
            "gross_profit": 17479,
            "gross_margin": 6.17,
            "gross_margin_4q_avg": 7.43,
            "net_income": -32993,
            "net_income_4q": null,
            "revenue": 283145,
            "revenue_4q": null,
            "common_shares": 1758944,
            "book_valuer_per_share": 5.89,
            "book_valuer_per_share_4q_avg": 6.18,
            "equity": 1152283,
            "current_ratio": 118.41,
            "debt_ratio": 41.1,
            "inventory_turnover_ratio": 0.93,
            "account_receivable_turnover_ratio": 1.14,
            "reinvestment_rate": null,
            "research_to_sale_ratio": 1.32,
            "price_fair": 0,
            "eps_avg_yearly": 0,
            "eps_latest_yearly": 0,
            "eps_growth_yearly": 0
        },
        "20134": {
            "year_quarter": 20134,
            "year": 2013,
            "quarter": 4,
            "eps": -0.26,
            "eps_growth_year": null,
            "eps_4q": -0.81,
            "eps_4q_growth_year": null,
            "roe": -3.73,
            "roe_4q": -11.57,
            "gross_profit": 15178,
            "gross_margin": 5.22,
            "gross_margin_4q_avg": 4.52,
            "net_income": -42426,
            "net_income_4q": null,
            "revenue": 290831,
            "revenue_4q": null,
            "common_shares": 1758944,
            "book_valuer_per_share": 5.68,
            "book_valuer_per_share_4q_avg": 6.02,
            "equity": 1124052,
            "current_ratio": 117.18,
            "debt_ratio": 43.15,
            "inventory_turnover_ratio": 1.03,
            "account_receivable_turnover_ratio": 1.07,
            "reinvestment_rate": null,
            "research_to_sale_ratio": 0.62,
            "price_fair": 0,
            "eps_avg_yearly": 0,
            "eps_latest_yearly": 0,
            "eps_growth_yearly": 0
        },
        "20141": {
            "year_quarter": 20141,
            "year": 2014,
            "quarter": 1,
            "eps": -0.25,
            "eps_growth_year": null,
            "eps_4q": -0.92,
            "eps_4q_growth_year": null,
            "roe": -4.1,
            "roe_4q": -13.44,
            "gross_profit": 1860,
            "gross_margin": 0.74,
            "gross_margin_4q_avg": 5.04,
            "net_income": -45396,
            "net_income_4q": null,
            "revenue": 251866,
            "revenue_4q": null,
            "common_shares": 1758944,
            "book_valuer_per_share": 5.5,
            "book_valuer_per_share_4q_avg": 5.82,
            "equity": 1092808,
            "current_ratio": 116.1,
            "debt_ratio": 43.29,
            "inventory_turnover_ratio": 0.92,
            "account_receivable_turnover_ratio": 0.92,
            "reinvestment_rate": null,
            "research_to_sale_ratio": 1.26,
            "price_fair": 0,
            "eps_avg_yearly": 0,
            "eps_latest_yearly": 0,
            "eps_growth_yearly": 0
        },
        "20142": {
            "year_quarter": 20142,
            "year": 2014,
            "quarter": 2,
            "eps": -2.45,
            "eps_growth_year": null,
            "eps_4q": -3.16,
            "eps_4q_growth_year": null,
            "roe": -49.16,
            "roe_4q": -59.78999999999999,
            "gross_profit": 28531,
            "gross_margin": 7.95,
            "gross_margin_4q_avg": 5.02,
            "net_income": -427847,
            "net_income_4q": null,
            "revenue": 358933,
            "revenue_4q": null,
            "common_shares": 1758944,
            "book_valuer_per_share": 2.97,
            "book_valuer_per_share_4q_avg": 5.01,
            "equity": 647707,
            "current_ratio": 115.47,
            "debt_ratio": 56.57,
            "inventory_turnover_ratio": 1.2,
            "account_receivable_turnover_ratio": 1.31,
            "reinvestment_rate": null,
            "research_to_sale_ratio": 0.93,
            "price_fair": 0,
            "eps_avg_yearly": 0,
            "eps_latest_yearly": 0,
            "eps_growth_yearly": 0
        },
        "20143": {
            "year_quarter": 20143,
            "year": 2014,
            "quarter": 3,
            "eps": -0.04,
            "eps_growth_year": null,
            "eps_4q": -3,
            "eps_4q_growth_year": null,
            "roe": -0.64,
            "roe_4q": -57.629999999999995,
            "gross_profit": 56556,
            "gross_margin": 13.29,
            "gross_margin_4q_avg": 6.8,
            "net_income": -4190,
            "net_income_4q": null,
            "revenue": 425558,
            "revenue_4q": null,
            "common_shares": 1758944,
            "book_valuer_per_share": 2.98,
            "book_valuer_per_share_4q_avg": 4.28,
            "equity": 655741,
            "current_ratio": 119.15,
            "debt_ratio": 54.68,
            "inventory_turnover_ratio": 1.36,
            "account_receivable_turnover_ratio": 1.32,
            "reinvestment_rate": null,
            "research_to_sale_ratio": 0.74,
            "price_fair": 0,
            "eps_avg_yearly": 0,
            "eps_latest_yearly": 0,
            "eps_growth_yearly": 0
        },
        "20144": {
            "year_quarter": 20144,
            "year": 2014,
            "quarter": 4,
            "eps": -0.18,
            "eps_growth_year": null,
            "eps_4q": -5.73,
            "eps_4q_growth_year": null,
            "roe": -2.06,
            "roe_4q": -55.96,
            "gross_profit": 40458,
            "gross_margin": 11.66,
            "gross_margin_4q_avg": 8.41,
            "net_income": -13731,
            "net_income_4q": null,
            "revenue": 346919,
            "revenue_4q": null,
            "common_shares": 868000,
            "book_valuer_per_share": 6.2,
            "book_valuer_per_share_4q_avg": 4.41,
            "equity": 676647,
            "current_ratio": 125.74,
            "debt_ratio": 50.45,
            "inventory_turnover_ratio": 1.11,
            "account_receivable_turnover_ratio": 1.04,
            "reinvestment_rate": null,
            "research_to_sale_ratio": 0.85,
            "price_fair": 0,
            "eps_avg_yearly": 0,
            "eps_latest_yearly": 0,
            "eps_growth_yearly": 0
        },
        "20151": {
            "year_quarter": 20151,
            "year": 2015,
            "quarter": 1,
            "eps": -0.41,
            "eps_growth_year": null,
            "eps_4q": -5.07,
            "eps_4q_growth_year": null,
            "roe": -5.37,
            "roe_4q": -57.23,
            "gross_profit": 19126,
            "gross_margin": 6.91,
            "gross_margin_4q_avg": 9.95,
            "net_income": -37937,
            "net_income_4q": null,
            "revenue": 276789,
            "revenue_4q": null,
            "common_shares": 968000,
            "book_valuer_per_share": 6.19,
            "book_valuer_per_share_4q_avg": 4.59,
            "equity": 735895,
            "current_ratio": 140.72,
            "debt_ratio": 47.19,
            "inventory_turnover_ratio": 0.93,
            "account_receivable_turnover_ratio": 0.92,
            "reinvestment_rate": null,
            "research_to_sale_ratio": 1.31,
            "price_fair": 0,
            "eps_avg_yearly": 0,
            "eps_latest_yearly": 0,
            "eps_growth_yearly": 0
        },
        "20152": {
            "year_quarter": 20152,
            "year": 2015,
            "quarter": 2,
            "eps": -0.2,
            "eps_growth_year": null,
            "eps_4q": -0.83,
            "eps_4q_growth_year": null,
            "roe": -2.46,
            "roe_4q": -10.530000000000001,
            "gross_profit": 28257,
            "gross_margin": 9.05,
            "gross_margin_4q_avg": 10.23,
            "net_income": -17838,
            "net_income_4q": null,
            "revenue": 312245,
            "revenue_4q": null,
            "common_shares": 968000,
            "book_valuer_per_share": 5.94,
            "book_valuer_per_share_4q_avg": 5.33,
            "equity": 712729,
            "current_ratio": 143.45,
            "debt_ratio": 46.02,
            "inventory_turnover_ratio": 1.12,
            "account_receivable_turnover_ratio": 1.08,
            "reinvestment_rate": null,
            "research_to_sale_ratio": 1.02,
            "price_fair": 0,
            "eps_avg_yearly": 0,
            "eps_latest_yearly": 0,
            "eps_growth_yearly": 0
        },
        "20153": {
            "year_quarter": 20153,
            "year": 2015,
            "quarter": 3,
            "eps": -0.04,
            "eps_growth_year": null,
            "eps_4q": -0.8,
            "eps_4q_growth_year": null,
            "roe": -0.11,
            "roe_4q": -10,
            "gross_profit": 34587,
            "gross_margin": 10.74,
            "gross_margin_4q_avg": 9.59,
            "net_income": -786,
            "net_income_4q": null,
            "revenue": 322046,
            "revenue_4q": null,
            "common_shares": 968000,
            "book_valuer_per_share": 6.05,
            "book_valuer_per_share_4q_avg": 6.1,
            "equity": 730231,
            "current_ratio": 146.12,
            "debt_ratio": 45.39,
            "inventory_turnover_ratio": 1.36,
            "account_receivable_turnover_ratio": 1.06,
            "reinvestment_rate": null,
            "research_to_sale_ratio": 0.94,
            "price_fair": 0,
            "eps_avg_yearly": 0,
            "eps_latest_yearly": 0,
            "eps_growth_yearly": 0
        },
        "20154": {
            "year_quarter": 20154,
            "year": 2015,
            "quarter": 4,
            "eps": -0.16,
            "eps_growth_year": null,
            "eps_4q": -0.8,
            "eps_4q_growth_year": null,
            "roe": -2.04,
            "roe_4q": -9.98,
            "gross_profit": 31425,
            "gross_margin": 11.56,
            "gross_margin_4q_avg": 9.57,
            "net_income": -14569,
            "net_income_4q": null,
            "revenue": 271725,
            "revenue_4q": null,
            "common_shares": 968000,
            "book_valuer_per_share": 5.76,
            "book_valuer_per_share_4q_avg": 5.99,
            "equity": 699463,
            "current_ratio": 148.51,
            "debt_ratio": 44.22,
            "inventory_turnover_ratio": 1.34,
            "account_receivable_turnover_ratio": 0.87,
            "reinvestment_rate": null,
            "research_to_sale_ratio": 1.21,
            "price_fair": 0,
            "eps_avg_yearly": 0,
            "eps_latest_yearly": 0,
            "eps_growth_yearly": 0
        },
        "20161": {
            "year_quarter": 20161,
            "year": 2016,
            "quarter": 1,
            "eps": -0.1,
            "eps_growth_year": null,
            "eps_4q": -0.5,
            "eps_4q_growth_year": null,
            "roe": -1.27,
            "roe_4q": -5.88,
            "gross_profit": 34318,
            "gross_margin": 14.6,
            "gross_margin_4q_avg": 11.49,
            "net_income": -8772,
            "net_income_4q": null,
            "revenue": 235032,
            "revenue_4q": null,
            "common_shares": 968000,
            "book_valuer_per_share": 5.56,
            "book_valuer_per_share_4q_avg": 5.83,
            "equity": 678713,
            "current_ratio": 139.56,
            "debt_ratio": 48.21,
            "inventory_turnover_ratio": 1.12,
            "account_receivable_turnover_ratio": 0.83,
            "reinvestment_rate": null,
            "research_to_sale_ratio": 1.61,
            "price_fair": 0,
            "eps_avg_yearly": 0,
            "eps_latest_yearly": 0,
            "eps_growth_yearly": 0
        },
        "20162": {
            "year_quarter": 20162,
            "year": 2016,
            "quarter": 2,
            "eps": -0.15,
            "eps_growth_year": null,
            "eps_4q": -0.45,
            "eps_4q_growth_year": null,
            "roe": -2.2,
            "roe_4q": -5.62,
            "gross_profit": 32942,
            "gross_margin": 13.21,
            "gross_margin_4q_avg": 12.53,
            "net_income": -14595,
            "net_income_4q": null,
            "revenue": 249386,
            "revenue_4q": null,
            "common_shares": 968000,
            "book_valuer_per_share": 5.28,
            "book_valuer_per_share_4q_avg": 5.66,
            "equity": 649018,
            "current_ratio": 141,
            "debt_ratio": 47.73,
            "inventory_turnover_ratio": 1.16,
            "account_receivable_turnover_ratio": 0.92,
            "reinvestment_rate": null,
            "research_to_sale_ratio": 0.96,
            "price_fair": 0,
            "eps_avg_yearly": 0,
            "eps_latest_yearly": 0,
            "eps_growth_yearly": 0
        },
        "20163": {
            "year_quarter": 20163,
            "year": 2016,
            "quarter": 3,
            "eps": -0.07,
            "eps_growth_year": null,
            "eps_4q": -0.48,
            "eps_4q_growth_year": null,
            "roe": -0.71,
            "roe_4q": -6.22,
            "gross_profit": 46122,
            "gross_margin": 16.84,
            "gross_margin_4q_avg": 14.05,
            "net_income": -4527,
            "net_income_4q": null,
            "revenue": 273890,
            "revenue_4q": null,
            "common_shares": 968000,
            "book_valuer_per_share": 5,
            "book_valuer_per_share_4q_avg": 5.4,
            "equity": 619574,
            "current_ratio": 132.89,
            "debt_ratio": 52.88,
            "inventory_turnover_ratio": 1.29,
            "account_receivable_turnover_ratio": 0.95,
            "reinvestment_rate": null,
            "research_to_sale_ratio": 1.07,
            "price_fair": 0,
            "eps_avg_yearly": 0,
            "eps_latest_yearly": 0,
            "eps_growth_yearly": 0
        },
        "20164": {
            "year_quarter": 20164,
            "year": 2016,
            "quarter": 4,
            "eps": 0.55,
            "eps_growth_year": null,
            "eps_4q": 0.22,
            "eps_4q_growth_year": null,
            "roe": 8.83,
            "roe_4q": 4.65,
            "gross_profit": 111027,
            "gross_margin": 28.49,
            "gross_margin_4q_avg": 18.29,
            "net_income": 56934,
            "net_income_4q": null,
            "revenue": 389735,
            "revenue_4q": null,
            "common_shares": 968000,
            "book_valuer_per_share": 5.49,
            "book_valuer_per_share_4q_avg": 5.33,
            "equity": 669362,
            "current_ratio": 144.12,
            "debt_ratio": 50.67,
            "inventory_turnover_ratio": 1.6,
            "account_receivable_turnover_ratio": 1.18,
            "reinvestment_rate": null,
            "research_to_sale_ratio": 0.33,
            "price_fair": 0,
            "eps_avg_yearly": 0,
            "eps_latest_yearly": 0,
            "eps_growth_yearly": 0
        },
        "20171": {
            "year_quarter": 20171,
            "year": 2017,
            "quarter": 1,
            "eps": 0.06,
            "eps_growth_year": null,
            "eps_4q": 0.39,
            "eps_4q_growth_year": null,
            "roe": 1.16,
            "roe_4q": 7.080000000000001,
            "gross_profit": 44855,
            "gross_margin": 18.76,
            "gross_margin_4q_avg": 19.33,
            "net_income": 7628,
            "net_income_4q": null,
            "revenue": 239126,
            "revenue_4q": null,
            "common_shares": 968000,
            "book_valuer_per_share": 5.25,
            "book_valuer_per_share_4q_avg": 5.26,
            "equity": 640560,
            "current_ratio": 150.95,
            "debt_ratio": 47.4,
            "inventory_turnover_ratio": 0.91,
            "account_receivable_turnover_ratio": 0.71,
            "reinvestment_rate": null,
            "research_to_sale_ratio": 0.19,
            "price_fair": 0.72,
            "eps_avg_yearly": 0.24,
            "eps_latest_yearly": 0.24,
            "eps_growth_yearly": -356.36
        },
        "20172": {
            "year_quarter": 20172,
            "year": 2017,
            "quarter": 2,
            "eps": 0.05,
            "eps_growth_year": null,
            "eps_4q": 0.59,
            "eps_4q_growth_year": null,
            "roe": 0.95,
            "roe_4q": 10.23,
            "gross_profit": 46971,
            "gross_margin": 17.77,
            "gross_margin_4q_avg": 20.47,
            "net_income": 6176,
            "net_income_4q": null,
            "revenue": 264312,
            "revenue_4q": null,
            "common_shares": 968000,
            "book_valuer_per_share": 5.41,
            "book_valuer_per_share_4q_avg": 5.29,
            "equity": 659846,
            "current_ratio": 154.87,
            "debt_ratio": 46.82,
            "inventory_turnover_ratio": 0.86,
            "account_receivable_turnover_ratio": 0.86,
            "reinvestment_rate": null,
            "research_to_sale_ratio": 0.07,
            "price_fair": 0.66,
            "eps_avg_yearly": 0.22,
            "eps_latest_yearly": 0.2,
            "eps_growth_yearly": -211.52
        },
        "20173": {
            "year_quarter": 20173,
            "year": 2017,
            "quarter": 3,
            "eps": 0.02,
            "eps_growth_year": null,
            "eps_4q": 0.62,
            "eps_4q_growth_year": null,
            "roe": 0.44,
            "roe_4q": 11.379999999999999,
            "gross_profit": 19924,
            "gross_margin": 5.81,
            "gross_margin_4q_avg": 17.71,
            "net_income": 3313,
            "net_income_4q": null,
            "revenue": 342875,
            "revenue_4q": null,
            "common_shares": 1068000,
            "book_valuer_per_share": 6.7,
            "book_valuer_per_share_4q_avg": 5.71,
            "equity": 855101,
            "current_ratio": 284.78,
            "debt_ratio": 44.32,
            "inventory_turnover_ratio": 1.32,
            "account_receivable_turnover_ratio": 1.09,
            "reinvestment_rate": null,
            "research_to_sale_ratio": 0.26,
            "price_fair": 0.52,
            "eps_avg_yearly": 0.17,
            "eps_latest_yearly": 0.08,
            "eps_growth_yearly": -221.01
        },
        "20174": {
            "year_quarter": 20174,
            "year": 2017,
            "quarter": 4,
            "eps": -0.08,
            "eps_growth_year": -113.95,
            "eps_4q": 0.04,
            "eps_4q_growth_year": -79.7,
            "roe": -0.93,
            "roe_4q": 1.6199999999999999,
            "gross_profit": 28886,
            "gross_margin": 6.26,
            "gross_margin_4q_avg": 12.15,
            "net_income": -7943,
            "net_income_4q": null,
            "revenue": 461185,
            "revenue_4q": null,
            "common_shares": 1068000,
            "book_valuer_per_share": 6.62,
            "book_valuer_per_share_4q_avg": 6,
            "equity": 846287,
            "current_ratio": 190.4,
            "debt_ratio": 50.39,
            "inventory_turnover_ratio": 1.71,
            "account_receivable_turnover_ratio": 1.21,
            "reinvestment_rate": null,
            "research_to_sale_ratio": 0.36,
            "price_fair": 0.52,
            "eps_avg_yearly": 0.17,
            "eps_latest_yearly": 0.08,
            "eps_growth_yearly": -221.01
        },
        "20181": {
            "year_quarter": 20181,
            "year": 2018,
            "quarter": 1,
            "eps": -0.24,
            "eps_growth_year": -500,
            "eps_4q": -0.25,
            "eps_4q_growth_year": -165.24,
            "roe": -3.32,
            "roe_4q": -2.8600000000000003,
            "gross_profit": 24950,
            "gross_margin": 7.9,
            "gross_margin_4q_avg": 9.44,
            "net_income": -27898,
            "net_income_4q": null,
            "revenue": 315695,
            "revenue_4q": null,
            "common_shares": 1068000,
            "book_valuer_per_share": 6.5,
            "book_valuer_per_share_4q_avg": 6.31,
            "equity": 833432,
            "current_ratio": 133.63,
            "debt_ratio": 57.13,
            "inventory_turnover_ratio": 0.91,
            "account_receivable_turnover_ratio": 0.81,
            "reinvestment_rate": null,
            "research_to_sale_ratio": 0.43,
            "price_fair": 0.52,
            "eps_avg_yearly": 0.17,
            "eps_latest_yearly": 0.08,
            "eps_growth_yearly": -221.01
        },
        "20182": {
            "year_quarter": 20182,
            "year": 2018,
            "quarter": 2,
            "eps": -0.01,
            "eps_growth_year": -120,
            "eps_4q": -0.31,
            "eps_4q_growth_year": -152.88,
            "roe": 0.06,
            "roe_4q": -3.7499999999999996,
            "gross_profit": 30588,
            "gross_margin": 9.51,
            "gross_margin_4q_avg": 7.37,
            "net_income": 470,
            "net_income_4q": null,
            "revenue": 321715,
            "revenue_4q": null,
            "common_shares": 1068000,
            "book_valuer_per_share": 6.43,
            "book_valuer_per_share_4q_avg": 6.56,
            "equity": 827557,
            "current_ratio": 136.6,
            "debt_ratio": 56.51,
            "inventory_turnover_ratio": 0.83,
            "account_receivable_turnover_ratio": 0.92,
            "reinvestment_rate": null,
            "research_to_sale_ratio": 0.51,
            "price_fair": 0.52,
            "eps_avg_yearly": 0.17,
            "eps_latest_yearly": 0.08,
            "eps_growth_yearly": -221.01
        },
        "20183": {
            "year_quarter": 20183,
            "year": 2018,
            "quarter": 3,
            "eps": -0.14,
            "eps_growth_year": -800,
            "eps_4q": -0.47,
            "eps_4q_growth_year": -176.69,
            "roe": -1.69,
            "roe_4q": -5.879999999999999,
            "gross_profit": 30945,
            "gross_margin": 11.69,
            "gross_margin_4q_avg": 8.84,
            "net_income": -13612,
            "net_income_4q": null,
            "revenue": 264763,
            "revenue_4q": null,
            "common_shares": 1068000,
            "book_valuer_per_share": 6.08,
            "book_valuer_per_share_4q_avg": 6.41,
            "equity": 787140,
            "current_ratio": 177.77,
            "debt_ratio": 57.23,
            "inventory_turnover_ratio": 0.69,
            "account_receivable_turnover_ratio": 0.78,
            "reinvestment_rate": null,
            "research_to_sale_ratio": 1.21,
            "price_fair": 0.52,
            "eps_avg_yearly": 0.17,
            "eps_latest_yearly": 0.08,
            "eps_growth_yearly": -221.01
        },
        "20184": {
            "year_quarter": 20184,
            "year": 2018,
            "quarter": 4,
            "eps": -0.22,
            "eps_growth_year": null,
            "eps_4q": -0.62,
            "eps_4q_growth_year": -1486.04,
            "roe": -3.06,
            "roe_4q": -8.01,
            "gross_profit": 26112,
            "gross_margin": 11.39,
            "gross_margin_4q_avg": 10.12,
            "net_income": -23779,
            "net_income_4q": null,
            "revenue": 229322,
            "revenue_4q": null,
            "common_shares": 1068000,
            "book_valuer_per_share": 5.91,
            "book_valuer_per_share_4q_avg": 6.23,
            "equity": 769354,
            "current_ratio": 120.16,
            "debt_ratio": 60.82,
            "inventory_turnover_ratio": 0.62,
            "account_receivable_turnover_ratio": 0.78,
            "reinvestment_rate": null,
            "research_to_sale_ratio": 1.33,
            "price_fair": 0.52,
            "eps_avg_yearly": 0.17,
            "eps_latest_yearly": 0.08,
            "eps_growth_yearly": -221.01
        },
        "20191": {
            "year_quarter": 20191,
            "year": 2019,
            "quarter": 1,
            "eps": -0.33,
            "eps_growth_year": null,
            "eps_4q": -0.7,
            "eps_4q_growth_year": null,
            "roe": -5.35,
            "roe_4q": -10.04,
            "gross_profit": 13428,
            "gross_margin": 5.63,
            "gross_margin_4q_avg": 9.56,
            "net_income": -40524,
            "net_income_4q": null,
            "revenue": 238634,
            "revenue_4q": null,
            "common_shares": 1068000,
            "book_valuer_per_share": 5.72,
            "book_valuer_per_share_4q_avg": 6.04,
            "equity": 746668,
            "current_ratio": 91.72,
            "debt_ratio": 65.62,
            "inventory_turnover_ratio": 0.71,
            "account_receivable_turnover_ratio": 0.91,
            "reinvestment_rate": null,
            "research_to_sale_ratio": 1.6,
            "price_fair": 0.52,
            "eps_avg_yearly": 0.17,
            "eps_latest_yearly": 0.08,
            "eps_growth_yearly": -221.01
        },
        "20192": {
            "year_quarter": 20192,
            "year": 2019,
            "quarter": 2,
            "eps": -0.24,
            "eps_growth_year": null,
            "eps_4q": -0.92,
            "eps_4q_growth_year": null,
            "roe": -3.86,
            "roe_4q": -13.959999999999999,
            "gross_profit": 22585,
            "gross_margin": 6.46,
            "gross_margin_4q_avg": 8.79,
            "net_income": -28061,
            "net_income_4q": null,
            "revenue": 349863,
            "revenue_4q": null,
            "common_shares": 1068000,
            "book_valuer_per_share": 5.41,
            "book_valuer_per_share_4q_avg": 5.78,
            "equity": 708939,
            "current_ratio": 108.48,
            "debt_ratio": 65.89,
            "inventory_turnover_ratio": 1,
            "account_receivable_turnover_ratio": 1.29,
            "reinvestment_rate": null,
            "research_to_sale_ratio": 1.26,
            "price_fair": 0.52,
            "eps_avg_yearly": 0.17,
            "eps_latest_yearly": 0.08,
            "eps_growth_yearly": -221.01
        },
        "20193": {
            "year_quarter": 20193,
            "year": 2019,
            "quarter": 3,
            "eps": -0.27,
            "eps_growth_year": null,
            "eps_4q": -1.05,
            "eps_4q_growth_year": null,
            "roe": -4.78,
            "roe_4q": -17.05,
            "gross_profit": 17205,
            "gross_margin": 4.79,
            "gross_margin_4q_avg": 7.07,
            "net_income": -32539,
            "net_income_4q": null,
            "revenue": 359327,
            "revenue_4q": null,
            "common_shares": 1068000,
            "book_valuer_per_share": 4.95,
            "book_valuer_per_share_4q_avg": 5.5,
            "equity": 651881,
            "current_ratio": 159.34,
            "debt_ratio": 66.33,
            "inventory_turnover_ratio": 1.12,
            "account_receivable_turnover_ratio": 1.32,
            "reinvestment_rate": null,
            "research_to_sale_ratio": 1.38,
            "price_fair": 0.52,
            "eps_avg_yearly": 0.17,
            "eps_latest_yearly": 0.08,
            "eps_growth_yearly": -221.01
        },
        "20194": {
            "year_quarter": 20194,
            "year": 2019,
            "quarter": 4,
            "eps": -2.48,
            "eps_growth_year": null,
            "eps_4q": -3.32,
            "eps_4q_growth_year": null,
            "roe": -58.54,
            "roe_4q": -72.53,
            "gross_profit": -99916,
            "gross_margin": -56.46,
            "gross_margin_4q_avg": -9.9,
            "net_income": -294378,
            "net_income_4q": null,
            "revenue": 176974,
            "revenue_4q": null,
            "common_shares": 1068000,
            "book_valuer_per_share": 2.44,
            "book_valuer_per_share_4q_avg": 4.63,
            "equity": 353896,
            "current_ratio": 117.92,
            "debt_ratio": 75.47,
            "inventory_turnover_ratio": 1.29,
            "account_receivable_turnover_ratio": 0.77,
            "reinvestment_rate": null,
            "research_to_sale_ratio": 1.39,
            "price_fair": 0.52,
            "eps_avg_yearly": 0.17,
            "eps_latest_yearly": 0.08,
            "eps_growth_yearly": -221.01
        },
        "20201": {
            "year_quarter": 20201,
            "year": 2020,
            "quarter": 1,
            "eps": -0.33,
            "eps_growth_year": null,
            "eps_4q": -3.32,
            "eps_4q_growth_year": null,
            "roe": -11.65,
            "roe_4q": -78.83,
            "gross_profit": 1811,
            "gross_margin": 1.86,
            "gross_margin_4q_avg": -10.84,
            "net_income": -38980,
            "net_income_4q": null,
            "revenue": 97564,
            "revenue_4q": null,
            "common_shares": 1068000,
            "book_valuer_per_share": 2.12,
            "book_valuer_per_share_4q_avg": 3.73,
            "equity": 315483,
            "current_ratio": 107.78,
            "debt_ratio": 77.25,
            "inventory_turnover_ratio": 0.61,
            "account_receivable_turnover_ratio": 0.55,
            "reinvestment_rate": null,
            "research_to_sale_ratio": 2.14,
            "price_fair": 0.52,
            "eps_avg_yearly": 0.17,
            "eps_latest_yearly": 0.08,
            "eps_growth_yearly": -221.01
        },
        "20202": {
            "year_quarter": 20202,
            "year": 2020,
            "quarter": 2,
            "eps": -0.18,
            "eps_growth_year": null,
            "eps_4q": -3.26,
            "eps_4q_growth_year": null,
            "roe": -7.3,
            "roe_4q": -82.27,
            "gross_profit": 15088,
            "gross_margin": 9.76,
            "gross_margin_4q_avg": -10.01,
            "net_income": -21721,
            "net_income_4q": null,
            "revenue": 154666,
            "revenue_4q": null,
            "common_shares": 1068000,
            "book_valuer_per_share": 1.83,
            "book_valuer_per_share_4q_avg": 2.84,
            "equity": 279264,
            "current_ratio": 105.96,
            "debt_ratio": 79.98,
            "inventory_turnover_ratio": 0.83,
            "account_receivable_turnover_ratio": 0.97,
            "reinvestment_rate": null,
            "research_to_sale_ratio": 1.54,
            "price_fair": 0.52,
            "eps_avg_yearly": 0.17,
            "eps_latest_yearly": 0.08,
            "eps_growth_yearly": -221.01
        },
        "20203": {
            "year_quarter": 20203,
            "year": 2020,
            "quarter": 3,
            "eps": -0.25,
            "eps_growth_year": null,
            "eps_4q": -3.24,
            "eps_4q_growth_year": null,
            "roe": -11.04,
            "roe_4q": -88.53,
            "gross_profit": 13643,
            "gross_margin": 10.21,
            "gross_margin_4q_avg": -8.66,
            "net_income": -29713,
            "net_income_4q": null,
            "revenue": 133561,
            "revenue_4q": null,
            "common_shares": 1068000,
            "book_valuer_per_share": 1.65,
            "book_valuer_per_share_4q_avg": 2.01,
            "equity": 258890,
            "current_ratio": 79.99,
            "debt_ratio": 81.59,
            "inventory_turnover_ratio": 0.66,
            "account_receivable_turnover_ratio": 0.79,
            "reinvestment_rate": null,
            "research_to_sale_ratio": 1.22,
            "price_fair": 0.52,
            "eps_avg_yearly": 0.17,
            "eps_latest_yearly": 0.08,
            "eps_growth_yearly": -221.01
        },
        "20204": {
            "year_quarter": 20204,
            "year": 2020,
            "quarter": 4,
            "eps": -0.33,
            "eps_growth_year": null,
            "eps_4q": -1.09,
            "eps_4q_growth_year": null,
            "roe": -15.65,
            "roe_4q": -45.63999999999999,
            "gross_profit": 11678,
            "gross_margin": 7.96,
            "gross_margin_4q_avg": 7.45,
            "net_income": -38133,
            "net_income_4q": null,
            "revenue": 146745,
            "revenue_4q": null,
            "common_shares": 1068000,
            "book_valuer_per_share": 1.38,
            "book_valuer_per_share_4q_avg": 1.75,
            "equity": 228556,
            "current_ratio": 119.11,
            "debt_ratio": 84.04,
            "inventory_turnover_ratio": 0.7,
            "account_receivable_turnover_ratio": 0.85,
            "reinvestment_rate": null,
            "research_to_sale_ratio": 0.8,
            "price_fair": 0.52,
            "eps_avg_yearly": 0.17,
            "eps_latest_yearly": 0.08,
            "eps_growth_yearly": -221.01
        },
        "20211": {
            "year_quarter": 20211,
            "year": 2021,
            "quarter": 1,
            "eps": 0.01,
            "eps_growth_year": null,
            "eps_4q": -0.76,
            "eps_4q_growth_year": null,
            "roe": -0.35,
            "roe_4q": -34.339999999999996,
            "gross_profit": 17654,
            "gross_margin": 11.81,
            "gross_margin_4q_avg": 9.94,
            "net_income": -802,
            "net_income_4q": null,
            "revenue": 149452,
            "revenue_4q": null,
            "common_shares": 1068000,
            "book_valuer_per_share": 1.39,
            "book_valuer_per_share_4q_avg": 1.56,
            "equity": 228839,
            "current_ratio": 118.07,
            "debt_ratio": 84.27,
            "inventory_turnover_ratio": 0.63,
            "account_receivable_turnover_ratio": 0.79,
            "reinvestment_rate": null,
            "research_to_sale_ratio": 0.9,
            "price_fair": 0.42,
            "eps_avg_yearly": 0.14,
            "eps_latest_yearly": 0.08,
            "eps_growth_yearly": -153.33
        },
        "20212": {
            "year_quarter": 20212,
            "year": 2021,
            "quarter": 2,
            "eps": -0.73,
            "eps_growth_year": null,
            "eps_4q": -1.3,
            "eps_4q_growth_year": null,
            "roe": -47.7,
            "roe_4q": -74.74000000000001,
            "gross_profit": 443,
            "gross_margin": 0.27,
            "gross_margin_4q_avg": 7.56,
            "net_income": -87846,
            "net_income_4q": null,
            "revenue": 162268,
            "revenue_4q": null,
            "common_shares": 1068000,
            "book_valuer_per_share": 0.66,
            "book_valuer_per_share_4q_avg": 1.27,
            "equity": 139508,
            "current_ratio": 105.63,
            "debt_ratio": 89.96,
            "inventory_turnover_ratio": 0.75,
            "account_receivable_turnover_ratio": 0.77,
            "reinvestment_rate": null,
            "research_to_sale_ratio": 1.31,
            "price_fair": 0.24,
            "eps_avg_yearly": 0.08,
            "eps_latest_yearly": 0.08,
            "eps_growth_yearly": -240
        },
        "20213": {
            "year_quarter": 20213,
            "year": 2021,
            "quarter": 3,
            "eps": -0.2,
            "eps_growth_year": null,
            "eps_4q": -1.07,
            "eps_4q_growth_year": null,
            "roe": 0.73,
            "roe_4q": -62.970000000000006,
            "gross_profit": 20325,
            "gross_margin": 13.18,
            "gross_margin_4q_avg": 8.31,
            "net_income": 1023,
            "net_income_4q": null,
            "revenue": 154177,
            "revenue_4q": null,
            "common_shares": 1068000,
            "book_valuer_per_share": 0.62,
            "book_valuer_per_share_4q_avg": 1.01,
            "equity": 138901,
            "current_ratio": 112.75,
            "debt_ratio": 89.66,
            "inventory_turnover_ratio": 0.62,
            "account_receivable_turnover_ratio": 0.74,
            "reinvestment_rate": null,
            "research_to_sale_ratio": 1.45,
            "price_fair": 0,
            "eps_avg_yearly": 0,
            "eps_latest_yearly": 0,
            "eps_growth_yearly": 0
        },
        "20214": {
            "year_quarter": 20214,
            "year": 2021,
            "quarter": 4,
            "eps": -0.14,
            "eps_growth_year": null,
            "eps_4q": -0.88,
            "eps_4q_growth_year": null,
            "roe": -9.7,
            "roe_4q": -57.02,
            "gross_profit": 17508,
            "gross_margin": 12.36,
            "gross_margin_4q_avg": 9.41,
            "net_income": -12997,
            "net_income_4q": null,
            "revenue": 141659,
            "revenue_4q": null,
            "common_shares": 1068000,
            "book_valuer_per_share": 0.51,
            "book_valuer_per_share_4q_avg": 0.8,
            "equity": 128949,
            "current_ratio": 76.13,
            "debt_ratio": 90.21,
            "inventory_turnover_ratio": 0.57,
            "account_receivable_turnover_ratio": 0.73,
            "reinvestment_rate": null,
            "research_to_sale_ratio": 1.47,
            "price_fair": 0,
            "eps_avg_yearly": 0,
            "eps_latest_yearly": 0,
            "eps_growth_yearly": 0
        },
        "20221": {
            "year_quarter": 20221,
            "year": 2022,
            "quarter": 1,
            "eps": -0.28,
            "eps_growth_year": -2900,
            "eps_4q": -1.17,
            "eps_4q_growth_year": null,
            "roe": -26.78,
            "roe_4q": -83.45000000000002,
            "gross_profit": 8320,
            "gross_margin": 7.53,
            "gross_margin_4q_avg": 8.34,
            "net_income": -32184,
            "net_income_4q": null,
            "revenue": 110508,
            "revenue_4q": null,
            "common_shares": 1068000,
            "book_valuer_per_share": 0.34,
            "book_valuer_per_share_4q_avg": 0.53,
            "equity": 111404,
            "current_ratio": 75.88,
            "debt_ratio": 91.36,
            "inventory_turnover_ratio": 0.47,
            "account_receivable_turnover_ratio": 0.61,
            "reinvestment_rate": null,
            "research_to_sale_ratio": 1.52,
            "price_fair": 0,
            "eps_avg_yearly": 0,
            "eps_latest_yearly": 0,
            "eps_growth_yearly": 0
        },
        "20222": {
            "year_quarter": 20222,
            "year": 2022,
            "quarter": 2,
            "eps": -0.33,
            "eps_growth_year": null,
            "eps_4q": -0.77,
            "eps_4q_growth_year": null,
            "roe": -29.9,
            "roe_4q": -65.64999999999999,
            "gross_profit": -1130,
            "gross_margin": -0.98,
            "gross_margin_4q_avg": 8.02,
            "net_income": -36796,
            "net_income_4q": null,
            "revenue": 115420,
            "revenue_4q": null,
            "common_shares": 1068000,
            "book_valuer_per_share": 0.59,
            "book_valuer_per_share_4q_avg": 0.52,
            "equity": 134739,
            "current_ratio": 73.64,
            "debt_ratio": 89.83,
            "inventory_turnover_ratio": 0.52,
            "account_receivable_turnover_ratio": 0.71,
            "reinvestment_rate": null,
            "research_to_sale_ratio": 1.35,
            "price_fair": 0,
            "eps_avg_yearly": 0,
            "eps_latest_yearly": 0,
            "eps_growth_yearly": 0
        },
        "20223": {
            "year_quarter": 20223,
            "year": 2022,
            "quarter": 3,
            "eps": -0.26,
            "eps_growth_year": null,
            "eps_4q": -1.01,
            "eps_4q_growth_year": null,
            "roe": -24.46,
            "roe_4q": -90.84,
            "gross_profit": 6200,
            "gross_margin": 5.01,
            "gross_margin_4q_avg": 5.98,
            "net_income": -29521,
            "net_income_4q": null,
            "revenue": 123771,
            "revenue_4q": null,
            "common_shares": 1068000,
            "book_valuer_per_share": 0.34,
            "book_valuer_per_share_4q_avg": 0.45,
            "equity": 106639,
            "current_ratio": 106.92,
            "debt_ratio": 91.73,
            "inventory_turnover_ratio": 0.57,
            "account_receivable_turnover_ratio": 0.78,
            "reinvestment_rate": null,
            "research_to_sale_ratio": 1.19,
            "price_fair": 0,
            "eps_avg_yearly": 0,
            "eps_latest_yearly": 0,
            "eps_growth_yearly": 0
        },
        "20224": {
            "year_quarter": 20224,
            "year": 2022,
            "quarter": 4,
            "eps": -0.23,
            "eps_growth_year": null,
            "eps_4q": -1.1,
            "eps_4q_growth_year": null,
            "roe": -29.96,
            "roe_4q": -111.1,
            "gross_profit": 12940,
            "gross_margin": 10.03,
            "gross_margin_4q_avg": 5.4,
            "net_income": -27193,
            "net_income_4q": null,
            "revenue": 129026,
            "revenue_4q": null,
            "common_shares": 1068000,
            "book_valuer_per_share": 0.07,
            "book_valuer_per_share_4q_avg": 0.34,
            "equity": 74916,
            "current_ratio": 101.41,
            "debt_ratio": 93.94,
            "inventory_turnover_ratio": 0.67,
            "account_receivable_turnover_ratio": 0.79,
            "reinvestment_rate": null,
            "research_to_sale_ratio": 1.1,
            "price_fair": 0,
            "eps_avg_yearly": 0,
            "eps_latest_yearly": 0,
            "eps_growth_yearly": 0
        },
        "20231": {
            "year_quarter": 20231,
            "year": 2023,
            "quarter": 1,
            "eps": -0.36,
            "eps_growth_year": null,
            "eps_4q": -1.18,
            "eps_4q_growth_year": null,
            "roe": -79.09,
            "roe_4q": -163.41000000000003,
            "gross_profit": 1880,
            "gross_margin": 2.4,
            "gross_margin_4q_avg": 4.12,
            "net_income": -43346,
            "net_income_4q": null,
            "revenue": 78284,
            "revenue_4q": null,
            "common_shares": 1068000,
            "book_valuer_per_share": -0.27,
            "book_valuer_per_share_4q_avg": 0.18,
            "equity": 34694,
            "current_ratio": 98.71,
            "debt_ratio": 97.09,
            "inventory_turnover_ratio": 0.5,
            "account_receivable_turnover_ratio": 0.51,
            "reinvestment_rate": null,
            "research_to_sale_ratio": 1.98,
            "price_fair": 0,
            "eps_avg_yearly": 0,
            "eps_latest_yearly": 0,
            "eps_growth_yearly": 0
        }
    },
    "months": {
        "2007-03": {
            "month": "2007-03",
            "price": "22.22",
            "revenue": 139024
        },
        "2007-04": {
            "month": "2007-04",
            "price": "22.36",
            "revenue": 150513
        },
        "2007-05": {
            "month": "2007-05",
            "price": "22.95",
            "revenue": 184273
        },
        "2007-06": {
            "month": "2007-06",
            "price": "27.72",
            "revenue": 187318
        },
        "2007-07": {
            "month": "2007-07",
            "price": "32.18",
            "revenue": 190568
        },
        "2007-08": {
            "month": "2007-08",
            "price": "35.06",
            "revenue": 201326
        },
        "2007-09": {
            "month": "2007-09",
            "price": "30.82",
            "revenue": 204139
        },
        "2007-10": {
            "month": "2007-10",
            "price": "29.51",
            "revenue": 171495
        },
        "2007-11": {
            "month": "2007-11",
            "price": "27.62",
            "revenue": 210877
        },
        "2007-12": {
            "month": "2007-12",
            "price": "28.75",
            "revenue": 178760
        },
        "2008-01": {
            "month": "2008-01",
            "price": "28.33",
            "revenue": 171987
        },
        "2008-02": {
            "month": "2008-02",
            "price": "27.81",
            "revenue": 145430
        },
        "2008-03": {
            "month": "2008-03",
            "price": "29.38",
            "revenue": 192029
        },
        "2008-04": {
            "month": "2008-04",
            "price": "32.90",
            "revenue": 148861
        },
        "2008-05": {
            "month": "2008-05",
            "price": "34.25",
            "revenue": 138942
        },
        "2008-06": {
            "month": "2008-06",
            "price": "26.32",
            "revenue": 108637
        },
        "2008-07": {
            "month": "2008-07",
            "price": "17.30",
            "revenue": 81577
        },
        "2008-08": {
            "month": "2008-08",
            "price": "13.46",
            "revenue": 34367
        },
        "2008-09": {
            "month": "2008-09",
            "price": "10.50",
            "revenue": 86475
        },
        "2008-10": {
            "month": "2008-10",
            "price": "7.19",
            "revenue": 71649
        },
        "2008-11": {
            "month": "2008-11",
            "price": "7.29",
            "revenue": 34880
        },
        "2008-12": {
            "month": "2008-12",
            "price": "7.34",
            "revenue": 27596
        },
        "2009-01": {
            "month": "2009-01",
            "price": "7.25",
            "revenue": 34665
        },
        "2009-02": {
            "month": "2009-02",
            "price": "7.77",
            "revenue": 39802
        },
        "2009-03": {
            "month": "2009-03",
            "price": "10.47",
            "revenue": 42207
        },
        "2009-04": {
            "month": "2009-04",
            "price": "11.32",
            "revenue": 36030
        },
        "2009-05": {
            "month": "2009-05",
            "price": "10.64",
            "revenue": 29896
        },
        "2009-06": {
            "month": "2009-06",
            "price": "9.92",
            "revenue": 34839
        },
        "2009-07": {
            "month": "2009-07",
            "price": "10.10",
            "revenue": 45181
        },
        "2009-08": {
            "month": "2009-08",
            "price": "9.74",
            "revenue": 48841
        },
        "2009-09": {
            "month": "2009-09",
            "price": "9.49",
            "revenue": 46594
        },
        "2009-10": {
            "month": "2009-10",
            "price": "10.34",
            "revenue": 30004
        },
        "2009-11": {
            "month": "2009-11",
            "price": "10.40",
            "revenue": 34470
        },
        "2009-12": {
            "month": "2009-12",
            "price": "12.53",
            "revenue": 66925
        },
        "2010-01": {
            "month": "2010-01",
            "price": "11.69",
            "revenue": 89070
        },
        "2010-02": {
            "month": "2010-02",
            "price": "9.62",
            "revenue": 62756
        },
        "2010-03": {
            "month": "2010-03",
            "price": "10.03",
            "revenue": 86484
        },
        "2010-04": {
            "month": "2010-04",
            "price": "10.32",
            "revenue": 87868
        },
        "2010-05": {
            "month": "2010-05",
            "price": "8.05",
            "revenue": 67775
        },
        "2010-06": {
            "month": "2010-06",
            "price": "7.26",
            "revenue": 54394
        },
        "2010-07": {
            "month": "2010-07",
            "price": "7.64",
            "revenue": 45942
        },
        "2010-08": {
            "month": "2010-08",
            "price": "7.36",
            "revenue": 37231
        },
        "2010-09": {
            "month": "2010-09",
            "price": "6.30",
            "revenue": 59414
        },
        "2010-10": {
            "month": "2010-10",
            "price": "6.12",
            "revenue": 39081
        },
        "2010-11": {
            "month": "2010-11",
            "price": "4.84",
            "revenue": 50321
        },
        "2010-12": {
            "month": "2010-12",
            "price": "5.55",
            "revenue": 52903
        },
        "2011-01": {
            "month": "2011-01",
            "price": "5.88",
            "revenue": 50376
        },
        "2011-02": {
            "month": "2011-02",
            "price": "5.15",
            "revenue": 31424
        },
        "2011-03": {
            "month": "2011-03",
            "price": "6.13",
            "revenue": 58963
        },
        "2011-04": {
            "month": "2011-04",
            "price": "7.05",
            "revenue": 56090
        },
        "2011-05": {
            "month": "2011-05",
            "price": "6.44",
            "revenue": 115695
        },
        "2011-06": {
            "month": "2011-06",
            "price": "6.86",
            "revenue": 78012
        },
        "2011-07": {
            "month": "2011-07",
            "price": "6.35",
            "revenue": 93778
        },
        "2011-08": {
            "month": "2011-08",
            "price": "5.58",
            "revenue": 19140
        },
        "2011-09": {
            "month": "2011-09",
            "price": "5.09",
            "revenue": 30761
        },
        "2011-10": {
            "month": "2011-10",
            "price": "7.15",
            "revenue": 63004
        },
        "2011-11": {
            "month": "2011-11",
            "price": "6.75",
            "revenue": 42648
        },
        "2011-12": {
            "month": "2011-12",
            "price": "7.04",
            "revenue": 15342
        },
        "2012-01": {
            "month": "2012-01",
            "price": "6.85",
            "revenue": 3334
        },
        "2012-02": {
            "month": "2012-02",
            "price": "7.73",
            "revenue": 5526
        },
        "2012-03": {
            "month": "2012-03",
            "price": "8.63",
            "revenue": 17227
        },
        "2012-04": {
            "month": "2012-04",
            "price": "11.56",
            "revenue": 34815
        },
        "2012-05": {
            "month": "2012-05",
            "price": "10.79",
            "revenue": 35780
        },
        "2012-06": {
            "month": "2012-06",
            "price": "9.50",
            "revenue": 39438
        },
        "2012-07": {
            "month": "2012-07",
            "price": "8.56",
            "revenue": 26178
        },
        "2012-08": {
            "month": "2012-08",
            "price": "9.33",
            "revenue": 39571
        },
        "2012-09": {
            "month": "2012-09",
            "price": "8.85",
            "revenue": 31345
        },
        "2012-10": {
            "month": "2012-10",
            "price": "8.31",
            "revenue": 31049
        },
        "2012-11": {
            "month": "2012-11",
            "price": "8.03",
            "revenue": 34455
        },
        "2012-12": {
            "month": "2012-12",
            "price": "7.39",
            "revenue": 44174
        },
        "2013-01": {
            "month": "2013-01",
            "price": "7.43",
            "revenue": 65571
        },
        "2013-02": {
            "month": "2013-02",
            "price": "7.11",
            "revenue": 60936
        },
        "2013-03": {
            "month": "2013-03",
            "price": "7.24",
            "revenue": 78582
        },
        "2013-04": {
            "month": "2013-04",
            "price": "7.52",
            "revenue": 103976
        },
        "2013-05": {
            "month": "2013-05",
            "price": "8.81",
            "revenue": 67159
        },
        "2013-06": {
            "month": "2013-06",
            "price": "8.80",
            "revenue": 103966
        },
        "2013-07": {
            "month": "2013-07",
            "price": "8.12",
            "revenue": 97369
        },
        "2013-08": {
            "month": "2013-08",
            "price": "7.70",
            "revenue": 87217
        },
        "2013-09": {
            "month": "2013-09",
            "price": "7.28",
            "revenue": 93008
        },
        "2013-10": {
            "month": "2013-10",
            "price": "7.58",
            "revenue": 88364
        },
        "2013-11": {
            "month": "2013-11",
            "price": "7.73",
            "revenue": 102801
        },
        "2013-12": {
            "month": "2013-12",
            "price": "8.22",
            "revenue": 103308
        },
        "2014-01": {
            "month": "2014-01",
            "price": "9.97",
            "revenue": 92080
        },
        "2014-02": {
            "month": "2014-02",
            "price": "12.20",
            "revenue": 67003
        },
        "2014-03": {
            "month": "2014-03",
            "price": "11.40",
            "revenue": 92110
        },
        "2014-04": {
            "month": "2014-04",
            "price": "9.76",
            "revenue": 96251
        },
        "2014-05": {
            "month": "2014-05",
            "price": "8.84",
            "revenue": 117234
        },
        "2014-06": {
            "month": "2014-06",
            "price": "8.91",
            "revenue": 146189
        },
        "2014-07": {
            "month": "2014-07",
            "price": "9.08",
            "revenue": 153608
        },
        "2014-08": {
            "month": "2014-08",
            "price": "5.92",
            "revenue": 149934
        },
        "2014-09": {
            "month": "2014-09",
            "price": "4.88",
            "revenue": 122395
        },
        "2014-10": {
            "month": "2014-10",
            "price": "4.42",
            "revenue": 124340
        },
        "2014-11": {
            "month": "2014-11",
            "price": "5.64",
            "revenue": 110230
        },
        "2014-12": {
            "month": "2014-12",
            "price": "5.90",
            "revenue": 108331
        },
        "2015-01": {
            "month": "2015-01",
            "price": "6.25",
            "revenue": 113790
        },
        "2015-03": {
            "month": "2015-03",
            "price": "11.22",
            "revenue": 76071
        },
        "2015-04": {
            "month": "2015-04",
            "price": "10.78",
            "revenue": 106390
        },
        "2015-05": {
            "month": "2015-05",
            "price": "10.91",
            "revenue": 99299
        },
        "2015-06": {
            "month": "2015-06",
            "price": "9.74",
            "revenue": 106553
        },
        "2015-07": {
            "month": "2015-07",
            "price": "9.50",
            "revenue": 107419
        },
        "2015-08": {
            "month": "2015-08",
            "price": "7.62",
            "revenue": 109292
        },
        "2015-09": {
            "month": "2015-09",
            "price": "6.21",
            "revenue": 105148
        },
        "2015-10": {
            "month": "2015-10",
            "price": "6.51",
            "revenue": 82152
        },
        "2015-11": {
            "month": "2015-11",
            "price": "6.71",
            "revenue": 91427
        },
        "2015-12": {
            "month": "2015-12",
            "price": "6.01",
            "revenue": 98107
        },
        "2016-01": {
            "month": "2016-01",
            "price": "5.45",
            "revenue": 89258
        },
        "2016-02": {
            "month": "2016-02",
            "price": "4.94",
            "revenue": 51445
        },
        "2016-03": {
            "month": "2016-03",
            "price": "5.68",
            "revenue": 98435
        },
        "2016-04": {
            "month": "2016-04",
            "price": "11.49",
            "revenue": 78497
        },
        "2016-05": {
            "month": "2016-05",
            "price": "11.33",
            "revenue": 80455
        },
        "2016-06": {
            "month": "2016-06",
            "price": "10.65",
            "revenue": 86392
        },
        "2016-07": {
            "month": "2016-07",
            "price": "13.49",
            "revenue": 88939
        },
        "2016-08": {
            "month": "2016-08",
            "price": "13.43",
            "revenue": 87952
        },
        "2016-09": {
            "month": "2016-09",
            "price": "12.68",
            "revenue": 96965
        },
        "2016-10": {
            "month": "2016-10",
            "price": "13.06",
            "revenue": 94718
        },
        "2016-11": {
            "month": "2016-11",
            "price": "17.74",
            "revenue": 105993
        },
        "2016-12": {
            "month": "2016-12",
            "price": "17.97",
            "revenue": 188958
        },
        "2017-01": {
            "month": "2017-01",
            "price": "17.89",
            "revenue": 69693
        },
        "2017-02": {
            "month": "2017-02",
            "price": "20.61",
            "revenue": 73480
        },
        "2017-03": {
            "month": "2017-03",
            "price": "22.61",
            "revenue": 95951
        },
        "2017-04": {
            "month": "2017-04",
            "price": "23.48",
            "revenue": 77645
        },
        "2017-05": {
            "month": "2017-05",
            "price": "22.42",
            "revenue": 83964
        },
        "2017-06": {
            "month": "2017-06",
            "price": "21.35",
            "revenue": 102704
        },
        "2017-07": {
            "month": "2017-07",
            "price": "21.37",
            "revenue": 113199
        },
        "2017-08": {
            "month": "2017-08",
            "price": "21.51",
            "revenue": 115423
        },
        "2017-09": {
            "month": "2017-09",
            "price": "20.29",
            "revenue": 114281
        },
        "2017-10": {
            "month": "2017-10",
            "price": "19.81",
            "revenue": 104120
        },
        "2017-11": {
            "month": "2017-11",
            "price": "20.88",
            "revenue": 229592
        },
        "2017-12": {
            "month": "2017-12",
            "price": "22.81",
            "revenue": 218078
        },
        "2018-01": {
            "month": "2018-01",
            "price": "20.87",
            "revenue": 143818
        },
        "2018-02": {
            "month": "2018-02",
            "price": "19.80",
            "revenue": 52790
        },
        "2018-03": {
            "month": "2018-03",
            "price": "16.26",
            "revenue": 119045
        },
        "2018-04": {
            "month": "2018-04",
            "price": "13.08",
            "revenue": 114455
        },
        "2018-05": {
            "month": "2018-05",
            "price": "13.16",
            "revenue": 101246
        },
        "2018-06": {
            "month": "2018-06",
            "price": "12.61",
            "revenue": 105701
        },
        "2018-07": {
            "month": "2018-07",
            "price": "11.23",
            "revenue": 84509
        },
        "2018-08": {
            "month": "2018-08",
            "price": "10.51",
            "revenue": 99250
        },
        "2018-09": {
            "month": "2018-09",
            "price": "10.05",
            "revenue": 81819
        },
        "2018-10": {
            "month": "2018-10",
            "price": "7.40",
            "revenue": 85094
        },
        "2018-11": {
            "month": "2018-11",
            "price": "7.26",
            "revenue": 74728
        },
        "2018-12": {
            "month": "2018-12",
            "price": "8.67",
            "revenue": 69820
        },
        "2019-01": {
            "month": "2019-01",
            "price": "8.00",
            "revenue": 98546
        },
        "2019-02": {
            "month": "2019-02",
            "price": "7.85",
            "revenue": 43942
        },
        "2019-03": {
            "month": "2019-03",
            "price": "7.62",
            "revenue": 95848
        },
        "2019-04": {
            "month": "2019-04",
            "price": "6.98",
            "revenue": 132496
        },
        "2019-05": {
            "month": "2019-05",
            "price": "6.55",
            "revenue": 125847
        },
        "2019-06": {
            "month": "2019-06",
            "price": "6.95",
            "revenue": 92076
        },
        "2019-07": {
            "month": "2019-07",
            "price": "6.83",
            "revenue": 95230
        },
        "2019-08": {
            "month": "2019-08",
            "price": "6.31",
            "revenue": 161445
        },
        "2019-09": {
            "month": "2019-09",
            "price": "6.30",
            "revenue": 101788
        },
        "2019-10": {
            "month": "2019-10",
            "price": "6.19",
            "revenue": 68095
        },
        "2019-11": {
            "month": "2019-11",
            "price": "4.70",
            "revenue": 60742
        },
        "2019-12": {
            "month": "2019-12",
            "price": "3.41",
            "revenue": 48782
        },
        "2020-01": {
            "month": "2020-01",
            "price": "4.32",
            "revenue": 31086
        },
        "2020-02": {
            "month": "2020-02",
            "price": "4.87",
            "revenue": 25031
        },
        "2020-03": {
            "month": "2020-03",
            "price": "3.69",
            "revenue": 41811
        },
        "2020-04": {
            "month": "2020-04",
            "price": "3.05",
            "revenue": 51777
        },
        "2020-05": {
            "month": "2020-05",
            "price": "3.08",
            "revenue": 60925
        },
        "2020-06": {
            "month": "2020-06",
            "price": "2.94",
            "revenue": 41738
        },
        "2020-07": {
            "month": "2020-07",
            "price": "3.19",
            "revenue": 46109
        },
        "2020-08": {
            "month": "2020-08",
            "price": "3.28",
            "revenue": 40048
        },
        "2020-09": {
            "month": "2020-09",
            "price": "5.58",
            "revenue": 46939
        },
        "2020-10": {
            "month": "2020-10",
            "price": "4.85",
            "revenue": 40121
        },
        "2020-11": {
            "month": "2020-11",
            "price": "4.21",
            "revenue": 47885
        },
        "2020-12": {
            "month": "2020-12",
            "price": "4.29",
            "revenue": 59165
        },
        "2021-01": {
            "month": "2021-01",
            "price": "4.37",
            "revenue": 54103
        },
        "2021-02": {
            "month": "2021-02",
            "price": "4.50",
            "revenue": 37537
        },
        "2021-03": {
            "month": "2021-03",
            "price": "4.80",
            "revenue": 56987
        },
        "2021-04": {
            "month": "2021-04",
            "price": "6.27",
            "revenue": 54313
        },
        "2021-05": {
            "month": "2021-05",
            "price": "8.52",
            "revenue": 53564
        },
        "2021-06": {
            "month": "2021-06",
            "price": "7.82",
            "revenue": 55129
        },
        "2021-07": {
            "month": "2021-07",
            "price": "7.42",
            "revenue": 48346
        },
        "2021-08": {
            "month": "2021-08",
            "price": "6.66",
            "revenue": 50907
        },
        "2021-09": {
            "month": "2021-09",
            "price": "6.03",
            "revenue": 54797
        },
        "2021-10": {
            "month": "2021-10",
            "price": "6.04",
            "revenue": 38996
        },
        "2021-11": {
            "month": "2021-11",
            "price": "6.28",
            "revenue": 44614
        },
        "2021-12": {
            "month": "2021-12",
            "price": "5.99",
            "revenue": 57686
        },
        "2022-01": {
            "month": "2022-01",
            "price": "6.03",
            "revenue": 36583
        },
        "2022-02": {
            "month": "2022-02",
            "price": "5.89",
            "revenue": 26841
        },
        "2022-03": {
            "month": "2022-03",
            "price": "5.76",
            "revenue": 46311
        },
        "2022-04": {
            "month": "2022-04",
            "price": "5.38",
            "revenue": 37727
        },
        "2022-05": {
            "month": "2022-05",
            "price": "4.68",
            "revenue": 34146
        },
        "2022-06": {
            "month": "2022-06",
            "price": "5.30",
            "revenue": 43426
        },
        "2022-07": {
            "month": "2022-07",
            "price": "4.51",
            "revenue": 37043
        },
        "2022-08": {
            "month": "2022-08",
            "price": "4.14",
            "revenue": 40883
        },
        "2022-09": {
            "month": "2022-09",
            "price": "5.01",
            "revenue": 43338
        },
        "2022-10": {
            "month": "2022-10",
            "price": "4.58",
            "revenue": 39969
        },
        "2022-11": {
            "month": "2022-11",
            "price": "3.85",
            "revenue": 45886
        },
        "2022-12": {
            "month": "2022-12",
            "price": "4.14",
            "revenue": 47038
        },
        "2023-01": {
            "month": "2023-01",
            "price": "3.80",
            "revenue": 18608
        },
        "2023-02": {
            "month": "2023-02",
            "price": "4.08",
            "revenue": 21656
        },
        "2023-03": {
            "month": "2023-03",
            "price": "4.03",
            "revenue": 38243
        },
        "2023-04": {
            "month": "2023-04",
            "price": "3.44",
            "revenue": 30335
        }
    }
}
