{
    "summary": {
        "stock_name": "堡達",
        "stock_id": "3537",
        "category": "電子零組件",
        "main_business": "各種馬達、電子零件及電機器材之進出口買賣業務<br>有關前項產品之國內外廠商代理報價、投標及經銷業務<br>除許可業務外，得經營法令非禁止或限制之業務",
        "website_url": "http://www.podak.com.tw",
        "ceo": "李茂洋",
        "pe_ratio": 11,
        "report_year_from": 2006,
        "report_year_to": 2023,
        "age": 17,
        "eps_negative_percentage": 0,
        "eps_growth_avg": {
            "last_all": 8.56,
            "last_2y": 14.3,
            "last_4y": 17.4,
            "last_8y": 10.95,
            "last_12y": 10.54,
            "last_16y": null,
            "last_20y": null,
            "at_2006_last_3y": null,
            "at_2007_last_3y": null,
            "at_2008_last_3y": null,
            "at_2009_last_3y": null,
            "at_2010_last_3y": null,
            "at_2011_last_3y": null,
            "at_2012_last_3y": 3.19,
            "at_2013_last_3y": 9.6,
            "at_2014_last_3y": 6.25,
            "at_2015_last_3y": -8.4,
            "at_2016_last_3y": -11.64,
            "at_2017_last_3y": 2.9,
            "at_2018_last_3y": 22.2,
            "at_2019_last_3y": 25.03,
            "at_2020_last_3y": 26.3,
            "at_2021_last_3y": 18.97,
            "at_2022_last_3y": 11.74,
            "at_2023_last_3y": 11.74,
            "at_2006_last_all": null,
            "at_2007_last_all": null,
            "at_2008_last_all": null,
            "at_2009_last_all": null,
            "at_2010_last_all": -20.46,
            "at_2011_last_all": 3.49,
            "at_2012_last_all": 3.19,
            "at_2013_last_all": 4.26,
            "at_2014_last_all": -2.65,
            "at_2015_last_all": -3.31,
            "at_2016_last_all": -4.22,
            "at_2017_last_all": 3.65,
            "at_2018_last_all": 7.29,
            "at_2019_last_all": 7,
            "at_2020_last_all": 5.95,
            "at_2021_last_all": 8.37,
            "at_2022_last_all": 8.56,
            "at_2023_last_all": 8.56
        },
        "latest_eps": 3.32,
        "latest_price": 37.85,
        "latest_roe": 16.71,
        "latest_gross_margin": 12.23,
        "latest_equity": 1086993,
        "latest_revenue": 674429,
        "latest_gross_profit": 82477,
        "latest_net_income": 34488,
        "latest_debt_ratio": 47.54,
        "latest_current_ratio": 189.15,
        "latest_account_receivable_turnover_ratio": 0.67,
        "latest_inventory_turnover_ratio": 2.08,
        "latest_reinvestment_rate": 2.61,
        "latest_research_to_sale_ratio": null
    },
    "eps_dividends": {
        "2001": {
            "cash": 0,
            "stock": 0,
            "eps": 0
        },
        "2002": {
            "cash": 0,
            "stock": 0,
            "eps": 0
        },
        "2003": {
            "cash": 0,
            "stock": 0,
            "eps": 0
        },
        "2004": {
            "cash": 0,
            "stock": 0,
            "eps": 0
        },
        "2005": {
            "cash": 0,
            "stock": 0,
            "eps": 0
        },
        "2006": {
            "cash": 0,
            "stock": 0,
            "eps": 0
        },
        "2007": {
            "cash": 1.5,
            "stock": 1,
            "eps": 0
        },
        "2008": {
            "cash": 2.5,
            "stock": 0,
            "eps": 2.28
        },
        "2009": {
            "cash": 1.3,
            "stock": 0,
            "eps": 1.89
        },
        "2010": {
            "cash": 1,
            "stock": 2,
            "eps": 1.44
        },
        "2011": {
            "cash": 1,
            "stock": 0,
            "eps": 2.18
        },
        "2012": {
            "cash": 1.5,
            "stock": 0,
            "eps": 2.23
        },
        "2013": {
            "cash": 1.5,
            "stock": 0.5,
            "eps": 2.42
        },
        "2014": {
            "cash": 2,
            "stock": 0,
            "eps": 1.52
        },
        "2015": {
            "cash": 1.2,
            "stock": 0,
            "eps": 1.41
        },
        "2016": {
            "cash": 1.2,
            "stock": 0,
            "eps": 1.26
        },
        "2017": {
            "cash": 1.2,
            "stock": 0,
            "eps": 2.1
        },
        "2018": {
            "cash": 1.8,
            "stock": 0,
            "eps": 2.94
        },
        "2019": {
            "cash": 2.4,
            "stock": 0,
            "eps": 3.06
        },
        "2020": {
            "cash": 1.5,
            "stock": 1,
            "eps": 2.89
        },
        "2021": {
            "cash": 2.5,
            "stock": 0,
            "eps": 3.97
        },
        "2022": {
            "cash": 3.5,
            "stock": 0,
            "eps": 4.41
        },
        "2023": {
            "cash": 2.5,
            "stock": 0,
            "eps": 1.58
        }
    },
    "dividends": {
        "2007-04-30": {
            "cash": 1.5,
            "stock": 1
        },
        "2008-04-30": {
            "cash": 2.5,
            "stock": 0
        },
        "2009-04-29": {
            "cash": 1.3,
            "stock": 0
        },
        "2010-04-28": {
            "cash": 1,
            "stock": 2
        },
        "2011-04-25": {
            "cash": 1,
            "stock": 0
        },
        "2012-06-28": {
            "cash": 1.5,
            "stock": 0
        },
        "2013-06-20": {
            "cash": 1.5,
            "stock": 0.5
        },
        "2014-08-25": {
            "cash": 2,
            "stock": 0
        },
        "2015-08-17": {
            "cash": 1.2,
            "stock": 0
        },
        "2016-08-18": {
            "cash": 1.2,
            "stock": 0
        },
        "2017-08-09": {
            "cash": 1.2,
            "stock": 0
        },
        "2018-08-13": {
            "cash": 1.8,
            "stock": 0
        },
        "2019-08-22": {
            "cash": 2.4,
            "stock": 0
        },
        "2020-08-21": {
            "cash": 1.5,
            "stock": 1
        },
        "2021-08-20": {
            "cash": 2.5,
            "stock": 0
        },
        "2022-08-22": {
            "cash": 3.5,
            "stock": 0
        },
        "2023-08-22": {
            "cash": 2.5,
            "stock": 0
        }
    },
    "prices": {
        "200101": "無",
        "200102": "無",
        "200103": "無",
        "200104": "無",
        "200105": "無",
        "200106": "無",
        "200107": "無",
        "200108": "無",
        "200109": "無",
        "200110": "無",
        "200111": "無",
        "200112": "無",
        "200201": "無",
        "200202": "無",
        "200203": "無",
        "200204": "無",
        "200205": "無",
        "200206": "無",
        "200207": "無",
        "200208": "無",
        "200209": "無",
        "200210": "無",
        "200211": "無",
        "200212": "無",
        "200301": "無",
        "200302": "無",
        "200303": "無",
        "200304": "無",
        "200305": "無",
        "200306": "無",
        "200307": "無",
        "200308": "無",
        "200309": "無",
        "200310": "無",
        "200311": "無",
        "200312": "無",
        "200401": "無",
        "200402": "無",
        "200403": "無",
        "200404": "無",
        "200405": "無",
        "200406": "無",
        "200407": "無",
        "200408": "無",
        "200409": "無",
        "200410": "無",
        "200411": "無",
        "200412": "無",
        "200501": "無",
        "200502": "無",
        "200503": "無",
        "200504": "無",
        "200505": "無",
        "200506": "無",
        "200507": "無",
        "200508": "無",
        "200509": "無",
        "200510": "無",
        "200511": "無",
        "200512": "無",
        "200601": "無",
        "200602": "無",
        "200603": "無",
        "200604": "無",
        "200605": "無",
        "200606": "無",
        "200607": "無",
        "200608": "無",
        "200609": "無",
        "200610": "無",
        "200611": "無",
        "200612": "無",
        "200701": "36.22",
        "200702": "29.99",
        "200703": "33.20",
        "200704": "35.23",
        "200705": "36.21",
        "200706": "38.49",
        "200707": "44.89",
        "200708": "45.89",
        "200709": "44.21",
        "200710": "39.74",
        "200711": "35.76",
        "200712": "31.90",
        "200801": "28.11",
        "200802": "26.30",
        "200803": "27.98",
        "200804": "26.27",
        "200805": "25.60",
        "200806": "25.14",
        "200807": "24.11",
        "200808": "22.82",
        "200809": "19.28",
        "200810": "14.98",
        "200811": "11.90",
        "200812": "10.20",
        "200901": "10.58",
        "200902": "10.57",
        "200903": "11.60",
        "200904": "13.37",
        "200905": "19.10",
        "200906": "19.14",
        "200907": "24.37",
        "200908": "27.11",
        "200909": "27.11",
        "200910": "27.96",
        "200911": "27.96",
        "200912": "29.09",
        "201001": "27.98",
        "201002": "26.44",
        "201003": "43.14",
        "201004": "66.16",
        "201005": "49.69",
        "201006": "43.65",
        "201007": "44.16",
        "201008": "49.03",
        "201009": "42.03",
        "201010": "33.75",
        "201011": "27.94",
        "201012": "30.37",
        "201101": "28.92",
        "201102": "26.95",
        "201103": "29.07",
        "201104": "27.01",
        "201105": "25.46",
        "201106": "26.93",
        "201107": "24.59",
        "201108": "18.97",
        "201109": "16.26",
        "201110": "15.14",
        "201111": "19.59",
        "201112": "17.54",
        "201201": "17.65",
        "201202": "21.83",
        "201203": "25.44",
        "201204": "26.28",
        "201205": "25.89",
        "201206": "26.26",
        "201207": "25.26",
        "201208": "23.94",
        "201209": "24.56",
        "201210": "24.51",
        "201211": "23.65",
        "201212": "23.73",
        "201301": "24.95",
        "201302": "25.18",
        "201303": "27.89",
        "201304": "31.54",
        "201305": "31.43",
        "201306": "30.00",
        "201307": "29.54",
        "201308": "28.59",
        "201309": "30.14",
        "201310": "31.10",
        "201311": "30.15",
        "201312": "35.82",
        "201401": "34.56",
        "201402": "32.66",
        "201403": "35.67",
        "201404": "36.20",
        "201405": "36.58",
        "201406": "54.77",
        "201407": "53.76",
        "201408": "43.87",
        "201409": "30.70",
        "201410": "24.04",
        "201411": "23.16",
        "201412": "26.23",
        "201501": "25.07",
        "201502": "24.07",
        "201503": "25.84",
        "201504": "24.31",
        "201505": "21.53",
        "201506": "19.37",
        "201507": "17.79",
        "201508": "14.99",
        "201509": "15.58",
        "201510": "16.93",
        "201511": "18.82",
        "201512": "19.05",
        "201601": "19.58",
        "201602": "21.04",
        "201603": "22.44",
        "201604": "20.11",
        "201605": "18.65",
        "201606": "19.51",
        "201607": "20.41",
        "201608": "19.66",
        "201609": "19.31",
        "201610": "21.48",
        "201611": "20.08",
        "201612": "20.58",
        "201701": "20.74",
        "201702": "21.84",
        "201703": "22.35",
        "201704": "22.44",
        "201705": "21.57",
        "201706": "21.97",
        "201707": "21.15",
        "201708": "20.01",
        "201709": "20.28",
        "201710": "19.89",
        "201711": "21.05",
        "201712": "21.99",
        "201801": "23.38",
        "201802": "21.84",
        "201803": "23.75",
        "201804": "30.13",
        "201805": "36.06",
        "201806": "41.68",
        "201807": "38.33",
        "201808": "31.24",
        "201809": "27.33",
        "201810": "23.76",
        "201811": "24.56",
        "201812": "24.93",
        "201901": "26.76",
        "201902": "28.48",
        "201903": "29.25",
        "201904": "31.18",
        "201905": "30.87",
        "201906": "30.62",
        "201907": "32.36",
        "201908": "30.69",
        "201909": "31.92",
        "201910": "33.74",
        "201911": "32.79",
        "201912": "32.35",
        "202001": "32.24",
        "202002": "31.48",
        "202003": "28.29",
        "202004": "30.65",
        "202005": "38.28",
        "202006": "39.22",
        "202007": "38.74",
        "202008": "33.89",
        "202009": "31.74",
        "202010": "30.52",
        "202011": "31.52",
        "202012": "34.32",
        "202101": "34.46",
        "202102": "33.94",
        "202103": "36.34",
        "202104": "41.43",
        "202105": "38.75",
        "202106": "38.00",
        "202107": "37.71",
        "202108": "34.46",
        "202109": "34.41",
        "202110": "33.54",
        "202111": "36.28",
        "202112": "36.51",
        "202201": "37.99",
        "202202": "41.28",
        "202203": "41.26",
        "202204": "41.76",
        "202205": "39.95",
        "202206": "39.59",
        "202207": "35.30",
        "202208": "34.27",
        "202209": "34.34",
        "202210": "33.30",
        "202211": "34.11",
        "202212": "34.95",
        "202301": "35.77",
        "202302": "38.81",
        "202303": "37.64",
        "202304": "37.58",
        "202305": "38.47",
        "202306": "39.51",
        "202307": "39.30",
        "202308": "37.06",
        "202309": "37.92",
        "202310": "38.01"
    },
    "quarters": {
        "20011": {
            "year_quarter": 20011,
            "year": 2001,
            "quarter": 1,
            "eps": null,
            "eps_growth_year": null,
            "eps_4q": null,
            "eps_4q_growth_year": null,
            "roe": null,
            "roe_4q": 0,
            "gross_profit": null,
            "gross_margin": null,
            "gross_margin_4q_avg": 0,
            "net_income": null,
            "net_income_4q": null,
            "revenue": null,
            "revenue_4q": null,
            "common_shares": null,
            "book_valuer_per_share": null,
            "book_valuer_per_share_4q_avg": 0,
            "equity": null,
            "current_ratio": null,
            "debt_ratio": null,
            "inventory_turnover_ratio": null,
            "account_receivable_turnover_ratio": null,
            "reinvestment_rate": null,
            "research_to_sale_ratio": null,
            "price_fair": 0,
            "eps_avg_yearly": 0,
            "eps_latest_yearly": 0,
            "eps_growth_yearly": 0
        },
        "20012": {
            "year_quarter": 20012,
            "year": 2001,
            "quarter": 2,
            "eps": null,
            "eps_growth_year": null,
            "eps_4q": null,
            "eps_4q_growth_year": null,
            "roe": null,
            "roe_4q": 0,
            "gross_profit": null,
            "gross_margin": null,
            "gross_margin_4q_avg": 0,
            "net_income": null,
            "net_income_4q": null,
            "revenue": null,
            "revenue_4q": null,
            "common_shares": null,
            "book_valuer_per_share": null,
            "book_valuer_per_share_4q_avg": 0,
            "equity": null,
            "current_ratio": null,
            "debt_ratio": null,
            "inventory_turnover_ratio": null,
            "account_receivable_turnover_ratio": null,
            "reinvestment_rate": null,
            "research_to_sale_ratio": null,
            "price_fair": 0,
            "eps_avg_yearly": 0,
            "eps_latest_yearly": 0,
            "eps_growth_yearly": 0
        },
        "20013": {
            "year_quarter": 20013,
            "year": 2001,
            "quarter": 3,
            "eps": null,
            "eps_growth_year": null,
            "eps_4q": null,
            "eps_4q_growth_year": null,
            "roe": null,
            "roe_4q": 0,
            "gross_profit": null,
            "gross_margin": null,
            "gross_margin_4q_avg": 0,
            "net_income": null,
            "net_income_4q": null,
            "revenue": null,
            "revenue_4q": null,
            "common_shares": null,
            "book_valuer_per_share": null,
            "book_valuer_per_share_4q_avg": 0,
            "equity": null,
            "current_ratio": null,
            "debt_ratio": null,
            "inventory_turnover_ratio": null,
            "account_receivable_turnover_ratio": null,
            "reinvestment_rate": null,
            "research_to_sale_ratio": null,
            "price_fair": 0,
            "eps_avg_yearly": 0,
            "eps_latest_yearly": 0,
            "eps_growth_yearly": 0
        },
        "20014": {
            "year_quarter": 20014,
            "year": 2001,
            "quarter": 4,
            "eps": null,
            "eps_growth_year": null,
            "eps_4q": null,
            "eps_4q_growth_year": null,
            "roe": null,
            "roe_4q": 0,
            "gross_profit": null,
            "gross_margin": null,
            "gross_margin_4q_avg": 0,
            "net_income": null,
            "net_income_4q": null,
            "revenue": null,
            "revenue_4q": null,
            "common_shares": 150000,
            "book_valuer_per_share": 12.26,
            "book_valuer_per_share_4q_avg": 3.07,
            "equity": 183966,
            "current_ratio": 178.93,
            "debt_ratio": 53.69,
            "inventory_turnover_ratio": null,
            "account_receivable_turnover_ratio": null,
            "reinvestment_rate": null,
            "research_to_sale_ratio": null,
            "price_fair": 0,
            "eps_avg_yearly": 0,
            "eps_latest_yearly": 0,
            "eps_growth_yearly": 0
        },
        "20021": {
            "year_quarter": 20021,
            "year": 2002,
            "quarter": 1,
            "eps": null,
            "eps_growth_year": null,
            "eps_4q": null,
            "eps_4q_growth_year": null,
            "roe": null,
            "roe_4q": 0,
            "gross_profit": null,
            "gross_margin": null,
            "gross_margin_4q_avg": 0,
            "net_income": null,
            "net_income_4q": null,
            "revenue": null,
            "revenue_4q": null,
            "common_shares": null,
            "book_valuer_per_share": null,
            "book_valuer_per_share_4q_avg": 3.07,
            "equity": null,
            "current_ratio": null,
            "debt_ratio": null,
            "inventory_turnover_ratio": null,
            "account_receivable_turnover_ratio": null,
            "reinvestment_rate": null,
            "research_to_sale_ratio": null,
            "price_fair": 0,
            "eps_avg_yearly": 0,
            "eps_latest_yearly": 0,
            "eps_growth_yearly": 0
        },
        "20022": {
            "year_quarter": 20022,
            "year": 2002,
            "quarter": 2,
            "eps": null,
            "eps_growth_year": null,
            "eps_4q": null,
            "eps_4q_growth_year": null,
            "roe": null,
            "roe_4q": 0,
            "gross_profit": null,
            "gross_margin": null,
            "gross_margin_4q_avg": 0,
            "net_income": null,
            "net_income_4q": null,
            "revenue": null,
            "revenue_4q": null,
            "common_shares": null,
            "book_valuer_per_share": null,
            "book_valuer_per_share_4q_avg": 3.07,
            "equity": null,
            "current_ratio": null,
            "debt_ratio": null,
            "inventory_turnover_ratio": null,
            "account_receivable_turnover_ratio": null,
            "reinvestment_rate": null,
            "research_to_sale_ratio": null,
            "price_fair": 0,
            "eps_avg_yearly": 0,
            "eps_latest_yearly": 0,
            "eps_growth_yearly": 0
        },
        "20023": {
            "year_quarter": 20023,
            "year": 2002,
            "quarter": 3,
            "eps": null,
            "eps_growth_year": null,
            "eps_4q": null,
            "eps_4q_growth_year": null,
            "roe": null,
            "roe_4q": 0,
            "gross_profit": null,
            "gross_margin": null,
            "gross_margin_4q_avg": 0,
            "net_income": null,
            "net_income_4q": null,
            "revenue": null,
            "revenue_4q": null,
            "common_shares": null,
            "book_valuer_per_share": null,
            "book_valuer_per_share_4q_avg": 3.07,
            "equity": null,
            "current_ratio": null,
            "debt_ratio": null,
            "inventory_turnover_ratio": null,
            "account_receivable_turnover_ratio": null,
            "reinvestment_rate": null,
            "research_to_sale_ratio": null,
            "price_fair": 0,
            "eps_avg_yearly": 0,
            "eps_latest_yearly": 0,
            "eps_growth_yearly": 0
        },
        "20024": {
            "year_quarter": 20024,
            "year": 2002,
            "quarter": 4,
            "eps": null,
            "eps_growth_year": null,
            "eps_4q": null,
            "eps_4q_growth_year": null,
            "roe": null,
            "roe_4q": 0,
            "gross_profit": null,
            "gross_margin": null,
            "gross_margin_4q_avg": 0,
            "net_income": null,
            "net_income_4q": null,
            "revenue": null,
            "revenue_4q": null,
            "common_shares": 150000,
            "book_valuer_per_share": 12.42,
            "book_valuer_per_share_4q_avg": 3.11,
            "equity": 186367,
            "current_ratio": 147.69,
            "debt_ratio": 66.5,
            "inventory_turnover_ratio": null,
            "account_receivable_turnover_ratio": null,
            "reinvestment_rate": null,
            "research_to_sale_ratio": null,
            "price_fair": 0,
            "eps_avg_yearly": 0,
            "eps_latest_yearly": 0,
            "eps_growth_yearly": 0
        },
        "20031": {
            "year_quarter": 20031,
            "year": 2003,
            "quarter": 1,
            "eps": null,
            "eps_growth_year": null,
            "eps_4q": null,
            "eps_4q_growth_year": null,
            "roe": null,
            "roe_4q": 0,
            "gross_profit": null,
            "gross_margin": null,
            "gross_margin_4q_avg": 0,
            "net_income": null,
            "net_income_4q": null,
            "revenue": null,
            "revenue_4q": null,
            "common_shares": null,
            "book_valuer_per_share": null,
            "book_valuer_per_share_4q_avg": 3.11,
            "equity": null,
            "current_ratio": null,
            "debt_ratio": null,
            "inventory_turnover_ratio": null,
            "account_receivable_turnover_ratio": null,
            "reinvestment_rate": null,
            "research_to_sale_ratio": null,
            "price_fair": 0,
            "eps_avg_yearly": 0,
            "eps_latest_yearly": 0,
            "eps_growth_yearly": 0
        },
        "20032": {
            "year_quarter": 20032,
            "year": 2003,
            "quarter": 2,
            "eps": null,
            "eps_growth_year": null,
            "eps_4q": null,
            "eps_4q_growth_year": null,
            "roe": null,
            "roe_4q": 0,
            "gross_profit": null,
            "gross_margin": null,
            "gross_margin_4q_avg": 0,
            "net_income": null,
            "net_income_4q": null,
            "revenue": null,
            "revenue_4q": null,
            "common_shares": null,
            "book_valuer_per_share": null,
            "book_valuer_per_share_4q_avg": 3.11,
            "equity": null,
            "current_ratio": null,
            "debt_ratio": null,
            "inventory_turnover_ratio": null,
            "account_receivable_turnover_ratio": null,
            "reinvestment_rate": null,
            "research_to_sale_ratio": null,
            "price_fair": 0,
            "eps_avg_yearly": 0,
            "eps_latest_yearly": 0,
            "eps_growth_yearly": 0
        },
        "20033": {
            "year_quarter": 20033,
            "year": 2003,
            "quarter": 3,
            "eps": null,
            "eps_growth_year": null,
            "eps_4q": null,
            "eps_4q_growth_year": null,
            "roe": null,
            "roe_4q": 0,
            "gross_profit": null,
            "gross_margin": null,
            "gross_margin_4q_avg": 0,
            "net_income": null,
            "net_income_4q": null,
            "revenue": null,
            "revenue_4q": null,
            "common_shares": null,
            "book_valuer_per_share": null,
            "book_valuer_per_share_4q_avg": 3.11,
            "equity": null,
            "current_ratio": null,
            "debt_ratio": null,
            "inventory_turnover_ratio": null,
            "account_receivable_turnover_ratio": null,
            "reinvestment_rate": null,
            "research_to_sale_ratio": null,
            "price_fair": 0,
            "eps_avg_yearly": 0,
            "eps_latest_yearly": 0,
            "eps_growth_yearly": 0
        },
        "20034": {
            "year_quarter": 20034,
            "year": 2003,
            "quarter": 4,
            "eps": null,
            "eps_growth_year": null,
            "eps_4q": null,
            "eps_4q_growth_year": null,
            "roe": null,
            "roe_4q": 0,
            "gross_profit": null,
            "gross_margin": null,
            "gross_margin_4q_avg": 0,
            "net_income": null,
            "net_income_4q": null,
            "revenue": null,
            "revenue_4q": null,
            "common_shares": 215000,
            "book_valuer_per_share": 13.91,
            "book_valuer_per_share_4q_avg": 3.48,
            "equity": 298962,
            "current_ratio": 171.9,
            "debt_ratio": 58.19,
            "inventory_turnover_ratio": null,
            "account_receivable_turnover_ratio": null,
            "reinvestment_rate": null,
            "research_to_sale_ratio": null,
            "price_fair": 0,
            "eps_avg_yearly": 0,
            "eps_latest_yearly": 0,
            "eps_growth_yearly": 0
        },
        "20041": {
            "year_quarter": 20041,
            "year": 2004,
            "quarter": 1,
            "eps": null,
            "eps_growth_year": null,
            "eps_4q": null,
            "eps_4q_growth_year": null,
            "roe": null,
            "roe_4q": 0,
            "gross_profit": null,
            "gross_margin": null,
            "gross_margin_4q_avg": 0,
            "net_income": null,
            "net_income_4q": null,
            "revenue": null,
            "revenue_4q": null,
            "common_shares": null,
            "book_valuer_per_share": null,
            "book_valuer_per_share_4q_avg": 3.48,
            "equity": null,
            "current_ratio": null,
            "debt_ratio": null,
            "inventory_turnover_ratio": null,
            "account_receivable_turnover_ratio": null,
            "reinvestment_rate": null,
            "research_to_sale_ratio": null,
            "price_fair": 0,
            "eps_avg_yearly": 0,
            "eps_latest_yearly": 0,
            "eps_growth_yearly": 0
        },
        "20042": {
            "year_quarter": 20042,
            "year": 2004,
            "quarter": 2,
            "eps": null,
            "eps_growth_year": null,
            "eps_4q": null,
            "eps_4q_growth_year": null,
            "roe": null,
            "roe_4q": 0,
            "gross_profit": null,
            "gross_margin": null,
            "gross_margin_4q_avg": 0,
            "net_income": null,
            "net_income_4q": null,
            "revenue": null,
            "revenue_4q": null,
            "common_shares": null,
            "book_valuer_per_share": null,
            "book_valuer_per_share_4q_avg": 3.48,
            "equity": null,
            "current_ratio": null,
            "debt_ratio": null,
            "inventory_turnover_ratio": null,
            "account_receivable_turnover_ratio": null,
            "reinvestment_rate": null,
            "research_to_sale_ratio": null,
            "price_fair": 0,
            "eps_avg_yearly": 0,
            "eps_latest_yearly": 0,
            "eps_growth_yearly": 0
        },
        "20043": {
            "year_quarter": 20043,
            "year": 2004,
            "quarter": 3,
            "eps": null,
            "eps_growth_year": null,
            "eps_4q": null,
            "eps_4q_growth_year": null,
            "roe": null,
            "roe_4q": 0,
            "gross_profit": null,
            "gross_margin": null,
            "gross_margin_4q_avg": 0,
            "net_income": null,
            "net_income_4q": null,
            "revenue": null,
            "revenue_4q": null,
            "common_shares": null,
            "book_valuer_per_share": null,
            "book_valuer_per_share_4q_avg": 3.48,
            "equity": null,
            "current_ratio": null,
            "debt_ratio": null,
            "inventory_turnover_ratio": null,
            "account_receivable_turnover_ratio": null,
            "reinvestment_rate": null,
            "research_to_sale_ratio": null,
            "price_fair": 0,
            "eps_avg_yearly": 0,
            "eps_latest_yearly": 0,
            "eps_growth_yearly": 0
        },
        "20044": {
            "year_quarter": 20044,
            "year": 2004,
            "quarter": 4,
            "eps": null,
            "eps_growth_year": null,
            "eps_4q": null,
            "eps_4q_growth_year": null,
            "roe": null,
            "roe_4q": 0,
            "gross_profit": null,
            "gross_margin": null,
            "gross_margin_4q_avg": 0,
            "net_income": null,
            "net_income_4q": null,
            "revenue": null,
            "revenue_4q": null,
            "common_shares": 258000,
            "book_valuer_per_share": 13.14,
            "book_valuer_per_share_4q_avg": 3.29,
            "equity": 339025,
            "current_ratio": 154.71,
            "debt_ratio": 64.83,
            "inventory_turnover_ratio": null,
            "account_receivable_turnover_ratio": null,
            "reinvestment_rate": null,
            "research_to_sale_ratio": null,
            "price_fair": 0,
            "eps_avg_yearly": 0,
            "eps_latest_yearly": 0,
            "eps_growth_yearly": 0
        },
        "20051": {
            "year_quarter": 20051,
            "year": 2005,
            "quarter": 1,
            "eps": null,
            "eps_growth_year": null,
            "eps_4q": null,
            "eps_4q_growth_year": null,
            "roe": null,
            "roe_4q": 0,
            "gross_profit": null,
            "gross_margin": null,
            "gross_margin_4q_avg": 0,
            "net_income": null,
            "net_income_4q": null,
            "revenue": null,
            "revenue_4q": null,
            "common_shares": null,
            "book_valuer_per_share": null,
            "book_valuer_per_share_4q_avg": 3.29,
            "equity": null,
            "current_ratio": null,
            "debt_ratio": null,
            "inventory_turnover_ratio": null,
            "account_receivable_turnover_ratio": null,
            "reinvestment_rate": null,
            "research_to_sale_ratio": null,
            "price_fair": 0,
            "eps_avg_yearly": 0,
            "eps_latest_yearly": 0,
            "eps_growth_yearly": 0
        },
        "20052": {
            "year_quarter": 20052,
            "year": 2005,
            "quarter": 2,
            "eps": null,
            "eps_growth_year": null,
            "eps_4q": null,
            "eps_4q_growth_year": null,
            "roe": null,
            "roe_4q": 0,
            "gross_profit": null,
            "gross_margin": null,
            "gross_margin_4q_avg": 0,
            "net_income": null,
            "net_income_4q": null,
            "revenue": null,
            "revenue_4q": null,
            "common_shares": null,
            "book_valuer_per_share": null,
            "book_valuer_per_share_4q_avg": 3.29,
            "equity": null,
            "current_ratio": null,
            "debt_ratio": null,
            "inventory_turnover_ratio": null,
            "account_receivable_turnover_ratio": null,
            "reinvestment_rate": null,
            "research_to_sale_ratio": null,
            "price_fair": 0,
            "eps_avg_yearly": 0,
            "eps_latest_yearly": 0,
            "eps_growth_yearly": 0
        },
        "20053": {
            "year_quarter": 20053,
            "year": 2005,
            "quarter": 3,
            "eps": null,
            "eps_growth_year": null,
            "eps_4q": null,
            "eps_4q_growth_year": null,
            "roe": null,
            "roe_4q": 0,
            "gross_profit": null,
            "gross_margin": null,
            "gross_margin_4q_avg": 0,
            "net_income": null,
            "net_income_4q": null,
            "revenue": null,
            "revenue_4q": null,
            "common_shares": null,
            "book_valuer_per_share": null,
            "book_valuer_per_share_4q_avg": 3.29,
            "equity": null,
            "current_ratio": null,
            "debt_ratio": null,
            "inventory_turnover_ratio": null,
            "account_receivable_turnover_ratio": null,
            "reinvestment_rate": null,
            "research_to_sale_ratio": null,
            "price_fair": 0,
            "eps_avg_yearly": 0,
            "eps_latest_yearly": 0,
            "eps_growth_yearly": 0
        },
        "20054": {
            "year_quarter": 20054,
            "year": 2005,
            "quarter": 4,
            "eps": null,
            "eps_growth_year": null,
            "eps_4q": null,
            "eps_4q_growth_year": null,
            "roe": null,
            "roe_4q": 0,
            "gross_profit": null,
            "gross_margin": null,
            "gross_margin_4q_avg": 0,
            "net_income": null,
            "net_income_4q": null,
            "revenue": null,
            "revenue_4q": null,
            "common_shares": 310000,
            "book_valuer_per_share": 15.26,
            "book_valuer_per_share_4q_avg": 3.82,
            "equity": 472937,
            "current_ratio": 155.9,
            "debt_ratio": 64.66,
            "inventory_turnover_ratio": null,
            "account_receivable_turnover_ratio": null,
            "reinvestment_rate": null,
            "research_to_sale_ratio": null,
            "price_fair": 0,
            "eps_avg_yearly": 0,
            "eps_latest_yearly": 0,
            "eps_growth_yearly": 0
        },
        "20061": {
            "year_quarter": 20061,
            "year": 2006,
            "quarter": 1,
            "eps": null,
            "eps_growth_year": null,
            "eps_4q": null,
            "eps_4q_growth_year": null,
            "roe": null,
            "roe_4q": 0,
            "gross_profit": null,
            "gross_margin": null,
            "gross_margin_4q_avg": 0,
            "net_income": null,
            "net_income_4q": null,
            "revenue": null,
            "revenue_4q": null,
            "common_shares": null,
            "book_valuer_per_share": null,
            "book_valuer_per_share_4q_avg": 3.82,
            "equity": null,
            "current_ratio": null,
            "debt_ratio": null,
            "inventory_turnover_ratio": null,
            "account_receivable_turnover_ratio": null,
            "reinvestment_rate": null,
            "research_to_sale_ratio": null,
            "price_fair": 0,
            "eps_avg_yearly": 0,
            "eps_latest_yearly": 0,
            "eps_growth_yearly": 0
        },
        "20062": {
            "year_quarter": 20062,
            "year": 2006,
            "quarter": 2,
            "eps": null,
            "eps_growth_year": null,
            "eps_4q": null,
            "eps_4q_growth_year": null,
            "roe": null,
            "roe_4q": 0,
            "gross_profit": null,
            "gross_margin": null,
            "gross_margin_4q_avg": 0,
            "net_income": null,
            "net_income_4q": null,
            "revenue": null,
            "revenue_4q": null,
            "common_shares": null,
            "book_valuer_per_share": null,
            "book_valuer_per_share_4q_avg": 3.82,
            "equity": null,
            "current_ratio": null,
            "debt_ratio": null,
            "inventory_turnover_ratio": null,
            "account_receivable_turnover_ratio": null,
            "reinvestment_rate": null,
            "research_to_sale_ratio": null,
            "price_fair": 0,
            "eps_avg_yearly": 0,
            "eps_latest_yearly": 0,
            "eps_growth_yearly": 0
        },
        "20063": {
            "year_quarter": 20063,
            "year": 2006,
            "quarter": 3,
            "eps": null,
            "eps_growth_year": null,
            "eps_4q": null,
            "eps_4q_growth_year": null,
            "roe": null,
            "roe_4q": 0,
            "gross_profit": null,
            "gross_margin": null,
            "gross_margin_4q_avg": 0,
            "net_income": null,
            "net_income_4q": null,
            "revenue": null,
            "revenue_4q": null,
            "common_shares": null,
            "book_valuer_per_share": null,
            "book_valuer_per_share_4q_avg": 3.82,
            "equity": null,
            "current_ratio": null,
            "debt_ratio": null,
            "inventory_turnover_ratio": null,
            "account_receivable_turnover_ratio": null,
            "reinvestment_rate": null,
            "research_to_sale_ratio": null,
            "price_fair": 0,
            "eps_avg_yearly": 0,
            "eps_latest_yearly": 0,
            "eps_growth_yearly": 0
        },
        "20064": {
            "year_quarter": 20064,
            "year": 2006,
            "quarter": 4,
            "eps": null,
            "eps_growth_year": null,
            "eps_4q": null,
            "eps_4q_growth_year": null,
            "roe": null,
            "roe_4q": 0,
            "gross_profit": null,
            "gross_margin": null,
            "gross_margin_4q_avg": 0,
            "net_income": null,
            "net_income_4q": null,
            "revenue": null,
            "revenue_4q": null,
            "common_shares": 310000,
            "book_valuer_per_share": 16.76,
            "book_valuer_per_share_4q_avg": 4.19,
            "equity": 519674,
            "current_ratio": 140.07,
            "debt_ratio": 70.75,
            "inventory_turnover_ratio": null,
            "account_receivable_turnover_ratio": null,
            "reinvestment_rate": null,
            "research_to_sale_ratio": null,
            "price_fair": 0,
            "eps_avg_yearly": 0,
            "eps_latest_yearly": 0,
            "eps_growth_yearly": 0
        },
        "20071": {
            "year_quarter": 20071,
            "year": 2007,
            "quarter": 1,
            "eps": null,
            "eps_growth_year": null,
            "eps_4q": null,
            "eps_4q_growth_year": null,
            "roe": null,
            "roe_4q": 0,
            "gross_profit": null,
            "gross_margin": null,
            "gross_margin_4q_avg": 0,
            "net_income": null,
            "net_income_4q": null,
            "revenue": null,
            "revenue_4q": null,
            "common_shares": null,
            "book_valuer_per_share": null,
            "book_valuer_per_share_4q_avg": 4.19,
            "equity": null,
            "current_ratio": null,
            "debt_ratio": null,
            "inventory_turnover_ratio": null,
            "account_receivable_turnover_ratio": null,
            "reinvestment_rate": null,
            "research_to_sale_ratio": null,
            "price_fair": 0,
            "eps_avg_yearly": 0,
            "eps_latest_yearly": 0,
            "eps_growth_yearly": 0
        },
        "20072": {
            "year_quarter": 20072,
            "year": 2007,
            "quarter": 2,
            "eps": null,
            "eps_growth_year": null,
            "eps_4q": null,
            "eps_4q_growth_year": null,
            "roe": null,
            "roe_4q": 0,
            "gross_profit": null,
            "gross_margin": null,
            "gross_margin_4q_avg": 0,
            "net_income": null,
            "net_income_4q": null,
            "revenue": null,
            "revenue_4q": null,
            "common_shares": null,
            "book_valuer_per_share": null,
            "book_valuer_per_share_4q_avg": 4.19,
            "equity": null,
            "current_ratio": null,
            "debt_ratio": null,
            "inventory_turnover_ratio": null,
            "account_receivable_turnover_ratio": null,
            "reinvestment_rate": null,
            "research_to_sale_ratio": null,
            "price_fair": 0,
            "eps_avg_yearly": 0,
            "eps_latest_yearly": 0,
            "eps_growth_yearly": 0
        },
        "20073": {
            "year_quarter": 20073,
            "year": 2007,
            "quarter": 3,
            "eps": null,
            "eps_growth_year": null,
            "eps_4q": null,
            "eps_4q_growth_year": null,
            "roe": null,
            "roe_4q": 0,
            "gross_profit": null,
            "gross_margin": null,
            "gross_margin_4q_avg": 0,
            "net_income": null,
            "net_income_4q": null,
            "revenue": null,
            "revenue_4q": null,
            "common_shares": null,
            "book_valuer_per_share": null,
            "book_valuer_per_share_4q_avg": 4.19,
            "equity": null,
            "current_ratio": null,
            "debt_ratio": null,
            "inventory_turnover_ratio": null,
            "account_receivable_turnover_ratio": null,
            "reinvestment_rate": null,
            "research_to_sale_ratio": null,
            "price_fair": 0,
            "eps_avg_yearly": 0,
            "eps_latest_yearly": 0,
            "eps_growth_yearly": 0
        },
        "20074": {
            "year_quarter": 20074,
            "year": 2007,
            "quarter": 4,
            "eps": null,
            "eps_growth_year": null,
            "eps_4q": null,
            "eps_4q_growth_year": null,
            "roe": null,
            "roe_4q": 0,
            "gross_profit": null,
            "gross_margin": null,
            "gross_margin_4q_avg": 0,
            "net_income": null,
            "net_income_4q": null,
            "revenue": null,
            "revenue_4q": null,
            "common_shares": 341000,
            "book_valuer_per_share": 18.03,
            "book_valuer_per_share_4q_avg": 4.51,
            "equity": 614973,
            "current_ratio": 142.94,
            "debt_ratio": 69.11,
            "inventory_turnover_ratio": null,
            "account_receivable_turnover_ratio": null,
            "reinvestment_rate": null,
            "research_to_sale_ratio": null,
            "price_fair": 0,
            "eps_avg_yearly": 0,
            "eps_latest_yearly": 0,
            "eps_growth_yearly": 0
        },
        "20081": {
            "year_quarter": 20081,
            "year": 2008,
            "quarter": 1,
            "eps": -0.19,
            "eps_growth_year": null,
            "eps_4q": null,
            "eps_4q_growth_year": null,
            "roe": -1.04,
            "roe_4q": -1.04,
            "gross_profit": 58181,
            "gross_margin": 8.78,
            "gross_margin_4q_avg": 2.2,
            "net_income": -6351,
            "net_income_4q": null,
            "revenue": 662359,
            "revenue_4q": null,
            "common_shares": 341000,
            "book_valuer_per_share": 17.85,
            "book_valuer_per_share_4q_avg": 8.97,
            "equity": 608622,
            "current_ratio": 198.39,
            "debt_ratio": 51.73,
            "inventory_turnover_ratio": 2.65,
            "account_receivable_turnover_ratio": null,
            "reinvestment_rate": null,
            "research_to_sale_ratio": null,
            "price_fair": 0,
            "eps_avg_yearly": 0,
            "eps_latest_yearly": 0,
            "eps_growth_yearly": 0
        },
        "20082": {
            "year_quarter": 20082,
            "year": 2008,
            "quarter": 2,
            "eps": 1,
            "eps_growth_year": null,
            "eps_4q": null,
            "eps_4q_growth_year": null,
            "roe": 5.88,
            "roe_4q": 4.84,
            "gross_profit": 51549,
            "gross_margin": 7.62,
            "gross_margin_4q_avg": 4.1,
            "net_income": 33943,
            "net_income_4q": null,
            "revenue": 676602,
            "revenue_4q": null,
            "common_shares": 341000,
            "book_valuer_per_share": 16,
            "book_valuer_per_share_4q_avg": 12.97,
            "equity": 545628,
            "current_ratio": 186.9,
            "debt_ratio": 53.54,
            "inventory_turnover_ratio": 5.85,
            "account_receivable_turnover_ratio": null,
            "reinvestment_rate": null,
            "research_to_sale_ratio": null,
            "price_fair": 0,
            "eps_avg_yearly": 0,
            "eps_latest_yearly": 0,
            "eps_growth_yearly": 0
        },
        "20083": {
            "year_quarter": 20083,
            "year": 2008,
            "quarter": 3,
            "eps": 0.95,
            "eps_growth_year": null,
            "eps_4q": null,
            "eps_4q_growth_year": null,
            "roe": 5.75,
            "roe_4q": 10.59,
            "gross_profit": 43117,
            "gross_margin": 6,
            "gross_margin_4q_avg": 5.6,
            "net_income": 32323,
            "net_income_4q": null,
            "revenue": 718666,
            "revenue_4q": null,
            "common_shares": 341000,
            "book_valuer_per_share": 16.95,
            "book_valuer_per_share_4q_avg": 17.21,
            "equity": 577950,
            "current_ratio": 179.71,
            "debt_ratio": 55.39,
            "inventory_turnover_ratio": 4.84,
            "account_receivable_turnover_ratio": null,
            "reinvestment_rate": null,
            "research_to_sale_ratio": null,
            "price_fair": 11.4,
            "eps_avg_yearly": 3.8,
            "eps_latest_yearly": 3.8,
            "eps_growth_yearly": -20
        },
        "20084": {
            "year_quarter": 20084,
            "year": 2008,
            "quarter": 4,
            "eps": 0.52,
            "eps_growth_year": null,
            "eps_4q": 2.26,
            "eps_4q_growth_year": null,
            "roe": 3.04,
            "roe_4q": 13.629999999999999,
            "gross_profit": 41578,
            "gross_margin": 10.91,
            "gross_margin_4q_avg": 8.33,
            "net_income": 17897,
            "net_income_4q": null,
            "revenue": 381076,
            "revenue_4q": null,
            "common_shares": 341000,
            "book_valuer_per_share": 17.56,
            "book_valuer_per_share_4q_avg": 17.09,
            "equity": 598672,
            "current_ratio": 165.73,
            "debt_ratio": 59.53,
            "inventory_turnover_ratio": 1.34,
            "account_receivable_turnover_ratio": 1.3,
            "reinvestment_rate": null,
            "research_to_sale_ratio": null,
            "price_fair": 8.82,
            "eps_avg_yearly": 2.94,
            "eps_latest_yearly": 2.08,
            "eps_growth_yearly": -100.53
        },
        "20091": {
            "year_quarter": 20091,
            "year": 2009,
            "quarter": 1,
            "eps": 0.79,
            "eps_growth_year": null,
            "eps_4q": 3.26,
            "eps_4q_growth_year": null,
            "roe": 4.39,
            "roe_4q": 19.06,
            "gross_profit": 55474,
            "gross_margin": 9.39,
            "gross_margin_4q_avg": 8.48,
            "net_income": 26895,
            "net_income_4q": null,
            "revenue": 591070,
            "revenue_4q": null,
            "common_shares": 341000,
            "book_valuer_per_share": 18.37,
            "book_valuer_per_share_4q_avg": 17.22,
            "equity": 626561,
            "current_ratio": 182.74,
            "debt_ratio": 54.46,
            "inventory_turnover_ratio": 2.24,
            "account_receivable_turnover_ratio": 0.7,
            "reinvestment_rate": null,
            "research_to_sale_ratio": null,
            "price_fair": 36.8,
            "eps_avg_yearly": 3.01,
            "eps_latest_yearly": 3.16,
            "eps_growth_yearly": 2.21
        },
        "20092": {
            "year_quarter": 20092,
            "year": 2009,
            "quarter": 2,
            "eps": -0.34,
            "eps_growth_year": -134,
            "eps_4q": 1.92,
            "eps_4q_growth_year": null,
            "roe": -1.96,
            "roe_4q": 11.219999999999999,
            "gross_profit": 47934,
            "gross_margin": 8.54,
            "gross_margin_4q_avg": 8.71,
            "net_income": -11701,
            "net_income_4q": null,
            "revenue": 561610,
            "revenue_4q": null,
            "common_shares": 341000,
            "book_valuer_per_share": 16.69,
            "book_valuer_per_share_4q_avg": 17.39,
            "equity": 569216,
            "current_ratio": 172.2,
            "debt_ratio": 57.39,
            "inventory_turnover_ratio": 3.39,
            "account_receivable_turnover_ratio": 0.65,
            "reinvestment_rate": null,
            "research_to_sale_ratio": null,
            "price_fair": 36.8,
            "eps_avg_yearly": 3.01,
            "eps_latest_yearly": 3.16,
            "eps_growth_yearly": 2.21
        },
        "20093": {
            "year_quarter": 20093,
            "year": 2009,
            "quarter": 3,
            "eps": 0.78,
            "eps_growth_year": -17.89,
            "eps_4q": 1.75,
            "eps_4q_growth_year": null,
            "roe": 4.58,
            "roe_4q": 10.05,
            "gross_profit": 82242,
            "gross_margin": 10.14,
            "gross_margin_4q_avg": 9.75,
            "net_income": 26618,
            "net_income_4q": null,
            "revenue": 810944,
            "revenue_4q": null,
            "common_shares": 341000,
            "book_valuer_per_share": 17.43,
            "book_valuer_per_share_4q_avg": 17.51,
            "equity": 594213,
            "current_ratio": 160.81,
            "debt_ratio": 61.37,
            "inventory_turnover_ratio": 4.72,
            "account_receivable_turnover_ratio": 0.81,
            "reinvestment_rate": null,
            "research_to_sale_ratio": null,
            "price_fair": 36.8,
            "eps_avg_yearly": 3.01,
            "eps_latest_yearly": 3.16,
            "eps_growth_yearly": 2.21
        },
        "20094": {
            "year_quarter": 20094,
            "year": 2009,
            "quarter": 4,
            "eps": 0.66,
            "eps_growth_year": 26.92,
            "eps_4q": 1.88,
            "eps_4q_growth_year": -16.67,
            "roe": 3.71,
            "roe_4q": 10.719999999999999,
            "gross_profit": 72527,
            "gross_margin": 9.12,
            "gross_margin_4q_avg": 9.3,
            "net_income": 22430,
            "net_income_4q": null,
            "revenue": 795339,
            "revenue_4q": null,
            "common_shares": 341000,
            "book_valuer_per_share": 18.04,
            "book_valuer_per_share_4q_avg": 17.63,
            "equity": 615110,
            "current_ratio": 173.16,
            "debt_ratio": 57.65,
            "inventory_turnover_ratio": 4.65,
            "account_receivable_turnover_ratio": 0.87,
            "reinvestment_rate": null,
            "research_to_sale_ratio": null,
            "price_fair": 8.76,
            "eps_avg_yearly": 2.92,
            "eps_latest_yearly": 2.64,
            "eps_growth_yearly": -13.72
        },
        "20101": {
            "year_quarter": 20101,
            "year": 2010,
            "quarter": 1,
            "eps": 0.69,
            "eps_growth_year": -12.66,
            "eps_4q": 1.65,
            "eps_4q_growth_year": -49.36,
            "roe": 3.96,
            "roe_4q": 10.29,
            "gross_profit": 75225,
            "gross_margin": 9.4,
            "gross_margin_4q_avg": 9.3,
            "net_income": 26501,
            "net_income_4q": null,
            "revenue": 800492,
            "revenue_4q": null,
            "common_shares": 386470,
            "book_valuer_per_share": 18.7,
            "book_valuer_per_share_4q_avg": 17.72,
            "equity": 722792,
            "current_ratio": 275.78,
            "debt_ratio": 39.57,
            "inventory_turnover_ratio": 5.83,
            "account_receivable_turnover_ratio": 0.47,
            "reinvestment_rate": null,
            "research_to_sale_ratio": null,
            "price_fair": 8.66,
            "eps_avg_yearly": 2.89,
            "eps_latest_yearly": 2.76,
            "eps_growth_yearly": -7.34
        },
        "20102": {
            "year_quarter": 20102,
            "year": 2010,
            "quarter": 2,
            "eps": 0.6,
            "eps_growth_year": null,
            "eps_4q": 2.23,
            "eps_4q_growth_year": 16.27,
            "roe": 3.88,
            "roe_4q": 16.130000000000003,
            "gross_profit": 64255,
            "gross_margin": 9.01,
            "gross_margin_4q_avg": 9.42,
            "net_income": 27889,
            "net_income_4q": null,
            "revenue": 713287,
            "revenue_4q": null,
            "common_shares": 386470,
            "book_valuer_per_share": 18.47,
            "book_valuer_per_share_4q_avg": 18.16,
            "equity": 713900,
            "current_ratio": 246.64,
            "debt_ratio": 43,
            "inventory_turnover_ratio": 4.48,
            "account_receivable_turnover_ratio": 0.63,
            "reinvestment_rate": null,
            "research_to_sale_ratio": null,
            "price_fair": 8.42,
            "eps_avg_yearly": 2.81,
            "eps_latest_yearly": 2.4,
            "eps_growth_yearly": -14.82
        },
        "20103": {
            "year_quarter": 20103,
            "year": 2010,
            "quarter": 3,
            "eps": 0.29,
            "eps_growth_year": -63.28,
            "eps_4q": 1.94,
            "eps_4q_growth_year": 11.04,
            "roe": 1.85,
            "roe_4q": 13.400000000000002,
            "gross_profit": 69554,
            "gross_margin": 10.16,
            "gross_margin_4q_avg": 9.42,
            "net_income": 13283,
            "net_income_4q": null,
            "revenue": 684329,
            "revenue_4q": null,
            "common_shares": 463764,
            "book_valuer_per_share": 15.6,
            "book_valuer_per_share_4q_avg": 17.7,
            "equity": 723557,
            "current_ratio": 249.42,
            "debt_ratio": 42.63,
            "inventory_turnover_ratio": 2.27,
            "account_receivable_turnover_ratio": 0.66,
            "reinvestment_rate": null,
            "research_to_sale_ratio": null,
            "price_fair": 7.71,
            "eps_avg_yearly": 2.57,
            "eps_latest_yearly": 1.16,
            "eps_growth_yearly": -42.22
        },
        "20104": {
            "year_quarter": 20104,
            "year": 2010,
            "quarter": 4,
            "eps": -0.14,
            "eps_growth_year": -121.6,
            "eps_4q": 1.32,
            "eps_4q_growth_year": -30.11,
            "roe": -0.92,
            "roe_4q": 8.77,
            "gross_profit": 58825,
            "gross_margin": 9.59,
            "gross_margin_4q_avg": 9.54,
            "net_income": -6610,
            "net_income_4q": null,
            "revenue": 613223,
            "revenue_4q": null,
            "common_shares": 463764,
            "book_valuer_per_share": 15.26,
            "book_valuer_per_share_4q_avg": 17.01,
            "equity": 707639,
            "current_ratio": 301.62,
            "debt_ratio": 37.01,
            "inventory_turnover_ratio": 1.66,
            "account_receivable_turnover_ratio": 0.49,
            "reinvestment_rate": null,
            "research_to_sale_ratio": null,
            "price_fair": 7.71,
            "eps_avg_yearly": 2.57,
            "eps_latest_yearly": 1.16,
            "eps_growth_yearly": -42.22
        },
        "20111": {
            "year_quarter": 20111,
            "year": 2011,
            "quarter": 1,
            "eps": 0.57,
            "eps_growth_year": -17.39,
            "eps_4q": 1.32,
            "eps_4q_growth_year": -20.11,
            "roe": 3.69,
            "roe_4q": 8.5,
            "gross_profit": 63262,
            "gross_margin": 9.13,
            "gross_margin_4q_avg": 9.47,
            "net_income": 26649,
            "net_income_4q": null,
            "revenue": 692854,
            "revenue_4q": null,
            "common_shares": 463764,
            "book_valuer_per_share": 15.86,
            "book_valuer_per_share_4q_avg": 16.3,
            "equity": 735558,
            "current_ratio": 357.06,
            "debt_ratio": 32.75,
            "inventory_turnover_ratio": 2.76,
            "account_receivable_turnover_ratio": 0.57,
            "reinvestment_rate": null,
            "research_to_sale_ratio": null,
            "price_fair": 7.71,
            "eps_avg_yearly": 2.57,
            "eps_latest_yearly": 1.16,
            "eps_growth_yearly": -42.22
        },
        "20112": {
            "year_quarter": 20112,
            "year": 2011,
            "quarter": 2,
            "eps": 0.23,
            "eps_growth_year": -61.91,
            "eps_4q": 0.95,
            "eps_4q_growth_year": -57.52,
            "roe": 1.48,
            "roe_4q": 6.1,
            "gross_profit": 63538,
            "gross_margin": 9.31,
            "gross_margin_4q_avg": 9.55,
            "net_income": 10622,
            "net_income_4q": null,
            "revenue": 682772,
            "revenue_4q": null,
            "common_shares": 463764,
            "book_valuer_per_share": 15.03,
            "book_valuer_per_share_4q_avg": 15.44,
            "equity": 697197,
            "current_ratio": 237.33,
            "debt_ratio": 44.3,
            "inventory_turnover_ratio": 3.22,
            "account_receivable_turnover_ratio": 0.5,
            "reinvestment_rate": null,
            "research_to_sale_ratio": null,
            "price_fair": 7.1,
            "eps_avg_yearly": 2.37,
            "eps_latest_yearly": 0.92,
            "eps_growth_yearly": -66.77
        },
        "20113": {
            "year_quarter": 20113,
            "year": 2011,
            "quarter": 3,
            "eps": 1.06,
            "eps_growth_year": 269.22,
            "eps_4q": 1.72,
            "eps_4q_growth_year": -11.54,
            "roe": 6.76,
            "roe_4q": 11.01,
            "gross_profit": 64560,
            "gross_margin": 9.74,
            "gross_margin_4q_avg": 9.44,
            "net_income": 49044,
            "net_income_4q": null,
            "revenue": 662795,
            "revenue_4q": null,
            "common_shares": 463764,
            "book_valuer_per_share": 16.24,
            "book_valuer_per_share_4q_avg": 15.6,
            "equity": 753309,
            "current_ratio": 367.79,
            "debt_ratio": 31.68,
            "inventory_turnover_ratio": 2.18,
            "account_receivable_turnover_ratio": 0.51,
            "reinvestment_rate": null,
            "research_to_sale_ratio": null,
            "price_fair": 90.07,
            "eps_avg_yearly": 2.57,
            "eps_latest_yearly": 4.24,
            "eps_growth_yearly": 101.04
        },
        "20114": {
            "year_quarter": 20114,
            "year": 2011,
            "quarter": 4,
            "eps": 0.32,
            "eps_growth_year": null,
            "eps_4q": 2.19,
            "eps_4q_growth_year": 65.98,
            "roe": 1.98,
            "roe_4q": 13.91,
            "gross_profit": 64881,
            "gross_margin": 8.87,
            "gross_margin_4q_avg": 9.26,
            "net_income": 15035,
            "net_income_4q": null,
            "revenue": 731324,
            "revenue_4q": null,
            "common_shares": 463764,
            "book_valuer_per_share": 16.52,
            "book_valuer_per_share_4q_avg": 15.91,
            "equity": 766104,
            "current_ratio": 303.18,
            "debt_ratio": 36.16,
            "inventory_turnover_ratio": 2.55,
            "account_receivable_turnover_ratio": 0.57,
            "reinvestment_rate": 33.22,
            "research_to_sale_ratio": null,
            "price_fair": 85.54,
            "eps_avg_yearly": 2.44,
            "eps_latest_yearly": 1.28,
            "eps_growth_yearly": 63.01
        },
        "20121": {
            "year_quarter": 20121,
            "year": 2012,
            "quarter": 1,
            "eps": 0.17,
            "eps_growth_year": -70.18,
            "eps_4q": 1.78,
            "eps_4q_growth_year": 35.11,
            "roe": 1.04,
            "roe_4q": 11.26,
            "gross_profit": 58667,
            "gross_margin": 9.73,
            "gross_margin_4q_avg": 9.41,
            "net_income": 8001,
            "net_income_4q": null,
            "revenue": 603038,
            "revenue_4q": null,
            "common_shares": 463764,
            "book_valuer_per_share": 16.63,
            "book_valuer_per_share_4q_avg": 16.11,
            "equity": 771235,
            "current_ratio": 345.22,
            "debt_ratio": 37.37,
            "inventory_turnover_ratio": 2.83,
            "account_receivable_turnover_ratio": 0.41,
            "reinvestment_rate": 34.4,
            "research_to_sale_ratio": null,
            "price_fair": 79.93,
            "eps_avg_yearly": 2.28,
            "eps_latest_yearly": 0.68,
            "eps_growth_yearly": 40.23
        },
        "20122": {
            "year_quarter": 20122,
            "year": 2012,
            "quarter": 2,
            "eps": 0.46,
            "eps_growth_year": 100.77,
            "eps_4q": 2.01,
            "eps_4q_growth_year": 112.56,
            "roe": 2.85,
            "roe_4q": 12.629999999999999,
            "gross_profit": 64731,
            "gross_margin": 9.03,
            "gross_margin_4q_avg": 9.34,
            "net_income": 21326,
            "net_income_4q": null,
            "revenue": 716980,
            "revenue_4q": null,
            "common_shares": 463764,
            "book_valuer_per_share": 15.62,
            "book_valuer_per_share_4q_avg": 16.25,
            "equity": 724530,
            "current_ratio": 218.55,
            "debt_ratio": 49.5,
            "inventory_turnover_ratio": 2.64,
            "account_receivable_turnover_ratio": 0.46,
            "reinvestment_rate": 55.16,
            "research_to_sale_ratio": null,
            "price_fair": 78.63,
            "eps_avg_yearly": 2.25,
            "eps_latest_yearly": 1.84,
            "eps_growth_yearly": 93.74
        },
        "20123": {
            "year_quarter": 20123,
            "year": 2012,
            "quarter": 3,
            "eps": 0.56,
            "eps_growth_year": -47.21,
            "eps_4q": 1.51,
            "eps_4q_growth_year": -11.86,
            "roe": 3.52,
            "roe_4q": 9.39,
            "gross_profit": 90861,
            "gross_margin": 9.57,
            "gross_margin_4q_avg": 9.3,
            "net_income": 25889,
            "net_income_4q": null,
            "revenue": 949707,
            "revenue_4q": null,
            "common_shares": 463764,
            "book_valuer_per_share": 16.13,
            "book_valuer_per_share_4q_avg": 16.23,
            "equity": 748198,
            "current_ratio": 218.57,
            "debt_ratio": 47.72,
            "inventory_turnover_ratio": 2.66,
            "account_receivable_turnover_ratio": 0.59,
            "reinvestment_rate": 69.03,
            "research_to_sale_ratio": null,
            "price_fair": 74.08,
            "eps_avg_yearly": 2.12,
            "eps_latest_yearly": 2.24,
            "eps_growth_yearly": 102.66
        },
        "20124": {
            "year_quarter": 20124,
            "year": 2012,
            "quarter": 4,
            "eps": 1.04,
            "eps_growth_year": 220.43,
            "eps_4q": 2.23,
            "eps_4q_growth_year": 2.02,
            "roe": 6.25,
            "roe_4q": 13.66,
            "gross_profit": 107572,
            "gross_margin": 11.45,
            "gross_margin_4q_avg": 9.95,
            "net_income": 48177,
            "net_income_4q": null,
            "revenue": 939280,
            "revenue_4q": null,
            "common_shares": 463764,
            "book_valuer_per_share": 17.13,
            "book_valuer_per_share_4q_avg": 16.38,
            "equity": 794350,
            "current_ratio": 248.07,
            "debt_ratio": 42,
            "inventory_turnover_ratio": 2.8,
            "account_receivable_turnover_ratio": 0.6,
            "reinvestment_rate": 61.48,
            "research_to_sale_ratio": null,
            "price_fair": 80.15,
            "eps_avg_yearly": 2.29,
            "eps_latest_yearly": 4.16,
            "eps_growth_yearly": 146.32
        },
        "20131": {
            "year_quarter": 20131,
            "year": 2013,
            "quarter": 1,
            "eps": 0.73,
            "eps_growth_year": 329.41,
            "eps_4q": 2.79,
            "eps_4q_growth_year": 56.32,
            "roe": 4.19,
            "roe_4q": 16.810000000000002,
            "gross_profit": 66092,
            "gross_margin": 8.63,
            "gross_margin_4q_avg": 9.67,
            "net_income": 33888,
            "net_income_4q": null,
            "revenue": 765411,
            "revenue_4q": null,
            "common_shares": 463764,
            "book_valuer_per_share": 17.77,
            "book_valuer_per_share_4q_avg": 16.66,
            "equity": 824198,
            "current_ratio": 296.18,
            "debt_ratio": 35.41,
            "inventory_turnover_ratio": 2.88,
            "account_receivable_turnover_ratio": 0.7,
            "reinvestment_rate": 12.36,
            "research_to_sale_ratio": null,
            "price_fair": 79.45,
            "eps_avg_yearly": 2.27,
            "eps_latest_yearly": 2.92,
            "eps_growth_yearly": 119.07
        },
        "20132": {
            "year_quarter": 20132,
            "year": 2013,
            "quarter": 2,
            "eps": 1.09,
            "eps_growth_year": 137.04,
            "eps_4q": 3.26,
            "eps_4q_growth_year": 61.7,
            "roe": 6.21,
            "roe_4q": 20.169999999999998,
            "gross_profit": 103517,
            "gross_margin": 13.08,
            "gross_margin_4q_avg": 10.68,
            "net_income": 50637,
            "net_income_4q": null,
            "revenue": 791531,
            "revenue_4q": null,
            "common_shares": 463764,
            "book_valuer_per_share": 17.41,
            "book_valuer_per_share_4q_avg": 17.11,
            "equity": 807389,
            "current_ratio": 220.64,
            "debt_ratio": 43.75,
            "inventory_turnover_ratio": 2.14,
            "account_receivable_turnover_ratio": 1.24,
            "reinvestment_rate": 10.76,
            "research_to_sale_ratio": null,
            "price_fair": 85.08,
            "eps_avg_yearly": 2.43,
            "eps_latest_yearly": 4.36,
            "eps_growth_yearly": 125.09
        },
        "20133": {
            "year_quarter": 20133,
            "year": 2013,
            "quarter": 3,
            "eps": 0.37,
            "eps_growth_year": -33.72,
            "eps_4q": 3.09,
            "eps_4q_growth_year": 104.06,
            "roe": 2.19,
            "roe_4q": 18.84,
            "gross_profit": 72207,
            "gross_margin": 9.72,
            "gross_margin_4q_avg": 10.72,
            "net_income": 17819,
            "net_income_4q": null,
            "revenue": 742948,
            "revenue_4q": null,
            "common_shares": 486952,
            "book_valuer_per_share": 16.9,
            "book_valuer_per_share_4q_avg": 17.3,
            "equity": 822937,
            "current_ratio": 321.17,
            "debt_ratio": 31.71,
            "inventory_turnover_ratio": 1.95,
            "account_receivable_turnover_ratio": 1.26,
            "reinvestment_rate": 11.03,
            "research_to_sale_ratio": null,
            "price_fair": 82.7,
            "eps_avg_yearly": 2.36,
            "eps_latest_yearly": 1.48,
            "eps_growth_yearly": 97.28
        },
        "20134": {
            "year_quarter": 20134,
            "year": 2013,
            "quarter": 4,
            "eps": 0.23,
            "eps_growth_year": -78.18,
            "eps_4q": 2.33,
            "eps_4q_growth_year": 4.44,
            "roe": 1.33,
            "roe_4q": 13.920000000000002,
            "gross_profit": 53457,
            "gross_margin": 7.92,
            "gross_margin_4q_avg": 9.84,
            "net_income": 11036,
            "net_income_4q": null,
            "revenue": 675304,
            "revenue_4q": null,
            "common_shares": 486952,
            "book_valuer_per_share": 17.18,
            "book_valuer_per_share_4q_avg": 17.32,
            "equity": 836671,
            "current_ratio": 268.81,
            "debt_ratio": 36.1,
            "inventory_turnover_ratio": 2.29,
            "account_receivable_turnover_ratio": 1.1,
            "reinvestment_rate": -11.74,
            "research_to_sale_ratio": null,
            "price_fair": 78.4,
            "eps_avg_yearly": 2.24,
            "eps_latest_yearly": 0.92,
            "eps_growth_yearly": 90.86
        },
        "20141": {
            "year_quarter": 20141,
            "year": 2014,
            "quarter": 1,
            "eps": 0.46,
            "eps_growth_year": -36.99,
            "eps_4q": 2.09,
            "eps_4q_growth_year": -24.92,
            "roe": 2.64,
            "roe_4q": 12.370000000000001,
            "gross_profit": 60797,
            "gross_margin": 10.12,
            "gross_margin_4q_avg": 10.21,
            "net_income": 22426,
            "net_income_4q": null,
            "revenue": 600894,
            "revenue_4q": null,
            "common_shares": 486952,
            "book_valuer_per_share": 17.68,
            "book_valuer_per_share_4q_avg": 17.29,
            "equity": 860988,
            "current_ratio": 367.14,
            "debt_ratio": 27.68,
            "inventory_turnover_ratio": 2.09,
            "account_receivable_turnover_ratio": 1,
            "reinvestment_rate": -16.9,
            "research_to_sale_ratio": null,
            "price_fair": 76.1,
            "eps_avg_yearly": 2.17,
            "eps_latest_yearly": 1.84,
            "eps_growth_yearly": 118.14
        },
        "20142": {
            "year_quarter": 20142,
            "year": 2014,
            "quarter": 2,
            "eps": 0.13,
            "eps_growth_year": -88.07,
            "eps_4q": 1.18,
            "eps_4q_growth_year": -63.78,
            "roe": 0.76,
            "roe_4q": 6.92,
            "gross_profit": 69673,
            "gross_margin": 11.95,
            "gross_margin_4q_avg": 9.93,
            "net_income": 6155,
            "net_income_4q": null,
            "revenue": 583264,
            "revenue_4q": null,
            "common_shares": 486952,
            "book_valuer_per_share": 15.73,
            "book_valuer_per_share_4q_avg": 16.87,
            "equity": 765921,
            "current_ratio": 270,
            "debt_ratio": 35.49,
            "inventory_turnover_ratio": 2.23,
            "account_receivable_turnover_ratio": 0.98,
            "reinvestment_rate": 12.29,
            "research_to_sale_ratio": null,
            "price_fair": 71.4,
            "eps_avg_yearly": 2.04,
            "eps_latest_yearly": 0.52,
            "eps_growth_yearly": 101.37
        },
        "20143": {
            "year_quarter": 20143,
            "year": 2014,
            "quarter": 3,
            "eps": 0.44,
            "eps_growth_year": 18.92,
            "eps_4q": 1.26,
            "eps_4q_growth_year": -59.31,
            "roe": 2.78,
            "roe_4q": 7.51,
            "gross_profit": 62085,
            "gross_margin": 11.29,
            "gross_margin_4q_avg": 10.32,
            "net_income": 21635,
            "net_income_4q": null,
            "revenue": 549928,
            "revenue_4q": null,
            "common_shares": 486952,
            "book_valuer_per_share": 16.26,
            "book_valuer_per_share_4q_avg": 16.71,
            "equity": 791734,
            "current_ratio": 281.92,
            "debt_ratio": 34.18,
            "inventory_turnover_ratio": 2.21,
            "account_receivable_turnover_ratio": 0.88,
            "reinvestment_rate": -24.57,
            "research_to_sale_ratio": null,
            "price_fair": 72.9,
            "eps_avg_yearly": 2.08,
            "eps_latest_yearly": 1.76,
            "eps_growth_yearly": 184.26
        },
        "20144": {
            "year_quarter": 20144,
            "year": 2014,
            "quarter": 4,
            "eps": 0.49,
            "eps_growth_year": 114.98,
            "eps_4q": 1.52,
            "eps_4q_growth_year": -34.78,
            "roe": 2.95,
            "roe_4q": 9.13,
            "gross_profit": 53896,
            "gross_margin": 10.41,
            "gross_margin_4q_avg": 10.94,
            "net_income": 23725,
            "net_income_4q": null,
            "revenue": 517735,
            "revenue_4q": null,
            "common_shares": 486952,
            "book_valuer_per_share": 16.8,
            "book_valuer_per_share_4q_avg": 16.62,
            "equity": 818172,
            "current_ratio": 283.63,
            "debt_ratio": 34.63,
            "inventory_turnover_ratio": 2.03,
            "account_receivable_turnover_ratio": 0.83,
            "reinvestment_rate": -18.85,
            "research_to_sale_ratio": null,
            "price_fair": 72.61,
            "eps_avg_yearly": 2.07,
            "eps_latest_yearly": 1.96,
            "eps_growth_yearly": 175.01
        },
        "20151": {
            "year_quarter": 20151,
            "year": 2015,
            "quarter": 1,
            "eps": 0.25,
            "eps_growth_year": -45.65,
            "eps_4q": 1.31,
            "eps_4q_growth_year": -37.33,
            "roe": 1.5,
            "roe_4q": 7.99,
            "gross_profit": 66151,
            "gross_margin": 13.38,
            "gross_margin_4q_avg": 11.76,
            "net_income": 12361,
            "net_income_4q": null,
            "revenue": 494315,
            "revenue_4q": null,
            "common_shares": 486952,
            "book_valuer_per_share": 17,
            "book_valuer_per_share_4q_avg": 16.45,
            "equity": 827752,
            "current_ratio": 364.08,
            "debt_ratio": 31.17,
            "inventory_turnover_ratio": 2.07,
            "account_receivable_turnover_ratio": 0.82,
            "reinvestment_rate": -20.95,
            "research_to_sale_ratio": null,
            "price_fair": 70.26,
            "eps_avg_yearly": 2.01,
            "eps_latest_yearly": 1,
            "eps_growth_yearly": 151.82
        },
        "20152": {
            "year_quarter": 20152,
            "year": 2015,
            "quarter": 2,
            "eps": 0.2,
            "eps_growth_year": 53.85,
            "eps_4q": 1.38,
            "eps_4q_growth_year": 17.36,
            "roe": 1.21,
            "roe_4q": 8.44,
            "gross_profit": 69678,
            "gross_margin": 15.73,
            "gross_margin_4q_avg": 12.7,
            "net_income": 9683,
            "net_income_4q": null,
            "revenue": 442881,
            "revenue_4q": null,
            "common_shares": 486952,
            "book_valuer_per_share": 15.93,
            "book_valuer_per_share_4q_avg": 16.5,
            "equity": 775511,
            "current_ratio": 257.83,
            "debt_ratio": 38.94,
            "inventory_turnover_ratio": 1.59,
            "account_receivable_turnover_ratio": 0.76,
            "reinvestment_rate": -14.13,
            "research_to_sale_ratio": null,
            "price_fair": 70,
            "eps_avg_yearly": 2,
            "eps_latest_yearly": 0.8,
            "eps_growth_yearly": 161.74
        },
        "20153": {
            "year_quarter": 20153,
            "year": 2015,
            "quarter": 3,
            "eps": 0.83,
            "eps_growth_year": 88.64,
            "eps_4q": 1.77,
            "eps_4q_growth_year": 40.74,
            "roe": 5.04,
            "roe_4q": 10.7,
            "gross_profit": 65813,
            "gross_margin": 12.96,
            "gross_margin_4q_avg": 13.12,
            "net_income": 40435,
            "net_income_4q": null,
            "revenue": 507625,
            "revenue_4q": null,
            "common_shares": 486952,
            "book_valuer_per_share": 17.02,
            "book_valuer_per_share_4q_avg": 16.69,
            "equity": 828941,
            "current_ratio": 278.63,
            "debt_ratio": 36.57,
            "inventory_turnover_ratio": 1.47,
            "account_receivable_turnover_ratio": 0.85,
            "reinvestment_rate": -11.17,
            "research_to_sale_ratio": null,
            "price_fair": 67.99,
            "eps_avg_yearly": 1.94,
            "eps_latest_yearly": 3.32,
            "eps_growth_yearly": 150.27
        },
        "20154": {
            "year_quarter": 20154,
            "year": 2015,
            "quarter": 4,
            "eps": 0.13,
            "eps_growth_year": -73.68,
            "eps_4q": 1.41,
            "eps_4q_growth_year": -7.06,
            "roe": 0.75,
            "roe_4q": 8.5,
            "gross_profit": 58361,
            "gross_margin": 8.59,
            "gross_margin_4q_avg": 12.67,
            "net_income": 6244,
            "net_income_4q": null,
            "revenue": 679163,
            "revenue_4q": null,
            "common_shares": 486952,
            "book_valuer_per_share": 17.03,
            "book_valuer_per_share_4q_avg": 16.75,
            "equity": 829300,
            "current_ratio": 246.14,
            "debt_ratio": 39.57,
            "inventory_turnover_ratio": 2.24,
            "account_receivable_turnover_ratio": 1.01,
            "reinvestment_rate": -10.37,
            "research_to_sale_ratio": null,
            "price_fair": 66.33,
            "eps_avg_yearly": 1.9,
            "eps_latest_yearly": 0.52,
            "eps_growth_yearly": 146.64
        },
        "20161": {
            "year_quarter": 20161,
            "year": 2016,
            "quarter": 1,
            "eps": 0.11,
            "eps_growth_year": -56,
            "eps_4q": 1.27,
            "eps_4q_growth_year": -3.34,
            "roe": 0.65,
            "roe_4q": 7.6499999999999995,
            "gross_profit": 69019,
            "gross_margin": 10.88,
            "gross_margin_4q_avg": 12.04,
            "net_income": 5382,
            "net_income_4q": null,
            "revenue": 634569,
            "revenue_4q": null,
            "common_shares": 486952,
            "book_valuer_per_share": 17.08,
            "book_valuer_per_share_4q_avg": 16.77,
            "equity": 831790,
            "current_ratio": 272.48,
            "debt_ratio": 35.19,
            "inventory_turnover_ratio": 2.56,
            "account_receivable_turnover_ratio": 0.93,
            "reinvestment_rate": -9.68,
            "research_to_sale_ratio": null,
            "price_fair": 65.8,
            "eps_avg_yearly": 1.88,
            "eps_latest_yearly": 0.44,
            "eps_growth_yearly": 154.51
        },
        "20162": {
            "year_quarter": 20162,
            "year": 2016,
            "quarter": 2,
            "eps": 0.15,
            "eps_growth_year": -25,
            "eps_4q": 1.22,
            "eps_4q_growth_year": -11.86,
            "roe": 0.91,
            "roe_4q": 7.35,
            "gross_profit": 58019,
            "gross_margin": 7.82,
            "gross_margin_4q_avg": 10.06,
            "net_income": 7347,
            "net_income_4q": null,
            "revenue": 741547,
            "revenue_4q": null,
            "common_shares": 486952,
            "book_valuer_per_share": 15.96,
            "book_valuer_per_share_4q_avg": 16.77,
            "equity": 777378,
            "current_ratio": 230.99,
            "debt_ratio": 40.32,
            "inventory_turnover_ratio": 3.38,
            "account_receivable_turnover_ratio": 1.24,
            "reinvestment_rate": -28.17,
            "research_to_sale_ratio": null,
            "price_fair": 63.09,
            "eps_avg_yearly": 1.8,
            "eps_latest_yearly": 0.6,
            "eps_growth_yearly": 120.95
        },
        "20163": {
            "year_quarter": 20163,
            "year": 2016,
            "quarter": 3,
            "eps": 0.34,
            "eps_growth_year": -59.04,
            "eps_4q": 0.73,
            "eps_4q_growth_year": -58.5,
            "roe": 2.15,
            "roe_4q": 4.46,
            "gross_profit": 84291,
            "gross_margin": 9.67,
            "gross_margin_4q_avg": 9.24,
            "net_income": 16798,
            "net_income_4q": null,
            "revenue": 871692,
            "revenue_4q": null,
            "common_shares": 486952,
            "book_valuer_per_share": 16.14,
            "book_valuer_per_share_4q_avg": 16.55,
            "equity": 785828,
            "current_ratio": 254.5,
            "debt_ratio": 37,
            "inventory_turnover_ratio": 3.56,
            "account_receivable_turnover_ratio": 1.51,
            "reinvestment_rate": -41.28,
            "research_to_sale_ratio": null,
            "price_fair": 61.16,
            "eps_avg_yearly": 1.75,
            "eps_latest_yearly": 1.36,
            "eps_growth_yearly": 147.19
        },
        "20164": {
            "year_quarter": 20164,
            "year": 2016,
            "quarter": 4,
            "eps": 0.66,
            "eps_growth_year": 413.34,
            "eps_4q": 1.26,
            "eps_4q_growth_year": -10.39,
            "roe": 4,
            "roe_4q": 7.710000000000001,
            "gross_profit": 85456,
            "gross_margin": 11.54,
            "gross_margin_4q_avg": 9.98,
            "net_income": 32053,
            "net_income_4q": null,
            "revenue": 740686,
            "revenue_4q": null,
            "common_shares": 486952,
            "book_valuer_per_share": 16.78,
            "book_valuer_per_share_4q_avg": 16.49,
            "equity": 817289,
            "current_ratio": 215.77,
            "debt_ratio": 43.41,
            "inventory_turnover_ratio": 2.54,
            "account_receivable_turnover_ratio": 1.11,
            "reinvestment_rate": -46.03,
            "research_to_sale_ratio": null,
            "price_fair": 57.84,
            "eps_avg_yearly": 1.65,
            "eps_latest_yearly": 2.64,
            "eps_growth_yearly": 149.29
        },
        "20171": {
            "year_quarter": 20171,
            "year": 2017,
            "quarter": 1,
            "eps": 0.16,
            "eps_growth_year": 45.45,
            "eps_4q": 1.31,
            "eps_4q_growth_year": 3.45,
            "roe": 0.94,
            "roe_4q": 8,
            "gross_profit": 84893,
            "gross_margin": 9.5,
            "gross_margin_4q_avg": 9.63,
            "net_income": 7674,
            "net_income_4q": null,
            "revenue": 893916,
            "revenue_4q": null,
            "common_shares": 486952,
            "book_valuer_per_share": 16.64,
            "book_valuer_per_share_4q_avg": 16.38,
            "equity": 810056,
            "current_ratio": 255.38,
            "debt_ratio": 37.25,
            "inventory_turnover_ratio": 2.89,
            "account_receivable_turnover_ratio": 1.42,
            "reinvestment_rate": 3.75,
            "research_to_sale_ratio": null,
            "price_fair": 52.85,
            "eps_avg_yearly": 1.51,
            "eps_latest_yearly": 0.64,
            "eps_growth_yearly": 137.8
        },
        "20172": {
            "year_quarter": 20172,
            "year": 2017,
            "quarter": 2,
            "eps": 0.52,
            "eps_growth_year": 246.67,
            "eps_4q": 1.69,
            "eps_4q_growth_year": 38.23,
            "roe": 3.22,
            "roe_4q": 10.31,
            "gross_profit": 75096,
            "gross_margin": 11.41,
            "gross_margin_4q_avg": 10.53,
            "net_income": 25594,
            "net_income_4q": null,
            "revenue": 658100,
            "revenue_4q": null,
            "common_shares": 486952,
            "book_valuer_per_share": 16.02,
            "book_valuer_per_share_4q_avg": 16.4,
            "equity": 780060,
            "current_ratio": 250.51,
            "debt_ratio": 37.98,
            "inventory_turnover_ratio": 2.22,
            "account_receivable_turnover_ratio": 1.2,
            "reinvestment_rate": 4.26,
            "research_to_sale_ratio": null,
            "price_fair": 47.86,
            "eps_avg_yearly": 1.37,
            "eps_latest_yearly": 2.08,
            "eps_growth_yearly": 181.72
        },
        "20173": {
            "year_quarter": 20173,
            "year": 2017,
            "quarter": 3,
            "eps": 0.79,
            "eps_growth_year": 132.35,
            "eps_4q": 2.13,
            "eps_4q_growth_year": 190.06,
            "roe": 4.81,
            "roe_4q": 12.969999999999999,
            "gross_profit": 103675,
            "gross_margin": 16.2,
            "gross_margin_4q_avg": 12.16,
            "net_income": 38437,
            "net_income_4q": null,
            "revenue": 639844,
            "revenue_4q": null,
            "common_shares": 486952,
            "book_valuer_per_share": 16.83,
            "book_valuer_per_share_4q_avg": 16.57,
            "equity": 819645,
            "current_ratio": 217.68,
            "debt_ratio": 43.13,
            "inventory_turnover_ratio": 1.84,
            "account_receivable_turnover_ratio": 1.11,
            "reinvestment_rate": 4.25,
            "research_to_sale_ratio": null,
            "price_fair": 51.54,
            "eps_avg_yearly": 1.47,
            "eps_latest_yearly": 3.16,
            "eps_growth_yearly": 211.22
        },
        "20174": {
            "year_quarter": 20174,
            "year": 2017,
            "quarter": 4,
            "eps": 0.63,
            "eps_growth_year": -4.98,
            "eps_4q": 2.1,
            "eps_4q_growth_year": 65.9,
            "roe": 3.65,
            "roe_4q": 12.62,
            "gross_profit": 91151,
            "gross_margin": 13.65,
            "gross_margin_4q_avg": 12.69,
            "net_income": 30457,
            "net_income_4q": null,
            "revenue": 667885,
            "revenue_4q": null,
            "common_shares": 486952,
            "book_valuer_per_share": 17.44,
            "book_valuer_per_share_4q_avg": 16.73,
            "equity": 849250,
            "current_ratio": 235.63,
            "debt_ratio": 39.84,
            "inventory_turnover_ratio": 1.8,
            "account_receivable_turnover_ratio": 1.09,
            "reinvestment_rate": 3.64,
            "research_to_sale_ratio": null,
            "price_fair": 55.04,
            "eps_avg_yearly": 1.57,
            "eps_latest_yearly": 2.52,
            "eps_growth_yearly": 215.61
        },
        "20181": {
            "year_quarter": 20181,
            "year": 2018,
            "quarter": 1,
            "eps": 0.74,
            "eps_growth_year": 362.5,
            "eps_4q": 2.68,
            "eps_4q_growth_year": 104.08,
            "roe": 4.14,
            "roe_4q": 15.819999999999999,
            "gross_profit": 101214,
            "gross_margin": 16.08,
            "gross_margin_4q_avg": 14.34,
            "net_income": 35860,
            "net_income_4q": null,
            "revenue": 629348,
            "revenue_4q": null,
            "common_shares": 486952,
            "book_valuer_per_share": 18.15,
            "book_valuer_per_share_4q_avg": 17.11,
            "equity": 883764,
            "current_ratio": 294.01,
            "debt_ratio": 32.89,
            "inventory_turnover_ratio": 2.09,
            "account_receivable_turnover_ratio": 0.97,
            "reinvestment_rate": 3.65,
            "research_to_sale_ratio": null,
            "price_fair": 57.49,
            "eps_avg_yearly": 1.64,
            "eps_latest_yearly": 2.96,
            "eps_growth_yearly": 194.98
        },
        "20182": {
            "year_quarter": 20182,
            "year": 2018,
            "quarter": 2,
            "eps": 0.68,
            "eps_growth_year": 30.77,
            "eps_4q": 2.84,
            "eps_4q_growth_year": 68.19,
            "roe": 3.88,
            "roe_4q": 16.48,
            "gross_profit": 82219,
            "gross_margin": 14.42,
            "gross_margin_4q_avg": 15.09,
            "net_income": 33365,
            "net_income_4q": null,
            "revenue": 570237,
            "revenue_4q": null,
            "common_shares": 486952,
            "book_valuer_per_share": 17.13,
            "book_valuer_per_share_4q_avg": 17.39,
            "equity": 834373,
            "current_ratio": 243.98,
            "debt_ratio": 38.62,
            "inventory_turnover_ratio": 2.18,
            "account_receivable_turnover_ratio": 0.86,
            "reinvestment_rate": 3.62,
            "research_to_sale_ratio": null,
            "price_fair": 62.3,
            "eps_avg_yearly": 1.78,
            "eps_latest_yearly": 2.72,
            "eps_growth_yearly": 210.88
        },
        "20183": {
            "year_quarter": 20183,
            "year": 2018,
            "quarter": 3,
            "eps": 0.73,
            "eps_growth_year": -7.59,
            "eps_4q": 2.77,
            "eps_4q_growth_year": 30.17,
            "roe": 4.16,
            "roe_4q": 15.83,
            "gross_profit": 98342,
            "gross_margin": 13.89,
            "gross_margin_4q_avg": 14.51,
            "net_income": 35377,
            "net_income_4q": null,
            "revenue": 708102,
            "revenue_4q": null,
            "common_shares": 486952,
            "book_valuer_per_share": 17.77,
            "book_valuer_per_share_4q_avg": 17.62,
            "equity": 865554,
            "current_ratio": 228.24,
            "debt_ratio": 41.24,
            "inventory_turnover_ratio": 2.32,
            "account_receivable_turnover_ratio": 0.98,
            "reinvestment_rate": 2.39,
            "research_to_sale_ratio": null,
            "price_fair": 64.84,
            "eps_avg_yearly": 1.85,
            "eps_latest_yearly": 2.92,
            "eps_growth_yearly": 153.11
        },
        "20184": {
            "year_quarter": 20184,
            "year": 2018,
            "quarter": 4,
            "eps": 0.79,
            "eps_growth_year": 25.91,
            "eps_4q": 2.94,
            "eps_4q_growth_year": 39.93,
            "roe": 4.33,
            "roe_4q": 16.51,
            "gross_profit": 94386,
            "gross_margin": 13.38,
            "gross_margin_4q_avg": 14.44,
            "net_income": 38349,
            "net_income_4q": null,
            "revenue": 705213,
            "revenue_4q": null,
            "common_shares": 486952,
            "book_valuer_per_share": 18.58,
            "book_valuer_per_share_4q_avg": 17.91,
            "equity": 904729,
            "current_ratio": 254.25,
            "debt_ratio": 37.36,
            "inventory_turnover_ratio": 2.15,
            "account_receivable_turnover_ratio": 0.97,
            "reinvestment_rate": 1.96,
            "research_to_sale_ratio": null,
            "price_fair": 67.46,
            "eps_avg_yearly": 1.93,
            "eps_latest_yearly": 3.16,
            "eps_growth_yearly": 152.32
        },
        "20191": {
            "year_quarter": 20191,
            "year": 2019,
            "quarter": 1,
            "eps": 0.92,
            "eps_growth_year": 24.32,
            "eps_4q": 3.12,
            "eps_4q_growth_year": 16.65,
            "roe": 4.84,
            "roe_4q": 17.21,
            "gross_profit": 94586,
            "gross_margin": 15.47,
            "gross_margin_4q_avg": 14.29,
            "net_income": 44964,
            "net_income_4q": null,
            "revenue": 611553,
            "revenue_4q": null,
            "common_shares": 486952,
            "book_valuer_per_share": 19.58,
            "book_valuer_per_share_4q_avg": 18.27,
            "equity": 953480,
            "current_ratio": 299.72,
            "debt_ratio": 32.24,
            "inventory_turnover_ratio": 1.82,
            "account_receivable_turnover_ratio": 0.95,
            "reinvestment_rate": 2.27,
            "research_to_sale_ratio": null,
            "price_fair": 73.33,
            "eps_avg_yearly": 2.1,
            "eps_latest_yearly": 3.68,
            "eps_growth_yearly": 168.68
        },
        "20192": {
            "year_quarter": 20192,
            "year": 2019,
            "quarter": 2,
            "eps": 0.67,
            "eps_growth_year": -1.47,
            "eps_4q": 3.11,
            "eps_4q_growth_year": 9.69,
            "roe": 3.6,
            "roe_4q": 16.93,
            "gross_profit": 81487,
            "gross_margin": 12.5,
            "gross_margin_4q_avg": 13.81,
            "net_income": 32809,
            "net_income_4q": null,
            "revenue": 651730,
            "revenue_4q": null,
            "common_shares": 486952,
            "book_valuer_per_share": 17.84,
            "book_valuer_per_share_4q_avg": 18.44,
            "equity": 868659,
            "current_ratio": 211.09,
            "debt_ratio": 44.07,
            "inventory_turnover_ratio": 1.78,
            "account_receivable_turnover_ratio": 0.97,
            "reinvestment_rate": -4.71,
            "research_to_sale_ratio": null,
            "price_fair": 77.44,
            "eps_avg_yearly": 2.21,
            "eps_latest_yearly": 2.68,
            "eps_growth_yearly": 166.89
        },
        "20193": {
            "year_quarter": 20193,
            "year": 2019,
            "quarter": 3,
            "eps": 0.89,
            "eps_growth_year": 21.92,
            "eps_4q": 3.28,
            "eps_4q_growth_year": 18.1,
            "roe": 4.89,
            "roe_4q": 17.66,
            "gross_profit": 103464,
            "gross_margin": 13.42,
            "gross_margin_4q_avg": 13.69,
            "net_income": 43389,
            "net_income_4q": null,
            "revenue": 770797,
            "revenue_4q": null,
            "common_shares": 486952,
            "book_valuer_per_share": 18.61,
            "book_valuer_per_share_4q_avg": 18.65,
            "equity": 906271,
            "current_ratio": 213.64,
            "debt_ratio": 43.7,
            "inventory_turnover_ratio": 1.95,
            "account_receivable_turnover_ratio": 0.95,
            "reinvestment_rate": -4.83,
            "research_to_sale_ratio": null,
            "price_fair": 77.96,
            "eps_avg_yearly": 2.23,
            "eps_latest_yearly": 3.56,
            "eps_growth_yearly": 96.35
        },
        "20194": {
            "year_quarter": 20194,
            "year": 2019,
            "quarter": 4,
            "eps": 0.58,
            "eps_growth_year": -26.46,
            "eps_4q": 3.07,
            "eps_4q_growth_year": 4.49,
            "roe": 3.08,
            "roe_4q": 16.41,
            "gross_profit": 118919,
            "gross_margin": 17.21,
            "gross_margin_4q_avg": 14.65,
            "net_income": 28201,
            "net_income_4q": null,
            "revenue": 691105,
            "revenue_4q": null,
            "common_shares": 486952,
            "book_valuer_per_share": 19.03,
            "book_valuer_per_share_4q_avg": 18.77,
            "equity": 926757,
            "current_ratio": 232.43,
            "debt_ratio": 40.69,
            "inventory_turnover_ratio": 1.89,
            "account_receivable_turnover_ratio": 0.8,
            "reinvestment_rate": -4.28,
            "research_to_sale_ratio": null,
            "price_fair": 81.9,
            "eps_avg_yearly": 2.34,
            "eps_latest_yearly": 2.32,
            "eps_growth_yearly": 108.72
        },
        "20201": {
            "year_quarter": 20201,
            "year": 2020,
            "quarter": 1,
            "eps": 0.99,
            "eps_growth_year": 7.61,
            "eps_4q": 3.13,
            "eps_4q_growth_year": 0.31,
            "roe": 5.26,
            "roe_4q": 16.830000000000002,
            "gross_profit": 104595,
            "gross_margin": 16.57,
            "gross_margin_4q_avg": 14.93,
            "net_income": 48125,
            "net_income_4q": null,
            "revenue": 631099,
            "revenue_4q": null,
            "common_shares": 486952,
            "book_valuer_per_share": 18.51,
            "book_valuer_per_share_4q_avg": 18.5,
            "equity": 901369,
            "current_ratio": 236.17,
            "debt_ratio": 40.07,
            "inventory_turnover_ratio": 2.36,
            "account_receivable_turnover_ratio": 0.76,
            "reinvestment_rate": -4.09,
            "research_to_sale_ratio": null,
            "price_fair": 89.6,
            "eps_avg_yearly": 2.56,
            "eps_latest_yearly": 3.96,
            "eps_growth_yearly": 130.24
        },
        "20202": {
            "year_quarter": 20202,
            "year": 2020,
            "quarter": 2,
            "eps": 0.63,
            "eps_growth_year": -5.97,
            "eps_4q": 2.87,
            "eps_4q_growth_year": -7.8,
            "roe": 3.71,
            "roe_4q": 16.939999999999998,
            "gross_profit": 108010,
            "gross_margin": 14.07,
            "gross_margin_4q_avg": 15.32,
            "net_income": 33941,
            "net_income_4q": null,
            "revenue": 767866,
            "revenue_4q": null,
            "common_shares": 486952,
            "book_valuer_per_share": 19.1,
            "book_valuer_per_share_4q_avg": 18.81,
            "equity": 930141,
            "current_ratio": 220.54,
            "debt_ratio": 42.87,
            "inventory_turnover_ratio": 4.46,
            "account_receivable_turnover_ratio": 0.85,
            "reinvestment_rate": -3.64,
            "research_to_sale_ratio": null,
            "price_fair": 93.8,
            "eps_avg_yearly": 2.68,
            "eps_latest_yearly": 2.52,
            "eps_growth_yearly": 112.06
        },
        "20203": {
            "year_quarter": 20203,
            "year": 2020,
            "quarter": 3,
            "eps": 0.57,
            "eps_growth_year": -35.96,
            "eps_4q": 2.63,
            "eps_4q_growth_year": -19.76,
            "roe": 3.23,
            "roe_4q": 15.28,
            "gross_profit": 101631,
            "gross_margin": 13.36,
            "gross_margin_4q_avg": 15.3,
            "net_income": 30521,
            "net_income_4q": null,
            "revenue": 760731,
            "revenue_4q": null,
            "common_shares": 535647,
            "book_valuer_per_share": 17.95,
            "book_valuer_per_share_4q_avg": 18.65,
            "equity": 961344,
            "current_ratio": 219.05,
            "debt_ratio": 43.18,
            "inventory_turnover_ratio": 5.27,
            "account_receivable_turnover_ratio": 0.76,
            "reinvestment_rate": -2.6,
            "research_to_sale_ratio": null,
            "price_fair": 95.81,
            "eps_avg_yearly": 2.74,
            "eps_latest_yearly": 2.28,
            "eps_growth_yearly": 78.01
        },
        "20204": {
            "year_quarter": 20204,
            "year": 2020,
            "quarter": 4,
            "eps": 0.7,
            "eps_growth_year": 21.53,
            "eps_4q": 2.81,
            "eps_4q_growth_year": -8.53,
            "roe": 3.84,
            "roe_4q": 16.04,
            "gross_profit": 109572,
            "gross_margin": 15.14,
            "gross_margin_4q_avg": 14.79,
            "net_income": 37700,
            "net_income_4q": null,
            "revenue": 723551,
            "revenue_4q": null,
            "common_shares": 535647,
            "book_valuer_per_share": 18.66,
            "book_valuer_per_share_4q_avg": 18.56,
            "equity": 999703,
            "current_ratio": 226.71,
            "debt_ratio": 41.91,
            "inventory_turnover_ratio": 4.87,
            "account_receivable_turnover_ratio": 0.68,
            "reinvestment_rate": -2.01,
            "research_to_sale_ratio": null,
            "price_fair": 96.16,
            "eps_avg_yearly": 2.75,
            "eps_latest_yearly": 2.8,
            "eps_growth_yearly": 60.18
        },
        "20211": {
            "year_quarter": 20211,
            "year": 2021,
            "quarter": 1,
            "eps": 1.18,
            "eps_growth_year": 19.19,
            "eps_4q": 3.09,
            "eps_4q_growth_year": -1.5,
            "roe": 6.55,
            "roe_4q": 17.330000000000002,
            "gross_profit": 144943,
            "gross_margin": 19.46,
            "gross_margin_4q_avg": 15.51,
            "net_income": 63091,
            "net_income_4q": null,
            "revenue": 744763,
            "revenue_4q": null,
            "common_shares": 535647,
            "book_valuer_per_share": 17.32,
            "book_valuer_per_share_4q_avg": 18.26,
            "equity": 927740,
            "current_ratio": 196.2,
            "debt_ratio": 47.61,
            "inventory_turnover_ratio": 4.4,
            "account_receivable_turnover_ratio": 0.67,
            "reinvestment_rate": -1.27,
            "research_to_sale_ratio": null,
            "price_fair": 105.09,
            "eps_avg_yearly": 3,
            "eps_latest_yearly": 4.72,
            "eps_growth_yearly": 96.27
        },
        "20212": {
            "year_quarter": 20212,
            "year": 2021,
            "quarter": 2,
            "eps": 0.61,
            "eps_growth_year": -3.17,
            "eps_4q": 3.07,
            "eps_4q_growth_year": 6.89,
            "roe": 3.49,
            "roe_4q": 17.11,
            "gross_profit": 119145,
            "gross_margin": 15.81,
            "gross_margin_4q_avg": 15.94,
            "net_income": 32934,
            "net_income_4q": null,
            "revenue": 753779,
            "revenue_4q": null,
            "common_shares": 535647,
            "book_valuer_per_share": 17.87,
            "book_valuer_per_share_4q_avg": 17.95,
            "equity": 957136,
            "current_ratio": 194.91,
            "debt_ratio": 48.03,
            "inventory_turnover_ratio": 3.71,
            "account_receivable_turnover_ratio": 0.67,
            "reinvestment_rate": -1.4,
            "research_to_sale_ratio": null,
            "price_fair": 105.88,
            "eps_avg_yearly": 3.03,
            "eps_latest_yearly": 2.44,
            "eps_growth_yearly": 27.94
        },
        "20213": {
            "year_quarter": 20213,
            "year": 2021,
            "quarter": 3,
            "eps": 0.91,
            "eps_growth_year": 59.65,
            "eps_4q": 3.41,
            "eps_4q_growth_year": 29.59,
            "roe": 4.96,
            "roe_4q": 18.84,
            "gross_profit": 115013,
            "gross_margin": 14.63,
            "gross_margin_4q_avg": 16.26,
            "net_income": 48719,
            "net_income_4q": null,
            "revenue": 786329,
            "revenue_4q": null,
            "common_shares": 535647,
            "book_valuer_per_share": 18.78,
            "book_valuer_per_share_4q_avg": 18.16,
            "equity": 1005690,
            "current_ratio": 193.44,
            "debt_ratio": 48.51,
            "inventory_turnover_ratio": 2.76,
            "account_receivable_turnover_ratio": 0.69,
            "reinvestment_rate": -1.15,
            "research_to_sale_ratio": null,
            "price_fair": 106.93,
            "eps_avg_yearly": 3.06,
            "eps_latest_yearly": 3.64,
            "eps_growth_yearly": 27.25
        },
        "20214": {
            "year_quarter": 20214,
            "year": 2021,
            "quarter": 4,
            "eps": 1.27,
            "eps_growth_year": 79.76,
            "eps_4q": 3.97,
            "eps_4q_growth_year": 41.4,
            "roe": 6.52,
            "roe_4q": 21.52,
            "gross_profit": 142657,
            "gross_margin": 16.37,
            "gross_margin_4q_avg": 16.57,
            "net_income": 67769,
            "net_income_4q": null,
            "revenue": 871369,
            "revenue_4q": null,
            "common_shares": 535647,
            "book_valuer_per_share": 20.04,
            "book_valuer_per_share_4q_avg": 18.5,
            "equity": 1073588,
            "current_ratio": 195.67,
            "debt_ratio": 47.91,
            "inventory_turnover_ratio": 2.17,
            "account_receivable_turnover_ratio": 0.75,
            "reinvestment_rate": -0.99,
            "research_to_sale_ratio": null,
            "price_fair": 112.53,
            "eps_avg_yearly": 3.22,
            "eps_latest_yearly": 5.08,
            "eps_growth_yearly": 42.21
        },
        "20221": {
            "year_quarter": 20221,
            "year": 2022,
            "quarter": 1,
            "eps": 1.57,
            "eps_growth_year": 33.05,
            "eps_4q": 4.36,
            "eps_4q_growth_year": 41.42,
            "roe": 8.21,
            "roe_4q": 23.18,
            "gross_profit": 131914,
            "gross_margin": 13.6,
            "gross_margin_4q_avg": 15.1,
            "net_income": 84282,
            "net_income_4q": null,
            "revenue": 970032,
            "revenue_4q": null,
            "common_shares": 535647,
            "book_valuer_per_share": 18.28,
            "book_valuer_per_share_4q_avg": 18.74,
            "equity": 979018,
            "current_ratio": 182.71,
            "debt_ratio": 51.06,
            "inventory_turnover_ratio": 2.58,
            "account_receivable_turnover_ratio": 0.83,
            "reinvestment_rate": -0.71,
            "research_to_sale_ratio": null,
            "price_fair": 119.79,
            "eps_avg_yearly": 3.42,
            "eps_latest_yearly": 6.28,
            "eps_growth_yearly": 43.75
        },
        "20222": {
            "year_quarter": 20222,
            "year": 2022,
            "quarter": 2,
            "eps": 1.11,
            "eps_growth_year": 81.97,
            "eps_4q": 4.86,
            "eps_4q_growth_year": 58.54,
            "roe": 5.91,
            "roe_4q": 25.6,
            "gross_profit": 104319,
            "gross_margin": 17.22,
            "gross_margin_4q_avg": 15.46,
            "net_income": 59629,
            "net_income_4q": null,
            "revenue": 605744,
            "revenue_4q": null,
            "common_shares": 535647,
            "book_valuer_per_share": 19.4,
            "book_valuer_per_share_4q_avg": 19.13,
            "equity": 1038966,
            "current_ratio": 182.33,
            "debt_ratio": 51.34,
            "inventory_turnover_ratio": 1.32,
            "account_receivable_turnover_ratio": 0.55,
            "reinvestment_rate": -0.51,
            "research_to_sale_ratio": null,
            "price_fair": 123.55,
            "eps_avg_yearly": 3.53,
            "eps_latest_yearly": 4.44,
            "eps_growth_yearly": 38.45
        },
        "20223": {
            "year_quarter": 20223,
            "year": 2022,
            "quarter": 3,
            "eps": 1.22,
            "eps_growth_year": 34.07,
            "eps_4q": 5.17,
            "eps_4q_growth_year": 51.82,
            "roe": 6.08,
            "roe_4q": 26.720000000000002,
            "gross_profit": 87856,
            "gross_margin": 15.77,
            "gross_margin_4q_avg": 15.74,
            "net_income": 65301,
            "net_income_4q": null,
            "revenue": 556963,
            "revenue_4q": null,
            "common_shares": 535647,
            "book_valuer_per_share": 20.74,
            "book_valuer_per_share_4q_avg": 19.62,
            "equity": 1110704,
            "current_ratio": 190.17,
            "debt_ratio": 48.72,
            "inventory_turnover_ratio": 0.82,
            "account_receivable_turnover_ratio": 0.56,
            "reinvestment_rate": 0.58,
            "research_to_sale_ratio": null,
            "price_fair": 127.84,
            "eps_avg_yearly": 3.65,
            "eps_latest_yearly": 4.88,
            "eps_growth_yearly": 39.09
        },
        "20224": {
            "year_quarter": 20224,
            "year": 2022,
            "quarter": 4,
            "eps": 0.51,
            "eps_growth_year": -59.6,
            "eps_4q": 4.42,
            "eps_4q_growth_year": 11.33,
            "roe": 2.43,
            "roe_4q": 22.630000000000003,
            "gross_profit": 75679,
            "gross_margin": 11.13,
            "gross_margin_4q_avg": 14.43,
            "net_income": 27380,
            "net_income_4q": null,
            "revenue": 679654,
            "revenue_4q": null,
            "common_shares": 535647,
            "book_valuer_per_share": 21.28,
            "book_valuer_per_share_4q_avg": 19.93,
            "equity": 1139611,
            "current_ratio": 206.39,
            "debt_ratio": 43.96,
            "inventory_turnover_ratio": 1.09,
            "account_receivable_turnover_ratio": 0.73,
            "reinvestment_rate": 0.29,
            "research_to_sale_ratio": null,
            "price_fair": 116.38,
            "eps_avg_yearly": 3.58,
            "eps_latest_yearly": 2.04,
            "eps_growth_yearly": 22.48
        },
        "20231": {
            "year_quarter": 20231,
            "year": 2023,
            "quarter": 1,
            "eps": 0.94,
            "eps_growth_year": -40.13,
            "eps_4q": 3.79,
            "eps_4q_growth_year": -13.23,
            "roe": 4.6,
            "roe_4q": 19.02,
            "gross_profit": 124452,
            "gross_margin": 18.3,
            "gross_margin_4q_avg": 15.61,
            "net_income": 50479,
            "net_income_4q": null,
            "revenue": 680012,
            "revenue_4q": null,
            "common_shares": 535647,
            "book_valuer_per_share": 19.72,
            "book_valuer_per_share_4q_avg": 20.29,
            "equity": 1056406,
            "current_ratio": 187.63,
            "debt_ratio": 48.17,
            "inventory_turnover_ratio": 1.48,
            "account_receivable_turnover_ratio": 0.72,
            "reinvestment_rate": 2.87,
            "research_to_sale_ratio": null,
            "price_fair": 125.56,
            "eps_avg_yearly": 3.59,
            "eps_latest_yearly": 3.76,
            "eps_growth_yearly": 39.45
        },
        "20232": {
            "year_quarter": 20232,
            "year": 2023,
            "quarter": 2,
            "eps": 0.64,
            "eps_growth_year": -42.34,
            "eps_4q": 3.32,
            "eps_4q_growth_year": -31.78,
            "roe": 3.22,
            "roe_4q": 16.33,
            "gross_profit": 82477,
            "gross_margin": 12.23,
            "gross_margin_4q_avg": 14.36,
            "net_income": 34488,
            "net_income_4q": null,
            "revenue": 674429,
            "revenue_4q": null,
            "common_shares": 535647,
            "book_valuer_per_share": 20.29,
            "book_valuer_per_share_4q_avg": 20.51,
            "equity": 1086993,
            "current_ratio": 189.15,
            "debt_ratio": 47.54,
            "inventory_turnover_ratio": 2.08,
            "account_receivable_turnover_ratio": 0.67,
            "reinvestment_rate": 2.61,
            "research_to_sale_ratio": null,
            "price_fair": 125.3,
            "eps_avg_yearly": 3.58,
            "eps_latest_yearly": 2.56,
            "eps_growth_yearly": 38.26
        }
    },
    "months": {
        "2007-01": {
            "month": "2007-01",
            "price": "36.22",
            "revenue": 268453
        },
        "2007-02": {
            "month": "2007-02",
            "price": "29.99",
            "revenue": 207918
        },
        "2007-03": {
            "month": "2007-03",
            "price": "33.20",
            "revenue": 298904
        },
        "2007-04": {
            "month": "2007-04",
            "price": "35.23",
            "revenue": 293757
        },
        "2007-05": {
            "month": "2007-05",
            "price": "36.21",
            "revenue": 282719
        },
        "2007-06": {
            "month": "2007-06",
            "price": "38.49",
            "revenue": 299687
        },
        "2007-07": {
            "month": "2007-07",
            "price": "44.89",
            "revenue": 352040
        },
        "2007-08": {
            "month": "2007-08",
            "price": "45.89",
            "revenue": 328870
        },
        "2007-09": {
            "month": "2007-09",
            "price": "44.21",
            "revenue": 337920
        },
        "2007-10": {
            "month": "2007-10",
            "price": "39.74",
            "revenue": 318555
        },
        "2007-11": {
            "month": "2007-11",
            "price": "35.76",
            "revenue": 257832
        },
        "2007-12": {
            "month": "2007-12",
            "price": "31.90",
            "revenue": 235084
        },
        "2008-01": {
            "month": "2008-01",
            "price": "28.11",
            "revenue": 268161
        },
        "2008-02": {
            "month": "2008-02",
            "price": "26.30",
            "revenue": 208707
        },
        "2008-03": {
            "month": "2008-03",
            "price": "27.98",
            "revenue": 182818
        },
        "2008-04": {
            "month": "2008-04",
            "price": "26.27",
            "revenue": 227713
        },
        "2008-05": {
            "month": "2008-05",
            "price": "25.60",
            "revenue": 233798
        },
        "2008-06": {
            "month": "2008-06",
            "price": "25.14",
            "revenue": 217446
        },
        "2008-07": {
            "month": "2008-07",
            "price": "24.11",
            "revenue": 245002
        },
        "2008-08": {
            "month": "2008-08",
            "price": "22.82",
            "revenue": 254366
        },
        "2008-09": {
            "month": "2008-09",
            "price": "19.28",
            "revenue": 219614
        },
        "2008-10": {
            "month": "2008-10",
            "price": "14.98",
            "revenue": 173452
        },
        "2008-11": {
            "month": "2008-11",
            "price": "11.90",
            "revenue": 106507
        },
        "2008-12": {
            "month": "2008-12",
            "price": "10.20",
            "revenue": 101110
        },
        "2009-01": {
            "month": "2009-01",
            "price": "10.58",
            "revenue": 119175
        },
        "2009-02": {
            "month": "2009-02",
            "price": "10.57",
            "revenue": 136531
        },
        "2009-03": {
            "month": "2009-03",
            "price": "11.60",
            "revenue": 190120
        },
        "2009-04": {
            "month": "2009-04",
            "price": "13.37",
            "revenue": 200571
        },
        "2009-05": {
            "month": "2009-05",
            "price": "19.10",
            "revenue": 156854
        },
        "2009-06": {
            "month": "2009-06",
            "price": "19.14",
            "revenue": 187658
        },
        "2009-07": {
            "month": "2009-07",
            "price": "24.37",
            "revenue": 215170
        },
        "2009-08": {
            "month": "2009-08",
            "price": "27.11",
            "revenue": 252561
        },
        "2009-09": {
            "month": "2009-09",
            "price": "27.11",
            "revenue": 263781
        },
        "2009-10": {
            "month": "2009-10",
            "price": "27.96",
            "revenue": 300483
        },
        "2009-11": {
            "month": "2009-11",
            "price": "27.96",
            "revenue": 224776
        },
        "2009-12": {
            "month": "2009-12",
            "price": "29.09",
            "revenue": 254703
        },
        "2010-01": {
            "month": "2010-01",
            "price": "27.98",
            "revenue": 252486
        },
        "2010-02": {
            "month": "2010-02",
            "price": "26.44",
            "revenue": 210296
        },
        "2010-03": {
            "month": "2010-03",
            "price": "43.14",
            "revenue": 236631
        },
        "2010-04": {
            "month": "2010-04",
            "price": "66.16",
            "revenue": 277113
        },
        "2010-05": {
            "month": "2010-05",
            "price": "49.69",
            "revenue": 255585
        },
        "2010-06": {
            "month": "2010-06",
            "price": "43.65",
            "revenue": 240407
        },
        "2010-07": {
            "month": "2010-07",
            "price": "44.16",
            "revenue": 261752
        },
        "2010-08": {
            "month": "2010-08",
            "price": "49.03",
            "revenue": 262284
        },
        "2010-09": {
            "month": "2010-09",
            "price": "42.03",
            "revenue": 217699
        },
        "2010-10": {
            "month": "2010-10",
            "price": "33.75",
            "revenue": 214831
        },
        "2010-11": {
            "month": "2010-11",
            "price": "27.94",
            "revenue": 169716
        },
        "2010-12": {
            "month": "2010-12",
            "price": "30.37",
            "revenue": 204032
        },
        "2011-01": {
            "month": "2011-01",
            "price": "28.92",
            "revenue": 204419
        },
        "2011-02": {
            "month": "2011-02",
            "price": "26.95",
            "revenue": 109848
        },
        "2011-03": {
            "month": "2011-03",
            "price": "29.07",
            "revenue": 174175
        },
        "2011-04": {
            "month": "2011-04",
            "price": "27.01",
            "revenue": 263210
        },
        "2011-05": {
            "month": "2011-05",
            "price": "25.46",
            "revenue": 269963
        },
        "2011-06": {
            "month": "2011-06",
            "price": "26.93",
            "revenue": 224302
        },
        "2011-07": {
            "month": "2011-07",
            "price": "24.59",
            "revenue": 242785
        },
        "2011-08": {
            "month": "2011-08",
            "price": "18.97",
            "revenue": 223966
        },
        "2011-09": {
            "month": "2011-09",
            "price": "16.26",
            "revenue": 223756
        },
        "2011-10": {
            "month": "2011-10",
            "price": "15.14",
            "revenue": 175217
        },
        "2011-11": {
            "month": "2011-11",
            "price": "19.59",
            "revenue": 195214
        },
        "2011-12": {
            "month": "2011-12",
            "price": "17.54",
            "revenue": 202877
        },
        "2012-01": {
            "month": "2012-01",
            "price": "17.65",
            "revenue": 161339
        },
        "2012-02": {
            "month": "2012-02",
            "price": "21.83",
            "revenue": 167865
        },
        "2012-03": {
            "month": "2012-03",
            "price": "25.44",
            "revenue": 217078
        },
        "2012-04": {
            "month": "2012-04",
            "price": "26.28",
            "revenue": 274324
        },
        "2012-05": {
            "month": "2012-05",
            "price": "25.89",
            "revenue": 255855
        },
        "2012-06": {
            "month": "2012-06",
            "price": "26.26",
            "revenue": 237621
        },
        "2012-07": {
            "month": "2012-07",
            "price": "25.26",
            "revenue": 310717
        },
        "2012-08": {
            "month": "2012-08",
            "price": "23.94",
            "revenue": 306938
        },
        "2012-09": {
            "month": "2012-09",
            "price": "24.56",
            "revenue": 332732
        },
        "2012-10": {
            "month": "2012-10",
            "price": "24.51",
            "revenue": 311063
        },
        "2012-11": {
            "month": "2012-11",
            "price": "23.65",
            "revenue": 268581
        },
        "2012-12": {
            "month": "2012-12",
            "price": "23.73",
            "revenue": 289128
        },
        "2013-01": {
            "month": "2013-01",
            "price": "24.95",
            "revenue": 258615
        },
        "2013-02": {
            "month": "2013-02",
            "price": "25.18",
            "revenue": 195634
        },
        "2013-03": {
            "month": "2013-03",
            "price": "27.89",
            "revenue": 303417
        },
        "2013-04": {
            "month": "2013-04",
            "price": "31.54",
            "revenue": 302808
        },
        "2013-05": {
            "month": "2013-05",
            "price": "31.43",
            "revenue": 247736
        },
        "2013-06": {
            "month": "2013-06",
            "price": "30.00",
            "revenue": 248519
        },
        "2013-07": {
            "month": "2013-07",
            "price": "29.54",
            "revenue": 245870
        },
        "2013-08": {
            "month": "2013-08",
            "price": "28.59",
            "revenue": 243010
        },
        "2013-09": {
            "month": "2013-09",
            "price": "30.14",
            "revenue": 253029
        },
        "2013-10": {
            "month": "2013-10",
            "price": "31.10",
            "revenue": 227054
        },
        "2013-11": {
            "month": "2013-11",
            "price": "30.15",
            "revenue": 233988
        },
        "2013-12": {
            "month": "2013-12",
            "price": "35.82",
            "revenue": 223559
        },
        "2014-01": {
            "month": "2014-01",
            "price": "34.56",
            "revenue": 236629
        },
        "2014-02": {
            "month": "2014-02",
            "price": "32.66",
            "revenue": 163197
        },
        "2014-03": {
            "month": "2014-03",
            "price": "35.67",
            "revenue": 206630
        },
        "2014-04": {
            "month": "2014-04",
            "price": "36.20",
            "revenue": 177536
        },
        "2014-05": {
            "month": "2014-05",
            "price": "36.58",
            "revenue": 195472
        },
        "2014-06": {
            "month": "2014-06",
            "price": "54.77",
            "revenue": 212483
        },
        "2014-07": {
            "month": "2014-07",
            "price": "53.76",
            "revenue": 179396
        },
        "2014-08": {
            "month": "2014-08",
            "price": "43.87",
            "revenue": 177981
        },
        "2014-09": {
            "month": "2014-09",
            "price": "30.70",
            "revenue": 195968
        },
        "2014-10": {
            "month": "2014-10",
            "price": "24.04",
            "revenue": 177912
        },
        "2014-11": {
            "month": "2014-11",
            "price": "23.16",
            "revenue": 164743
        },
        "2014-12": {
            "month": "2014-12",
            "price": "26.23",
            "revenue": 175262
        },
        "2015-01": {
            "month": "2015-01",
            "price": "25.07",
            "revenue": 176711
        },
        "2015-02": {
            "month": "2015-02",
            "price": "24.07",
            "revenue": 163530
        },
        "2015-03": {
            "month": "2015-03",
            "price": "25.84",
            "revenue": 156329
        },
        "2015-04": {
            "month": "2015-04",
            "price": "24.31",
            "revenue": 161467
        },
        "2015-05": {
            "month": "2015-05",
            "price": "21.53",
            "revenue": 155536
        },
        "2015-06": {
            "month": "2015-06",
            "price": "19.37",
            "revenue": 127315
        },
        "2015-07": {
            "month": "2015-07",
            "price": "17.79",
            "revenue": 167164
        },
        "2015-08": {
            "month": "2015-08",
            "price": "14.99",
            "revenue": 185393
        },
        "2015-09": {
            "month": "2015-09",
            "price": "15.58",
            "revenue": 155754
        },
        "2015-10": {
            "month": "2015-10",
            "price": "16.93",
            "revenue": 182176
        },
        "2015-11": {
            "month": "2015-11",
            "price": "18.82",
            "revenue": 199449
        },
        "2015-12": {
            "month": "2015-12",
            "price": "19.05",
            "revenue": 306792
        },
        "2016-01": {
            "month": "2016-01",
            "price": "19.58",
            "revenue": 221442
        },
        "2016-02": {
            "month": "2016-02",
            "price": "21.04",
            "revenue": 175589
        },
        "2016-03": {
            "month": "2016-03",
            "price": "22.44",
            "revenue": 240902
        },
        "2016-04": {
            "month": "2016-04",
            "price": "20.11",
            "revenue": 191374
        },
        "2016-05": {
            "month": "2016-05",
            "price": "18.65",
            "revenue": 295657
        },
        "2016-06": {
            "month": "2016-06",
            "price": "19.51",
            "revenue": 252165
        },
        "2016-07": {
            "month": "2016-07",
            "price": "20.41",
            "revenue": 315964
        },
        "2016-08": {
            "month": "2016-08",
            "price": "19.66",
            "revenue": 274186
        },
        "2016-09": {
            "month": "2016-09",
            "price": "19.31",
            "revenue": 277017
        },
        "2016-10": {
            "month": "2016-10",
            "price": "21.48",
            "revenue": 201657
        },
        "2016-11": {
            "month": "2016-11",
            "price": "20.08",
            "revenue": 208910
        },
        "2016-12": {
            "month": "2016-12",
            "price": "20.58",
            "revenue": 330152
        },
        "2017-01": {
            "month": "2017-01",
            "price": "20.74",
            "revenue": 262762
        },
        "2017-02": {
            "month": "2017-02",
            "price": "21.84",
            "revenue": 329162
        },
        "2017-03": {
            "month": "2017-03",
            "price": "22.35",
            "revenue": 301975
        },
        "2017-04": {
            "month": "2017-04",
            "price": "22.44",
            "revenue": 169737
        },
        "2017-05": {
            "month": "2017-05",
            "price": "21.57",
            "revenue": 244669
        },
        "2017-06": {
            "month": "2017-06",
            "price": "21.97",
            "revenue": 246099
        },
        "2017-07": {
            "month": "2017-07",
            "price": "21.15",
            "revenue": 205872
        },
        "2017-08": {
            "month": "2017-08",
            "price": "20.01",
            "revenue": 197982
        },
        "2017-09": {
            "month": "2017-09",
            "price": "20.28",
            "revenue": 231004
        },
        "2017-10": {
            "month": "2017-10",
            "price": "19.89",
            "revenue": 205036
        },
        "2017-11": {
            "month": "2017-11",
            "price": "21.05",
            "revenue": 251988
        },
        "2017-12": {
            "month": "2017-12",
            "price": "21.99",
            "revenue": 208613
        },
        "2018-01": {
            "month": "2018-01",
            "price": "23.38",
            "revenue": 218596
        },
        "2018-02": {
            "month": "2018-02",
            "price": "21.84",
            "revenue": 200744
        },
        "2018-03": {
            "month": "2018-03",
            "price": "23.75",
            "revenue": 233319
        },
        "2018-04": {
            "month": "2018-04",
            "price": "30.13",
            "revenue": 177630
        },
        "2018-05": {
            "month": "2018-05",
            "price": "36.06",
            "revenue": 203947
        },
        "2018-06": {
            "month": "2018-06",
            "price": "41.68",
            "revenue": 190201
        },
        "2018-07": {
            "month": "2018-07",
            "price": "38.33",
            "revenue": 211747
        },
        "2018-08": {
            "month": "2018-08",
            "price": "31.24",
            "revenue": 249103
        },
        "2018-09": {
            "month": "2018-09",
            "price": "27.33",
            "revenue": 243819
        },
        "2018-10": {
            "month": "2018-10",
            "price": "23.76",
            "revenue": 248711
        },
        "2018-11": {
            "month": "2018-11",
            "price": "24.56",
            "revenue": 245503
        },
        "2018-12": {
            "month": "2018-12",
            "price": "24.93",
            "revenue": 209105
        },
        "2019-01": {
            "month": "2019-01",
            "price": "26.76",
            "revenue": 236746
        },
        "2019-02": {
            "month": "2019-02",
            "price": "28.48",
            "revenue": 160831
        },
        "2019-03": {
            "month": "2019-03",
            "price": "29.25",
            "revenue": 216627
        },
        "2019-04": {
            "month": "2019-04",
            "price": "31.18",
            "revenue": 218606
        },
        "2019-05": {
            "month": "2019-05",
            "price": "30.87",
            "revenue": 178738
        },
        "2019-06": {
            "month": "2019-06",
            "price": "30.62",
            "revenue": 254221
        },
        "2019-07": {
            "month": "2019-07",
            "price": "32.36",
            "revenue": 245298
        },
        "2019-08": {
            "month": "2019-08",
            "price": "30.69",
            "revenue": 260177
        },
        "2019-09": {
            "month": "2019-09",
            "price": "31.92",
            "revenue": 264750
        },
        "2019-10": {
            "month": "2019-10",
            "price": "33.74",
            "revenue": 225046
        },
        "2019-11": {
            "month": "2019-11",
            "price": "32.79",
            "revenue": 233673
        },
        "2019-12": {
            "month": "2019-12",
            "price": "32.35",
            "revenue": 231836
        },
        "2020-01": {
            "month": "2020-01",
            "price": "32.24",
            "revenue": 218398
        },
        "2020-02": {
            "month": "2020-02",
            "price": "31.48",
            "revenue": 186617
        },
        "2020-03": {
            "month": "2020-03",
            "price": "28.29",
            "revenue": 226347
        },
        "2020-04": {
            "month": "2020-04",
            "price": "30.65",
            "revenue": 316816
        },
        "2020-05": {
            "month": "2020-05",
            "price": "38.28",
            "revenue": 215776
        },
        "2020-06": {
            "month": "2020-06",
            "price": "39.22",
            "revenue": 235527
        },
        "2020-07": {
            "month": "2020-07",
            "price": "38.74",
            "revenue": 251452
        },
        "2020-08": {
            "month": "2020-08",
            "price": "33.89",
            "revenue": 217571
        },
        "2020-09": {
            "month": "2020-09",
            "price": "31.74",
            "revenue": 291678
        },
        "2020-10": {
            "month": "2020-10",
            "price": "30.52",
            "revenue": 235302
        },
        "2020-11": {
            "month": "2020-11",
            "price": "31.52",
            "revenue": 247739
        },
        "2020-12": {
            "month": "2020-12",
            "price": "34.32",
            "revenue": 239985
        },
        "2021-01": {
            "month": "2021-01",
            "price": "34.46",
            "revenue": 242368
        },
        "2021-02": {
            "month": "2021-02",
            "price": "33.94",
            "revenue": 219165
        },
        "2021-03": {
            "month": "2021-03",
            "price": "36.34",
            "revenue": 284007
        },
        "2021-04": {
            "month": "2021-04",
            "price": "41.43",
            "revenue": 287089
        },
        "2021-05": {
            "month": "2021-05",
            "price": "38.75",
            "revenue": 233956
        },
        "2021-06": {
            "month": "2021-06",
            "price": "38.00",
            "revenue": 235804
        },
        "2021-07": {
            "month": "2021-07",
            "price": "37.71",
            "revenue": 265727
        },
        "2021-08": {
            "month": "2021-08",
            "price": "34.46",
            "revenue": 255118
        },
        "2021-09": {
            "month": "2021-09",
            "price": "34.41",
            "revenue": 267535
        },
        "2021-10": {
            "month": "2021-10",
            "price": "33.54",
            "revenue": 298981
        },
        "2021-11": {
            "month": "2021-11",
            "price": "36.28",
            "revenue": 269147
        },
        "2021-12": {
            "month": "2021-12",
            "price": "36.51",
            "revenue": 304477
        },
        "2022-01": {
            "month": "2022-01",
            "price": "37.99",
            "revenue": 466518
        },
        "2022-02": {
            "month": "2022-02",
            "price": "41.28",
            "revenue": 197161
        },
        "2022-03": {
            "month": "2022-03",
            "price": "41.26",
            "revenue": 304619
        },
        "2022-04": {
            "month": "2022-04",
            "price": "41.76",
            "revenue": 145376
        },
        "2022-05": {
            "month": "2022-05",
            "price": "39.95",
            "revenue": 259991
        },
        "2022-06": {
            "month": "2022-06",
            "price": "39.59",
            "revenue": 198560
        },
        "2022-07": {
            "month": "2022-07",
            "price": "35.30",
            "revenue": 180596
        },
        "2022-08": {
            "month": "2022-08",
            "price": "34.27",
            "revenue": 192277
        },
        "2022-09": {
            "month": "2022-09",
            "price": "34.34",
            "revenue": 182636
        },
        "2022-10": {
            "month": "2022-10",
            "price": "33.30",
            "revenue": 218577
        },
        "2022-11": {
            "month": "2022-11",
            "price": "34.11",
            "revenue": 215367
        },
        "2022-12": {
            "month": "2022-12",
            "price": "34.95",
            "revenue": 246545
        },
        "2023-01": {
            "month": "2023-01",
            "price": "35.77",
            "revenue": 214780
        },
        "2023-02": {
            "month": "2023-02",
            "price": "38.81",
            "revenue": 190932
        },
        "2023-03": {
            "month": "2023-03",
            "price": "37.64",
            "revenue": 273828
        },
        "2023-04": {
            "month": "2023-04",
            "price": "37.58",
            "revenue": 221888
        },
        "2023-05": {
            "month": "2023-05",
            "price": "38.47",
            "revenue": 240600
        },
        "2023-06": {
            "month": "2023-06",
            "price": "39.51",
            "revenue": 211299
        },
        "2023-07": {
            "month": "2023-07",
            "price": "39.30",
            "revenue": 243916
        },
        "2023-08": {
            "month": "2023-08",
            "price": "37.06",
            "revenue": 273292
        },
        "2023-09": {
            "month": "2023-09",
            "price": "37.92",
            "revenue": 273807
        }
    }
}
