{
    "summary": {
        "stock_name": "曜越",
        "stock_id": "3540",
        "category": "電腦及週邊設備",
        "main_business": "機殼<br>電源供應器<br>其他電腦周邊(散熱器)",
        "website_url": "http://www.thermaltake.com",
        "ceo": "林培熙",
        "pe_ratio": 37,
        "report_year_from": 2006,
        "report_year_to": 2023,
        "age": 18,
        "eps_negative_percentage": 11,
        "eps_growth_avg": {
            "last_all": -3.35,
            "last_2y": -13.24,
            "last_4y": 4.55,
            "last_8y": 16.86,
            "last_12y": 8.74,
            "last_16y": -3.35,
            "last_20y": null,
            "at_2006_last_3y": null,
            "at_2007_last_3y": null,
            "at_2008_last_3y": null,
            "at_2009_last_3y": null,
            "at_2010_last_3y": -36.59,
            "at_2011_last_3y": -68.01,
            "at_2012_last_3y": -45.38,
            "at_2013_last_3y": -51.85,
            "at_2014_last_3y": -27.78,
            "at_2015_last_3y": -26.71,
            "at_2016_last_3y": -8.19,
            "at_2017_last_3y": 38.58,
            "at_2018_last_3y": 32.25,
            "at_2019_last_3y": 29,
            "at_2020_last_3y": 29,
            "at_2021_last_3y": 5.79,
            "at_2022_last_3y": -19.32,
            "at_2023_last_3y": 15.07,
            "at_2024_last_3y": 15.07,
            "at_2006_last_all": null,
            "at_2007_last_all": null,
            "at_2008_last_all": 17.11,
            "at_2009_last_all": -15.46,
            "at_2010_last_all": -36.59,
            "at_2011_last_all": -36.59,
            "at_2012_last_all": -20.38,
            "at_2013_last_all": -33.65,
            "at_2014_last_all": -33.65,
            "at_2015_last_all": -32.35,
            "at_2016_last_all": -15.81,
            "at_2017_last_all": -9.57,
            "at_2018_last_all": -7.29,
            "at_2019_last_all": -10.04,
            "at_2020_last_all": -0.87,
            "at_2021_last_all": -4.85,
            "at_2022_last_all": -10.73,
            "at_2023_last_all": -3.35,
            "at_2024_last_all": -3.35
        },
        "latest_eps": 1.39,
        "latest_price": 51.8,
        "latest_roe": 5.17,
        "latest_gross_margin": 32.5,
        "latest_equity": 1824658,
        "latest_revenue": 1075335,
        "latest_gross_profit": 349449,
        "latest_net_income": -4104,
        "latest_debt_ratio": 60.6,
        "latest_current_ratio": 154.33,
        "latest_account_receivable_turnover_ratio": 0.86,
        "latest_inventory_turnover_ratio": 0.41,
        "latest_reinvestment_rate": 4.02,
        "latest_research_to_sale_ratio": 3.37
    },
    "eps_dividends": {
        "2001": {
            "cash": 0,
            "stock": 0,
            "eps": 0
        },
        "2002": {
            "cash": 0,
            "stock": 0,
            "eps": 0
        },
        "2003": {
            "cash": 0,
            "stock": 0,
            "eps": 0
        },
        "2004": {
            "cash": 0,
            "stock": 0,
            "eps": 0
        },
        "2005": {
            "cash": 0,
            "stock": 0,
            "eps": 0
        },
        "2006": {
            "cash": 0,
            "stock": 0,
            "eps": 5.55
        },
        "2007": {
            "cash": 2.5,
            "stock": 0.5,
            "eps": 8.75
        },
        "2008": {
            "cash": 5,
            "stock": 0.5,
            "eps": 6.7
        },
        "2009": {
            "cash": 1.2,
            "stock": 1.3,
            "eps": 1.3
        },
        "2010": {
            "cash": 1.5,
            "stock": 0.3,
            "eps": -0.07
        },
        "2011": {
            "cash": 0,
            "stock": 0,
            "eps": 0.54
        },
        "2012": {
            "cash": 1.2,
            "stock": 0,
            "eps": 0.78
        },
        "2013": {
            "cash": 1.2,
            "stock": 0.3,
            "eps": -0.33
        },
        "2014": {
            "cash": 0.6,
            "stock": 0.3,
            "eps": 0.57
        },
        "2015": {
            "cash": 0.7,
            "stock": 0.3,
            "eps": 0.43
        },
        "2016": {
            "cash": 0.35,
            "stock": 0,
            "eps": 1.29
        },
        "2017": {
            "cash": 1.01,
            "stock": 0,
            "eps": 1.81
        },
        "2018": {
            "cash": 1.31,
            "stock": 0,
            "eps": 2.05
        },
        "2019": {
            "cash": 1.5,
            "stock": 0,
            "eps": 1.28
        },
        "2020": {
            "cash": 0.75,
            "stock": 0,
            "eps": 7.06
        },
        "2021": {
            "cash": 3.5,
            "stock": 1,
            "eps": 3.35
        },
        "2022": {
            "cash": 1.6,
            "stock": 0,
            "eps": 0.43
        },
        "2023": {
            "cash": 0.3,
            "stock": 0,
            "eps": 1.41
        },
        "2024": {
            "cash": 0.9,
            "stock": 0,
            "eps": 0
        }
    },
    "dividends": {
        "2007-05-11": {
            "cash": 2.5,
            "stock": 0.5
        },
        "2008-04-28": {
            "cash": 5,
            "stock": 0.5
        },
        "2009-04-07": {
            "cash": 1.2,
            "stock": 1.3
        },
        "2010-06-11": {
            "cash": 1.5,
            "stock": 0.3
        },
        "2012-06-14": {
            "cash": 1.2,
            "stock": 0
        },
        "2013-06-18": {
            "cash": 1.2,
            "stock": 0.3
        },
        "2014-08-08": {
            "cash": 0.6,
            "stock": 0.3
        },
        "2015-09-25": {
            "cash": 0.7,
            "stock": 0.3
        },
        "2016-08-31": {
            "cash": 0.35,
            "stock": 0
        },
        "2017-09-05": {
            "cash": 1.01,
            "stock": 0
        },
        "2018-07-31": {
            "cash": 1.31,
            "stock": 0
        },
        "2019-07-31": {
            "cash": 1.5,
            "stock": 0
        },
        "2020-07-24": {
            "cash": 0.75,
            "stock": 0
        },
        "2021-10-29": {
            "cash": 3.5,
            "stock": 1
        },
        "2022-07-22": {
            "cash": 1.6,
            "stock": 0
        },
        "2023-07-20": {
            "cash": 0.3,
            "stock": 0
        },
        "2024-03-14": {
            "cash": 0.9,
            "stock": 0
        }
    },
    "prices": {
        "200101": "無",
        "200102": "無",
        "200103": "無",
        "200104": "無",
        "200105": "無",
        "200106": "無",
        "200107": "無",
        "200108": "無",
        "200109": "無",
        "200110": "無",
        "200111": "無",
        "200112": "無",
        "200201": "無",
        "200202": "無",
        "200203": "無",
        "200204": "無",
        "200205": "無",
        "200206": "無",
        "200207": "無",
        "200208": "無",
        "200209": "無",
        "200210": "無",
        "200211": "無",
        "200212": "無",
        "200301": "無",
        "200302": "無",
        "200303": "無",
        "200304": "無",
        "200305": "無",
        "200306": "無",
        "200307": "無",
        "200308": "無",
        "200309": "無",
        "200310": "無",
        "200311": "無",
        "200312": "無",
        "200401": "無",
        "200402": "無",
        "200403": "無",
        "200404": "無",
        "200405": "無",
        "200406": "無",
        "200407": "無",
        "200408": "無",
        "200409": "無",
        "200410": "無",
        "200411": "無",
        "200412": "無",
        "200501": "無",
        "200502": "無",
        "200503": "無",
        "200504": "無",
        "200505": "無",
        "200506": "無",
        "200507": "無",
        "200508": "無",
        "200509": "無",
        "200510": "無",
        "200511": "無",
        "200512": "無",
        "200601": "無",
        "200602": "無",
        "200603": "無",
        "200604": "無",
        "200605": "無",
        "200606": "無",
        "200607": "無",
        "200608": "無",
        "200609": "無",
        "200610": "無",
        "200611": "無",
        "200612": "66.85",
        "200701": "72.68",
        "200702": "77.50",
        "200703": "75.48",
        "200704": "78.41",
        "200705": "83.84",
        "200706": "93.91",
        "200707": "97.27",
        "200708": "98.21",
        "200709": "94.72",
        "200710": "97.20",
        "200711": "99.06",
        "200712": "71.09",
        "200801": "64.68",
        "200802": "70.16",
        "200803": "80.98",
        "200804": "90.79",
        "200805": "112.43",
        "200806": "101.41",
        "200807": "87.54",
        "200808": "92.72",
        "200809": "73.53",
        "200810": "63.77",
        "200811": "54.45",
        "200812": "45.10",
        "200901": "45.89",
        "200902": "48.63",
        "200903": "53.70",
        "200904": "54.55",
        "200905": "51.87",
        "200906": "43.86",
        "200907": "40.41",
        "200908": "39.37",
        "200909": "42.87",
        "200910": "47.30",
        "200911": "42.90",
        "200912": "43.80",
        "201001": "47.13",
        "201002": "39.55",
        "201003": "42.15",
        "201004": "42.33",
        "201005": "35.46",
        "201006": "31.44",
        "201007": "32.32",
        "201008": "31.65",
        "201009": "30.29",
        "201010": "32.71",
        "201011": "30.25",
        "201012": "29.92",
        "201101": "29.07",
        "201102": "26.67",
        "201103": "26.06",
        "201104": "26.53",
        "201105": "25.01",
        "201106": "26.38",
        "201107": "22.65",
        "201108": "17.46",
        "201109": "16.94",
        "201110": "16.83",
        "201111": "16.34",
        "201112": "13.97",
        "201201": "14.86",
        "201202": "20.80",
        "201203": "22.96",
        "201204": "19.30",
        "201205": "17.75",
        "201206": "17.39",
        "201207": "16.93",
        "201208": "15.42",
        "201209": "15.62",
        "201210": "14.99",
        "201211": "13.72",
        "201212": "13.97",
        "201301": "15.08",
        "201302": "15.22",
        "201303": "17.69",
        "201304": "18.35",
        "201305": "19.84",
        "201306": "20.40",
        "201307": "21.00",
        "201308": "19.12",
        "201309": "17.36",
        "201310": "18.38",
        "201311": "15.63",
        "201312": "14.95",
        "201401": "16.49",
        "201402": "17.44",
        "201403": "18.62",
        "201404": "17.47",
        "201405": "16.98",
        "201406": "18.13",
        "201407": "20.28",
        "201408": "18.35",
        "201409": "18.67",
        "201410": "17.13",
        "201411": "16.43",
        "201412": "16.32",
        "201501": "17.06",
        "201502": "17.39",
        "201503": "17.08",
        "201504": "15.81",
        "201505": "14.41",
        "201506": "13.19",
        "201507": "12.19",
        "201508": "10.31",
        "201509": "12.66",
        "201510": "13.83",
        "201511": "12.92",
        "201512": "13.13",
        "201601": "12.21",
        "201602": "13.48",
        "201603": "14.86",
        "201604": "15.99",
        "201605": "14.74",
        "201606": "17.77",
        "201607": "20.76",
        "201608": "20.74",
        "201609": "19.43",
        "201610": "20.88",
        "201611": "20.65",
        "201612": "21.06",
        "201701": "22.11",
        "201702": "21.81",
        "201703": "21.13",
        "201704": "19.84",
        "201705": "21.29",
        "201706": "22.04",
        "201707": "22.33",
        "201708": "20.98",
        "201709": "21.29",
        "201710": "21.04",
        "201711": "29.46",
        "201712": "28.35",
        "201801": "32.08",
        "201802": "31.95",
        "201803": "36.17",
        "201804": "32.66",
        "201805": "36.81",
        "201806": "39.66",
        "201807": "37.56",
        "201808": "34.42",
        "201809": "29.45",
        "201810": "25.17",
        "201811": "24.15",
        "201812": "25.43",
        "201901": "26.35",
        "201902": "28.33",
        "201903": "29.88",
        "201904": "31.27",
        "201905": "27.61",
        "201906": "27.62",
        "201907": "28.91",
        "201908": "28.46",
        "201909": "28.46",
        "201910": "27.14",
        "201911": "26.29",
        "201912": "24.91",
        "202001": "24.65",
        "202002": "24.50",
        "202003": "20.19",
        "202004": "19.26",
        "202005": "21.04",
        "202006": "33.22",
        "202007": "51.75",
        "202008": "74.49",
        "202009": "72.24",
        "202010": "70.68",
        "202011": "69.04",
        "202012": "64.64",
        "202101": "62.18",
        "202102": "70.33",
        "202103": "77.10",
        "202104": "77.58",
        "202105": "69.03",
        "202106": "69.06",
        "202107": "62.13",
        "202108": "53.20",
        "202109": "50.56",
        "202110": "39.22",
        "202111": "40.39",
        "202112": "40.69",
        "202201": "40.56",
        "202202": "39.74",
        "202203": "36.63",
        "202204": "33.47",
        "202205": "27.55",
        "202206": "28.83",
        "202207": "24.27",
        "202208": "26.66",
        "202209": "24.16",
        "202210": "21.80",
        "202211": "22.72",
        "202212": "26.98",
        "202301": "27.29",
        "202302": "31.23",
        "202303": "34.37",
        "202304": "40.62",
        "202305": "45.16",
        "202306": "49.94",
        "202307": "53.62",
        "202308": "44.40",
        "202309": "40.18",
        "202310": "39.36",
        "202311": "39.86",
        "202312": "45.25"
    },
    "quarters": {
        "20011": {
            "year_quarter": 20011,
            "year": 2001,
            "quarter": 1,
            "eps": null,
            "eps_growth_year": null,
            "eps_4q": null,
            "eps_4q_growth_year": null,
            "roe": null,
            "roe_4q": 0,
            "gross_profit": null,
            "gross_margin": null,
            "gross_margin_4q_avg": 0,
            "net_income": null,
            "net_income_4q": null,
            "revenue": null,
            "revenue_4q": null,
            "common_shares": null,
            "book_valuer_per_share": null,
            "book_valuer_per_share_4q_avg": 0,
            "equity": null,
            "current_ratio": null,
            "debt_ratio": null,
            "inventory_turnover_ratio": null,
            "account_receivable_turnover_ratio": null,
            "reinvestment_rate": null,
            "research_to_sale_ratio": null,
            "price_fair": 0,
            "eps_avg_yearly": 0,
            "eps_latest_yearly": 0,
            "eps_growth_yearly": 0
        },
        "20012": {
            "year_quarter": 20012,
            "year": 2001,
            "quarter": 2,
            "eps": null,
            "eps_growth_year": null,
            "eps_4q": null,
            "eps_4q_growth_year": null,
            "roe": null,
            "roe_4q": 0,
            "gross_profit": null,
            "gross_margin": null,
            "gross_margin_4q_avg": 0,
            "net_income": null,
            "net_income_4q": null,
            "revenue": null,
            "revenue_4q": null,
            "common_shares": null,
            "book_valuer_per_share": null,
            "book_valuer_per_share_4q_avg": 0,
            "equity": null,
            "current_ratio": null,
            "debt_ratio": null,
            "inventory_turnover_ratio": null,
            "account_receivable_turnover_ratio": null,
            "reinvestment_rate": null,
            "research_to_sale_ratio": null,
            "price_fair": 0,
            "eps_avg_yearly": 0,
            "eps_latest_yearly": 0,
            "eps_growth_yearly": 0
        },
        "20013": {
            "year_quarter": 20013,
            "year": 2001,
            "quarter": 3,
            "eps": null,
            "eps_growth_year": null,
            "eps_4q": null,
            "eps_4q_growth_year": null,
            "roe": null,
            "roe_4q": 0,
            "gross_profit": null,
            "gross_margin": null,
            "gross_margin_4q_avg": 0,
            "net_income": null,
            "net_income_4q": null,
            "revenue": null,
            "revenue_4q": null,
            "common_shares": null,
            "book_valuer_per_share": null,
            "book_valuer_per_share_4q_avg": 0,
            "equity": null,
            "current_ratio": null,
            "debt_ratio": null,
            "inventory_turnover_ratio": null,
            "account_receivable_turnover_ratio": null,
            "reinvestment_rate": null,
            "research_to_sale_ratio": null,
            "price_fair": 0,
            "eps_avg_yearly": 0,
            "eps_latest_yearly": 0,
            "eps_growth_yearly": 0
        },
        "20014": {
            "year_quarter": 20014,
            "year": 2001,
            "quarter": 4,
            "eps": null,
            "eps_growth_year": null,
            "eps_4q": null,
            "eps_4q_growth_year": null,
            "roe": null,
            "roe_4q": 0,
            "gross_profit": null,
            "gross_margin": null,
            "gross_margin_4q_avg": 0,
            "net_income": null,
            "net_income_4q": null,
            "revenue": null,
            "revenue_4q": null,
            "common_shares": 50000,
            "book_valuer_per_share": 11.7,
            "book_valuer_per_share_4q_avg": 2.93,
            "equity": 58502,
            "current_ratio": 162.87,
            "debt_ratio": 59.03,
            "inventory_turnover_ratio": null,
            "account_receivable_turnover_ratio": null,
            "reinvestment_rate": null,
            "research_to_sale_ratio": null,
            "price_fair": 0,
            "eps_avg_yearly": 0,
            "eps_latest_yearly": 0,
            "eps_growth_yearly": 0
        },
        "20021": {
            "year_quarter": 20021,
            "year": 2002,
            "quarter": 1,
            "eps": null,
            "eps_growth_year": null,
            "eps_4q": null,
            "eps_4q_growth_year": null,
            "roe": null,
            "roe_4q": 0,
            "gross_profit": null,
            "gross_margin": null,
            "gross_margin_4q_avg": 0,
            "net_income": null,
            "net_income_4q": null,
            "revenue": null,
            "revenue_4q": null,
            "common_shares": null,
            "book_valuer_per_share": null,
            "book_valuer_per_share_4q_avg": 2.93,
            "equity": null,
            "current_ratio": null,
            "debt_ratio": null,
            "inventory_turnover_ratio": null,
            "account_receivable_turnover_ratio": null,
            "reinvestment_rate": null,
            "research_to_sale_ratio": null,
            "price_fair": 0,
            "eps_avg_yearly": 0,
            "eps_latest_yearly": 0,
            "eps_growth_yearly": 0
        },
        "20022": {
            "year_quarter": 20022,
            "year": 2002,
            "quarter": 2,
            "eps": null,
            "eps_growth_year": null,
            "eps_4q": null,
            "eps_4q_growth_year": null,
            "roe": null,
            "roe_4q": 0,
            "gross_profit": null,
            "gross_margin": null,
            "gross_margin_4q_avg": 0,
            "net_income": null,
            "net_income_4q": null,
            "revenue": null,
            "revenue_4q": null,
            "common_shares": null,
            "book_valuer_per_share": null,
            "book_valuer_per_share_4q_avg": 2.93,
            "equity": null,
            "current_ratio": null,
            "debt_ratio": null,
            "inventory_turnover_ratio": null,
            "account_receivable_turnover_ratio": null,
            "reinvestment_rate": null,
            "research_to_sale_ratio": null,
            "price_fair": 0,
            "eps_avg_yearly": 0,
            "eps_latest_yearly": 0,
            "eps_growth_yearly": 0
        },
        "20023": {
            "year_quarter": 20023,
            "year": 2002,
            "quarter": 3,
            "eps": null,
            "eps_growth_year": null,
            "eps_4q": null,
            "eps_4q_growth_year": null,
            "roe": null,
            "roe_4q": 0,
            "gross_profit": null,
            "gross_margin": null,
            "gross_margin_4q_avg": 0,
            "net_income": null,
            "net_income_4q": null,
            "revenue": null,
            "revenue_4q": null,
            "common_shares": null,
            "book_valuer_per_share": null,
            "book_valuer_per_share_4q_avg": 2.93,
            "equity": null,
            "current_ratio": null,
            "debt_ratio": null,
            "inventory_turnover_ratio": null,
            "account_receivable_turnover_ratio": null,
            "reinvestment_rate": null,
            "research_to_sale_ratio": null,
            "price_fair": 0,
            "eps_avg_yearly": 0,
            "eps_latest_yearly": 0,
            "eps_growth_yearly": 0
        },
        "20024": {
            "year_quarter": 20024,
            "year": 2002,
            "quarter": 4,
            "eps": null,
            "eps_growth_year": null,
            "eps_4q": null,
            "eps_4q_growth_year": null,
            "roe": null,
            "roe_4q": 0,
            "gross_profit": null,
            "gross_margin": null,
            "gross_margin_4q_avg": 0,
            "net_income": null,
            "net_income_4q": null,
            "revenue": null,
            "revenue_4q": null,
            "common_shares": 100000,
            "book_valuer_per_share": 11.12,
            "book_valuer_per_share_4q_avg": 2.78,
            "equity": 111199,
            "current_ratio": 191.65,
            "debt_ratio": 50.53,
            "inventory_turnover_ratio": null,
            "account_receivable_turnover_ratio": null,
            "reinvestment_rate": null,
            "research_to_sale_ratio": null,
            "price_fair": 0,
            "eps_avg_yearly": 0,
            "eps_latest_yearly": 0,
            "eps_growth_yearly": 0
        },
        "20031": {
            "year_quarter": 20031,
            "year": 2003,
            "quarter": 1,
            "eps": null,
            "eps_growth_year": null,
            "eps_4q": null,
            "eps_4q_growth_year": null,
            "roe": null,
            "roe_4q": 0,
            "gross_profit": null,
            "gross_margin": null,
            "gross_margin_4q_avg": 0,
            "net_income": null,
            "net_income_4q": null,
            "revenue": null,
            "revenue_4q": null,
            "common_shares": null,
            "book_valuer_per_share": null,
            "book_valuer_per_share_4q_avg": 2.78,
            "equity": null,
            "current_ratio": null,
            "debt_ratio": null,
            "inventory_turnover_ratio": null,
            "account_receivable_turnover_ratio": null,
            "reinvestment_rate": null,
            "research_to_sale_ratio": null,
            "price_fair": 0,
            "eps_avg_yearly": 0,
            "eps_latest_yearly": 0,
            "eps_growth_yearly": 0
        },
        "20032": {
            "year_quarter": 20032,
            "year": 2003,
            "quarter": 2,
            "eps": null,
            "eps_growth_year": null,
            "eps_4q": null,
            "eps_4q_growth_year": null,
            "roe": null,
            "roe_4q": 0,
            "gross_profit": null,
            "gross_margin": null,
            "gross_margin_4q_avg": 0,
            "net_income": null,
            "net_income_4q": null,
            "revenue": null,
            "revenue_4q": null,
            "common_shares": null,
            "book_valuer_per_share": null,
            "book_valuer_per_share_4q_avg": 2.78,
            "equity": null,
            "current_ratio": null,
            "debt_ratio": null,
            "inventory_turnover_ratio": null,
            "account_receivable_turnover_ratio": null,
            "reinvestment_rate": null,
            "research_to_sale_ratio": null,
            "price_fair": 0,
            "eps_avg_yearly": 0,
            "eps_latest_yearly": 0,
            "eps_growth_yearly": 0
        },
        "20033": {
            "year_quarter": 20033,
            "year": 2003,
            "quarter": 3,
            "eps": null,
            "eps_growth_year": null,
            "eps_4q": null,
            "eps_4q_growth_year": null,
            "roe": null,
            "roe_4q": 0,
            "gross_profit": null,
            "gross_margin": null,
            "gross_margin_4q_avg": 0,
            "net_income": null,
            "net_income_4q": null,
            "revenue": null,
            "revenue_4q": null,
            "common_shares": null,
            "book_valuer_per_share": null,
            "book_valuer_per_share_4q_avg": 2.78,
            "equity": null,
            "current_ratio": null,
            "debt_ratio": null,
            "inventory_turnover_ratio": null,
            "account_receivable_turnover_ratio": null,
            "reinvestment_rate": null,
            "research_to_sale_ratio": null,
            "price_fair": 0,
            "eps_avg_yearly": 0,
            "eps_latest_yearly": 0,
            "eps_growth_yearly": 0
        },
        "20034": {
            "year_quarter": 20034,
            "year": 2003,
            "quarter": 4,
            "eps": null,
            "eps_growth_year": null,
            "eps_4q": null,
            "eps_4q_growth_year": null,
            "roe": null,
            "roe_4q": 0,
            "gross_profit": null,
            "gross_margin": null,
            "gross_margin_4q_avg": 0,
            "net_income": null,
            "net_income_4q": null,
            "revenue": null,
            "revenue_4q": null,
            "common_shares": 180000,
            "book_valuer_per_share": 10.89,
            "book_valuer_per_share_4q_avg": 2.72,
            "equity": 196096,
            "current_ratio": 236.58,
            "debt_ratio": 39.85,
            "inventory_turnover_ratio": null,
            "account_receivable_turnover_ratio": null,
            "reinvestment_rate": null,
            "research_to_sale_ratio": null,
            "price_fair": 0,
            "eps_avg_yearly": 0,
            "eps_latest_yearly": 0,
            "eps_growth_yearly": 0
        },
        "20041": {
            "year_quarter": 20041,
            "year": 2004,
            "quarter": 1,
            "eps": null,
            "eps_growth_year": null,
            "eps_4q": null,
            "eps_4q_growth_year": null,
            "roe": null,
            "roe_4q": 0,
            "gross_profit": null,
            "gross_margin": null,
            "gross_margin_4q_avg": 0,
            "net_income": null,
            "net_income_4q": null,
            "revenue": null,
            "revenue_4q": null,
            "common_shares": null,
            "book_valuer_per_share": null,
            "book_valuer_per_share_4q_avg": 2.72,
            "equity": null,
            "current_ratio": null,
            "debt_ratio": null,
            "inventory_turnover_ratio": null,
            "account_receivable_turnover_ratio": null,
            "reinvestment_rate": null,
            "research_to_sale_ratio": null,
            "price_fair": 0,
            "eps_avg_yearly": 0,
            "eps_latest_yearly": 0,
            "eps_growth_yearly": 0
        },
        "20042": {
            "year_quarter": 20042,
            "year": 2004,
            "quarter": 2,
            "eps": null,
            "eps_growth_year": null,
            "eps_4q": null,
            "eps_4q_growth_year": null,
            "roe": null,
            "roe_4q": 0,
            "gross_profit": null,
            "gross_margin": null,
            "gross_margin_4q_avg": 0,
            "net_income": null,
            "net_income_4q": null,
            "revenue": null,
            "revenue_4q": null,
            "common_shares": null,
            "book_valuer_per_share": null,
            "book_valuer_per_share_4q_avg": 2.72,
            "equity": null,
            "current_ratio": null,
            "debt_ratio": null,
            "inventory_turnover_ratio": null,
            "account_receivable_turnover_ratio": null,
            "reinvestment_rate": null,
            "research_to_sale_ratio": null,
            "price_fair": 0,
            "eps_avg_yearly": 0,
            "eps_latest_yearly": 0,
            "eps_growth_yearly": 0
        },
        "20043": {
            "year_quarter": 20043,
            "year": 2004,
            "quarter": 3,
            "eps": null,
            "eps_growth_year": null,
            "eps_4q": null,
            "eps_4q_growth_year": null,
            "roe": null,
            "roe_4q": 0,
            "gross_profit": null,
            "gross_margin": null,
            "gross_margin_4q_avg": 0,
            "net_income": null,
            "net_income_4q": null,
            "revenue": null,
            "revenue_4q": null,
            "common_shares": null,
            "book_valuer_per_share": null,
            "book_valuer_per_share_4q_avg": 2.72,
            "equity": null,
            "current_ratio": null,
            "debt_ratio": null,
            "inventory_turnover_ratio": null,
            "account_receivable_turnover_ratio": null,
            "reinvestment_rate": null,
            "research_to_sale_ratio": null,
            "price_fair": 0,
            "eps_avg_yearly": 0,
            "eps_latest_yearly": 0,
            "eps_growth_yearly": 0
        },
        "20044": {
            "year_quarter": 20044,
            "year": 2004,
            "quarter": 4,
            "eps": null,
            "eps_growth_year": null,
            "eps_4q": null,
            "eps_4q_growth_year": null,
            "roe": null,
            "roe_4q": 0,
            "gross_profit": null,
            "gross_margin": null,
            "gross_margin_4q_avg": 0,
            "net_income": null,
            "net_income_4q": null,
            "revenue": null,
            "revenue_4q": null,
            "common_shares": 255000,
            "book_valuer_per_share": 10.93,
            "book_valuer_per_share_4q_avg": 2.73,
            "equity": 278814,
            "current_ratio": 294.88,
            "debt_ratio": 31.55,
            "inventory_turnover_ratio": null,
            "account_receivable_turnover_ratio": null,
            "reinvestment_rate": null,
            "research_to_sale_ratio": null,
            "price_fair": 0,
            "eps_avg_yearly": 0,
            "eps_latest_yearly": 0,
            "eps_growth_yearly": 0
        },
        "20051": {
            "year_quarter": 20051,
            "year": 2005,
            "quarter": 1,
            "eps": null,
            "eps_growth_year": null,
            "eps_4q": null,
            "eps_4q_growth_year": null,
            "roe": null,
            "roe_4q": 0,
            "gross_profit": null,
            "gross_margin": null,
            "gross_margin_4q_avg": 0,
            "net_income": null,
            "net_income_4q": null,
            "revenue": null,
            "revenue_4q": null,
            "common_shares": null,
            "book_valuer_per_share": null,
            "book_valuer_per_share_4q_avg": 2.73,
            "equity": null,
            "current_ratio": null,
            "debt_ratio": null,
            "inventory_turnover_ratio": null,
            "account_receivable_turnover_ratio": null,
            "reinvestment_rate": null,
            "research_to_sale_ratio": null,
            "price_fair": 0,
            "eps_avg_yearly": 0,
            "eps_latest_yearly": 0,
            "eps_growth_yearly": 0
        },
        "20052": {
            "year_quarter": 20052,
            "year": 2005,
            "quarter": 2,
            "eps": null,
            "eps_growth_year": null,
            "eps_4q": null,
            "eps_4q_growth_year": null,
            "roe": null,
            "roe_4q": 0,
            "gross_profit": null,
            "gross_margin": null,
            "gross_margin_4q_avg": 0,
            "net_income": null,
            "net_income_4q": null,
            "revenue": null,
            "revenue_4q": null,
            "common_shares": null,
            "book_valuer_per_share": null,
            "book_valuer_per_share_4q_avg": 2.73,
            "equity": null,
            "current_ratio": null,
            "debt_ratio": null,
            "inventory_turnover_ratio": null,
            "account_receivable_turnover_ratio": null,
            "reinvestment_rate": null,
            "research_to_sale_ratio": null,
            "price_fair": 0,
            "eps_avg_yearly": 0,
            "eps_latest_yearly": 0,
            "eps_growth_yearly": 0
        },
        "20053": {
            "year_quarter": 20053,
            "year": 2005,
            "quarter": 3,
            "eps": null,
            "eps_growth_year": null,
            "eps_4q": null,
            "eps_4q_growth_year": null,
            "roe": null,
            "roe_4q": 0,
            "gross_profit": null,
            "gross_margin": null,
            "gross_margin_4q_avg": 0,
            "net_income": null,
            "net_income_4q": null,
            "revenue": null,
            "revenue_4q": null,
            "common_shares": null,
            "book_valuer_per_share": null,
            "book_valuer_per_share_4q_avg": 2.73,
            "equity": null,
            "current_ratio": null,
            "debt_ratio": null,
            "inventory_turnover_ratio": null,
            "account_receivable_turnover_ratio": null,
            "reinvestment_rate": null,
            "research_to_sale_ratio": null,
            "price_fair": 0,
            "eps_avg_yearly": 0,
            "eps_latest_yearly": 0,
            "eps_growth_yearly": 0
        },
        "20054": {
            "year_quarter": 20054,
            "year": 2005,
            "quarter": 4,
            "eps": null,
            "eps_growth_year": null,
            "eps_4q": null,
            "eps_4q_growth_year": null,
            "roe": null,
            "roe_4q": 0,
            "gross_profit": null,
            "gross_margin": null,
            "gross_margin_4q_avg": 0,
            "net_income": null,
            "net_income_4q": null,
            "revenue": null,
            "revenue_4q": null,
            "common_shares": 255000,
            "book_valuer_per_share": 11.94,
            "book_valuer_per_share_4q_avg": 2.99,
            "equity": 304444,
            "current_ratio": 310.49,
            "debt_ratio": 30.29,
            "inventory_turnover_ratio": null,
            "account_receivable_turnover_ratio": null,
            "reinvestment_rate": null,
            "research_to_sale_ratio": null,
            "price_fair": 0,
            "eps_avg_yearly": 0,
            "eps_latest_yearly": 0,
            "eps_growth_yearly": 0
        },
        "20061": {
            "year_quarter": 20061,
            "year": 2006,
            "quarter": 1,
            "eps": 1.57,
            "eps_growth_year": null,
            "eps_4q": null,
            "eps_4q_growth_year": null,
            "roe": 12.37,
            "roe_4q": 12.37,
            "gross_profit": 83318,
            "gross_margin": 16.68,
            "gross_margin_4q_avg": 4.17,
            "net_income": 40134,
            "net_income_4q": null,
            "revenue": 499512,
            "revenue_4q": null,
            "common_shares": 255000,
            "book_valuer_per_share": 13.51,
            "book_valuer_per_share_4q_avg": 6.36,
            "equity": 344417,
            "current_ratio": 157.11,
            "debt_ratio": 57.37,
            "inventory_turnover_ratio": 9.57,
            "account_receivable_turnover_ratio": null,
            "reinvestment_rate": null,
            "research_to_sale_ratio": null,
            "price_fair": 0,
            "eps_avg_yearly": 0,
            "eps_latest_yearly": 0,
            "eps_growth_yearly": 0
        },
        "20062": {
            "year_quarter": 20062,
            "year": 2006,
            "quarter": 2,
            "eps": 0.71,
            "eps_growth_year": null,
            "eps_4q": null,
            "eps_4q_growth_year": null,
            "roe": 5.12,
            "roe_4q": 17.49,
            "gross_profit": 63302,
            "gross_margin": 14.16,
            "gross_margin_4q_avg": 7.71,
            "net_income": 19486,
            "net_income_4q": null,
            "revenue": 447156,
            "revenue_4q": null,
            "common_shares": 305000,
            "book_valuer_per_share": 13.66,
            "book_valuer_per_share_4q_avg": 9.78,
            "equity": 416602,
            "current_ratio": 166.45,
            "debt_ratio": 55.05,
            "inventory_turnover_ratio": 9.31,
            "account_receivable_turnover_ratio": null,
            "reinvestment_rate": null,
            "research_to_sale_ratio": null,
            "price_fair": 8.52,
            "eps_avg_yearly": 2.84,
            "eps_latest_yearly": 2.84,
            "eps_growth_yearly": -219.11
        },
        "20063": {
            "year_quarter": 20063,
            "year": 2006,
            "quarter": 3,
            "eps": 1.67,
            "eps_growth_year": null,
            "eps_4q": null,
            "eps_4q_growth_year": null,
            "roe": 10.59,
            "roe_4q": 28.08,
            "gross_profit": 99831,
            "gross_margin": 16.06,
            "gross_margin_4q_avg": 11.73,
            "net_income": 48753,
            "net_income_4q": null,
            "revenue": 621785,
            "revenue_4q": null,
            "common_shares": 345000,
            "book_valuer_per_share": 14.62,
            "book_valuer_per_share_4q_avg": 13.43,
            "equity": 504417,
            "current_ratio": 159.06,
            "debt_ratio": 57.48,
            "inventory_turnover_ratio": 11.42,
            "account_receivable_turnover_ratio": null,
            "reinvestment_rate": null,
            "research_to_sale_ratio": null,
            "price_fair": 166.6,
            "eps_avg_yearly": 4.76,
            "eps_latest_yearly": 6.68,
            "eps_growth_yearly": 160.87
        },
        "20064": {
            "year_quarter": 20064,
            "year": 2006,
            "quarter": 4,
            "eps": 1.6,
            "eps_growth_year": null,
            "eps_4q": 5.12,
            "eps_4q_growth_year": null,
            "roe": 8.76,
            "roe_4q": 36.84,
            "gross_profit": 79648,
            "gross_margin": 14.45,
            "gross_margin_4q_avg": 15.34,
            "net_income": 49291,
            "net_income_4q": null,
            "revenue": 551305,
            "revenue_4q": null,
            "common_shares": 345000,
            "book_valuer_per_share": 16.04,
            "book_valuer_per_share_4q_avg": 14.46,
            "equity": 621416,
            "current_ratio": 161.09,
            "debt_ratio": 59.04,
            "inventory_turnover_ratio": 2.25,
            "account_receivable_turnover_ratio": null,
            "reinvestment_rate": null,
            "research_to_sale_ratio": null,
            "price_fair": 185.73,
            "eps_avg_yearly": 5.31,
            "eps_latest_yearly": 6.4,
            "eps_growth_yearly": 101.66
        },
        "20071": {
            "year_quarter": 20071,
            "year": 2007,
            "quarter": 1,
            "eps": 1.92,
            "eps_growth_year": 22.29,
            "eps_4q": 5.33,
            "eps_4q_growth_year": null,
            "roe": 10.64,
            "roe_4q": 35.11,
            "gross_profit": 101800,
            "gross_margin": 16.67,
            "gross_margin_4q_avg": 15.34,
            "net_income": 66095,
            "net_income_4q": null,
            "revenue": 610505,
            "revenue_4q": null,
            "common_shares": 345000,
            "book_valuer_per_share": 18.01,
            "book_valuer_per_share_4q_avg": 15.58,
            "equity": 621197,
            "current_ratio": 205.88,
            "debt_ratio": 43.87,
            "inventory_turnover_ratio": 2.41,
            "account_receivable_turnover_ratio": null,
            "reinvestment_rate": null,
            "research_to_sale_ratio": null,
            "price_fair": 206.5,
            "eps_avg_yearly": 5.9,
            "eps_latest_yearly": 7.68,
            "eps_growth_yearly": 96.24
        },
        "20072": {
            "year_quarter": 20072,
            "year": 2007,
            "quarter": 2,
            "eps": 2.04,
            "eps_growth_year": 187.32,
            "eps_4q": 6.8,
            "eps_4q_growth_year": null,
            "roe": 11.63,
            "roe_4q": 41.620000000000005,
            "gross_profit": 150357,
            "gross_margin": 18.68,
            "gross_margin_4q_avg": 16.47,
            "net_income": 70368,
            "net_income_4q": null,
            "revenue": 804692,
            "revenue_4q": null,
            "common_shares": 345000,
            "book_valuer_per_share": 17.08,
            "book_valuer_per_share_4q_avg": 16.44,
            "equity": 589342,
            "current_ratio": 148.4,
            "debt_ratio": 62.05,
            "inventory_turnover_ratio": 12.4,
            "account_receivable_turnover_ratio": null,
            "reinvestment_rate": null,
            "research_to_sale_ratio": null,
            "price_fair": 222.32,
            "eps_avg_yearly": 6.35,
            "eps_latest_yearly": 8.16,
            "eps_growth_yearly": 81.99
        },
        "20073": {
            "year_quarter": 20073,
            "year": 2007,
            "quarter": 3,
            "eps": 2.27,
            "eps_growth_year": 35.93,
            "eps_4q": 7.38,
            "eps_4q_growth_year": null,
            "roe": 12.53,
            "roe_4q": 43.559999999999995,
            "gross_profit": 131511,
            "gross_margin": 18.23,
            "gross_margin_4q_avg": 17.01,
            "net_income": 82509,
            "net_income_4q": null,
            "revenue": 721418,
            "revenue_4q": null,
            "common_shares": 359000,
            "book_valuer_per_share": 20.28,
            "book_valuer_per_share_4q_avg": 17.85,
            "equity": 727891,
            "current_ratio": 165.41,
            "debt_ratio": 55.25,
            "inventory_turnover_ratio": 9.86,
            "account_receivable_turnover_ratio": null,
            "reinvestment_rate": null,
            "research_to_sale_ratio": null,
            "price_fair": 238.23,
            "eps_avg_yearly": 6.81,
            "eps_latest_yearly": 9.08,
            "eps_growth_yearly": 75.84
        },
        "20074": {
            "year_quarter": 20074,
            "year": 2007,
            "quarter": 4,
            "eps": 2.52,
            "eps_growth_year": 57.5,
            "eps_4q": 8.47,
            "eps_4q_growth_year": 65.41,
            "roe": 9.27,
            "roe_4q": 44.07,
            "gross_profit": 150288,
            "gross_margin": 18.13,
            "gross_margin_4q_avg": 17.93,
            "net_income": 92814,
            "net_income_4q": null,
            "revenue": 828967,
            "revenue_4q": null,
            "common_shares": 422550,
            "book_valuer_per_share": 27.14,
            "book_valuer_per_share_4q_avg": 20.63,
            "equity": 1275334,
            "current_ratio": 218.92,
            "debt_ratio": 45.88,
            "inventory_turnover_ratio": 2.48,
            "account_receivable_turnover_ratio": null,
            "reinvestment_rate": null,
            "research_to_sale_ratio": null,
            "price_fair": 254.6,
            "eps_avg_yearly": 7.27,
            "eps_latest_yearly": 10.08,
            "eps_growth_yearly": 71.3
        },
        "20081": {
            "year_quarter": 20081,
            "year": 2008,
            "quarter": 1,
            "eps": 2.07,
            "eps_growth_year": 7.81,
            "eps_4q": 5.8,
            "eps_4q_growth_year": 8.71,
            "roe": 8.97,
            "roe_4q": 42.400000000000006,
            "gross_profit": 344640,
            "gross_margin": 31.86,
            "gross_margin_4q_avg": 21.73,
            "net_income": 118926,
            "net_income_4q": null,
            "revenue": 1081683,
            "revenue_4q": null,
            "common_shares": 422550,
            "book_valuer_per_share": 28.99,
            "book_valuer_per_share_4q_avg": 23.37,
            "equity": 1377751,
            "current_ratio": 248,
            "debt_ratio": 41.58,
            "inventory_turnover_ratio": 1.48,
            "account_receivable_turnover_ratio": null,
            "reinvestment_rate": null,
            "research_to_sale_ratio": null,
            "price_fair": 259,
            "eps_avg_yearly": 7.4,
            "eps_latest_yearly": 8.28,
            "eps_growth_yearly": 53.46
        },
        "20082": {
            "year_quarter": 20082,
            "year": 2008,
            "quarter": 2,
            "eps": 1.99,
            "eps_growth_year": -2.45,
            "eps_4q": 6.92,
            "eps_4q_growth_year": 1.82,
            "roe": 7.65,
            "roe_4q": 38.42,
            "gross_profit": 314041,
            "gross_margin": 29.7,
            "gross_margin_4q_avg": 24.48,
            "net_income": 99659,
            "net_income_4q": null,
            "revenue": 1057497,
            "revenue_4q": null,
            "common_shares": 422550,
            "book_valuer_per_share": 25.31,
            "book_valuer_per_share_4q_avg": 25.43,
            "equity": 1226470,
            "current_ratio": 194.12,
            "debt_ratio": 51.45,
            "inventory_turnover_ratio": 1.32,
            "account_receivable_turnover_ratio": null,
            "reinvestment_rate": null,
            "research_to_sale_ratio": null,
            "price_fair": 261.18,
            "eps_avg_yearly": 7.46,
            "eps_latest_yearly": 7.96,
            "eps_growth_yearly": 45.8
        },
        "20083": {
            "year_quarter": 20083,
            "year": 2008,
            "quarter": 3,
            "eps": 2.33,
            "eps_growth_year": 2.64,
            "eps_4q": 7.81,
            "eps_4q_growth_year": 5.78,
            "roe": 8.81,
            "roe_4q": 34.7,
            "gross_profit": 356742,
            "gross_margin": 30.51,
            "gross_margin_4q_avg": 27.55,
            "net_income": 109723,
            "net_income_4q": null,
            "revenue": 1169185,
            "revenue_4q": null,
            "common_shares": 443678,
            "book_valuer_per_share": 27.15,
            "book_valuer_per_share_4q_avg": 27.15,
            "equity": 1264468,
            "current_ratio": 181.75,
            "debt_ratio": 49.75,
            "inventory_turnover_ratio": 1.33,
            "account_receivable_turnover_ratio": null,
            "reinvestment_rate": null,
            "research_to_sale_ratio": null,
            "price_fair": 267.68,
            "eps_avg_yearly": 7.65,
            "eps_latest_yearly": 9.32,
            "eps_growth_yearly": 48.06
        },
        "20084": {
            "year_quarter": 20084,
            "year": 2008,
            "quarter": 4,
            "eps": 0.31,
            "eps_growth_year": -87.7,
            "eps_4q": 28.85,
            "eps_4q_growth_year": 240.77,
            "roe": 0.24,
            "roe_4q": 25.67,
            "gross_profit": 236462,
            "gross_margin": 29.36,
            "gross_margin_4q_avg": 30.36,
            "net_income": 3101,
            "net_income_4q": null,
            "revenue": 805382,
            "revenue_4q": null,
            "common_shares": 454548,
            "book_valuer_per_share": 27.03,
            "book_valuer_per_share_4q_avg": 27.12,
            "equity": 1278956,
            "current_ratio": 203.26,
            "debt_ratio": 43.63,
            "inventory_turnover_ratio": 0.92,
            "account_receivable_turnover_ratio": 3.04,
            "reinvestment_rate": null,
            "research_to_sale_ratio": null,
            "price_fair": 156.59,
            "eps_avg_yearly": 7.07,
            "eps_latest_yearly": 1.24,
            "eps_growth_yearly": 12.16
        },
        "20091": {
            "year_quarter": 20091,
            "year": 2009,
            "quarter": 1,
            "eps": 0.4,
            "eps_growth_year": -80.68,
            "eps_4q": 6.37,
            "eps_4q_growth_year": 9.83,
            "roe": 1.06,
            "roe_4q": 17.76,
            "gross_profit": 222611,
            "gross_margin": 31.78,
            "gross_margin_4q_avg": 30.34,
            "net_income": 13765,
            "net_income_4q": null,
            "revenue": 700414,
            "revenue_4q": null,
            "common_shares": 454598,
            "book_valuer_per_share": 27.78,
            "book_valuer_per_share_4q_avg": 26.82,
            "equity": 1309040,
            "current_ratio": 242.03,
            "debt_ratio": 36.42,
            "inventory_turnover_ratio": 0.84,
            "account_receivable_turnover_ratio": 1.44,
            "reinvestment_rate": null,
            "research_to_sale_ratio": null,
            "price_fair": 203.77,
            "eps_avg_yearly": 6.61,
            "eps_latest_yearly": 1.6,
            "eps_growth_yearly": 20.83
        },
        "20092": {
            "year_quarter": 20092,
            "year": 2009,
            "quarter": 2,
            "eps": 0.06,
            "eps_growth_year": -96.98,
            "eps_4q": 0.36,
            "eps_4q_growth_year": -94.74,
            "roe": 1.78,
            "roe_4q": 11.89,
            "gross_profit": 215098,
            "gross_margin": 33.13,
            "gross_margin_4q_avg": 31.2,
            "net_income": 22830,
            "net_income_4q": null,
            "revenue": 649160,
            "revenue_4q": null,
            "common_shares": 455658,
            "book_valuer_per_share": 26.27,
            "book_valuer_per_share_4q_avg": 27.06,
            "equity": 1255792,
            "current_ratio": 207.92,
            "debt_ratio": 42.62,
            "inventory_turnover_ratio": 0.84,
            "account_receivable_turnover_ratio": 1.49,
            "reinvestment_rate": null,
            "research_to_sale_ratio": null,
            "price_fair": 18.36,
            "eps_avg_yearly": 6.12,
            "eps_latest_yearly": 0.24,
            "eps_growth_yearly": -6.93
        },
        "20093": {
            "year_quarter": 20093,
            "year": 2009,
            "quarter": 3,
            "eps": 0.2,
            "eps_growth_year": -91.42,
            "eps_4q": 0.57,
            "eps_4q_growth_year": -92.7,
            "roe": 1.25,
            "roe_4q": 4.33,
            "gross_profit": 201104,
            "gross_margin": 28.19,
            "gross_margin_4q_avg": 30.62,
            "net_income": 15802,
            "net_income_4q": null,
            "revenue": 713356,
            "revenue_4q": null,
            "common_shares": 516910,
            "book_valuer_per_share": 23.18,
            "book_valuer_per_share_4q_avg": 26.07,
            "equity": 1264349,
            "current_ratio": 262.24,
            "debt_ratio": 35.18,
            "inventory_turnover_ratio": 1.08,
            "account_receivable_turnover_ratio": 1.51,
            "reinvestment_rate": null,
            "research_to_sale_ratio": null,
            "price_fair": 200.9,
            "eps_avg_yearly": 5.74,
            "eps_latest_yearly": 0.8,
            "eps_growth_yearly": 60.23
        },
        "20094": {
            "year_quarter": 20094,
            "year": 2009,
            "quarter": 4,
            "eps": 0.64,
            "eps_growth_year": 106.45,
            "eps_4q": 1.23,
            "eps_4q_growth_year": -95.74,
            "roe": 2.62,
            "roe_4q": 6.710000000000001,
            "gross_profit": 184083,
            "gross_margin": 26.88,
            "gross_margin_4q_avg": 30,
            "net_income": 33504,
            "net_income_4q": null,
            "revenue": 684855,
            "revenue_4q": null,
            "common_shares": 520796,
            "book_valuer_per_share": 23.56,
            "book_valuer_per_share_4q_avg": 25.2,
            "equity": 1289477,
            "current_ratio": 246.32,
            "debt_ratio": 34.78,
            "inventory_turnover_ratio": 1.22,
            "account_receivable_turnover_ratio": 3.15,
            "reinvestment_rate": 69.51,
            "research_to_sale_ratio": null,
            "price_fair": 193.48,
            "eps_avg_yearly": 5.53,
            "eps_latest_yearly": 2.56,
            "eps_growth_yearly": 114.88
        },
        "20101": {
            "year_quarter": 20101,
            "year": 2010,
            "quarter": 1,
            "eps": -0.28,
            "eps_growth_year": -170,
            "eps_4q": 0.59,
            "eps_4q_growth_year": -90.71,
            "roe": -0.82,
            "roe_4q": 4.83,
            "gross_profit": 190803,
            "gross_margin": 27.94,
            "gross_margin_4q_avg": 29.04,
            "net_income": -11355,
            "net_income_4q": null,
            "revenue": 682808,
            "revenue_4q": null,
            "common_shares": 584746,
            "book_valuer_per_share": 24.37,
            "book_valuer_per_share_4q_avg": 24.35,
            "equity": 1490926,
            "current_ratio": 296.87,
            "debt_ratio": 29.32,
            "inventory_turnover_ratio": 1.28,
            "account_receivable_turnover_ratio": 1.59,
            "reinvestment_rate": 71.59,
            "research_to_sale_ratio": 1.65,
            "price_fair": 193.48,
            "eps_avg_yearly": 5.53,
            "eps_latest_yearly": 2.56,
            "eps_growth_yearly": 114.88
        },
        "20102": {
            "year_quarter": 20102,
            "year": 2010,
            "quarter": 2,
            "eps": 0.2,
            "eps_growth_year": 232.22,
            "eps_4q": 0.72,
            "eps_4q_growth_year": 98.12,
            "roe": 0.87,
            "roe_4q": 3.92,
            "gross_profit": 199806,
            "gross_margin": 30.66,
            "gross_margin_4q_avg": 28.42,
            "net_income": 12640,
            "net_income_4q": null,
            "revenue": 651625,
            "revenue_4q": null,
            "common_shares": 585463,
            "book_valuer_per_share": 23.2,
            "book_valuer_per_share_4q_avg": 23.58,
            "equity": 1400903,
            "current_ratio": 211.5,
            "debt_ratio": 40.59,
            "inventory_turnover_ratio": 0.94,
            "account_receivable_turnover_ratio": 1.44,
            "reinvestment_rate": 76.52,
            "research_to_sale_ratio": 1.96,
            "price_fair": 200.2,
            "eps_avg_yearly": 5.72,
            "eps_latest_yearly": 2.56,
            "eps_growth_yearly": 138.74
        },
        "20103": {
            "year_quarter": 20103,
            "year": 2010,
            "quarter": 3,
            "eps": 0.49,
            "eps_growth_year": 143.79,
            "eps_4q": 1.04,
            "eps_4q_growth_year": 81.86,
            "roe": 2.72,
            "roe_4q": 5.390000000000001,
            "gross_profit": 248307,
            "gross_margin": 28.97,
            "gross_margin_4q_avg": 28.61,
            "net_income": 38521,
            "net_income_4q": null,
            "revenue": 856988,
            "revenue_4q": null,
            "common_shares": 606991,
            "book_valuer_per_share": 22.78,
            "book_valuer_per_share_4q_avg": 23.48,
            "equity": 1432826,
            "current_ratio": 209.82,
            "debt_ratio": 41.52,
            "inventory_turnover_ratio": 0.93,
            "account_receivable_turnover_ratio": 1.45,
            "reinvestment_rate": 15.28,
            "research_to_sale_ratio": 1.33,
            "price_fair": 188.4,
            "eps_avg_yearly": 5.38,
            "eps_latest_yearly": 1.96,
            "eps_growth_yearly": 141.54
        },
        "20104": {
            "year_quarter": 20104,
            "year": 2010,
            "quarter": 4,
            "eps": -0.48,
            "eps_growth_year": -175.47,
            "eps_4q": 0.02,
            "eps_4q_growth_year": -98.75,
            "roe": -2.53,
            "roe_4q": 0.24000000000000055,
            "gross_profit": 204617,
            "gross_margin": 29.51,
            "gross_margin_4q_avg": 29.27,
            "net_income": -35406,
            "net_income_4q": null,
            "revenue": 693457,
            "revenue_4q": null,
            "common_shares": 607851,
            "book_valuer_per_share": 21.73,
            "book_valuer_per_share_4q_avg": 23.02,
            "equity": 1361470,
            "current_ratio": 228.3,
            "debt_ratio": 37.92,
            "inventory_turnover_ratio": 0.71,
            "account_receivable_turnover_ratio": 1.13,
            "reinvestment_rate": 77.34,
            "research_to_sale_ratio": 1.34,
            "price_fair": 185.66,
            "eps_avg_yearly": 5.3,
            "eps_latest_yearly": 1.96,
            "eps_growth_yearly": 153.71
        },
        "20111": {
            "year_quarter": 20111,
            "year": 2011,
            "quarter": 1,
            "eps": 0.31,
            "eps_growth_year": null,
            "eps_4q": 0.52,
            "eps_4q_growth_year": -12.81,
            "roe": 1.73,
            "roe_4q": 2.7900000000000005,
            "gross_profit": 229396,
            "gross_margin": 32.28,
            "gross_margin_4q_avg": 30.36,
            "net_income": 23710,
            "net_income_4q": null,
            "revenue": 710734,
            "revenue_4q": null,
            "common_shares": 608126,
            "book_valuer_per_share": 22.16,
            "book_valuer_per_share_4q_avg": 22.47,
            "equity": 1381781,
            "current_ratio": 250.82,
            "debt_ratio": 34.6,
            "inventory_turnover_ratio": 0.76,
            "account_receivable_turnover_ratio": 1.3,
            "reinvestment_rate": 97.1,
            "research_to_sale_ratio": 1.62,
            "price_fair": 178.73,
            "eps_avg_yearly": 5.11,
            "eps_latest_yearly": 1.96,
            "eps_growth_yearly": 159.86
        },
        "20112": {
            "year_quarter": 20112,
            "year": 2011,
            "quarter": 2,
            "eps": 0.02,
            "eps_growth_year": -89.66,
            "eps_4q": 0.34,
            "eps_4q_growth_year": -52.99,
            "roe": 0.29,
            "roe_4q": 2.2100000000000004,
            "gross_profit": 227775,
            "gross_margin": 31.44,
            "gross_margin_4q_avg": 30.55,
            "net_income": 4018,
            "net_income_4q": null,
            "revenue": 724421,
            "revenue_4q": null,
            "common_shares": 608136,
            "book_valuer_per_share": 22.01,
            "book_valuer_per_share_4q_avg": 22.17,
            "equity": 1375891,
            "current_ratio": 239.74,
            "debt_ratio": 36.59,
            "inventory_turnover_ratio": 0.83,
            "account_receivable_turnover_ratio": 1.29,
            "reinvestment_rate": 101.98,
            "research_to_sale_ratio": 1.92,
            "price_fair": 155.17,
            "eps_avg_yearly": 4.43,
            "eps_latest_yearly": 0.08,
            "eps_growth_yearly": 126.59
        },
        "20113": {
            "year_quarter": 20113,
            "year": 2011,
            "quarter": 3,
            "eps": 0.38,
            "eps_growth_year": -21.45,
            "eps_4q": 0.24,
            "eps_4q_growth_year": -77.33,
            "roe": 1.53,
            "roe_4q": 1.02,
            "gross_profit": 257146,
            "gross_margin": 31.81,
            "gross_margin_4q_avg": 31.26,
            "net_income": 21456,
            "net_income_4q": null,
            "revenue": 808319,
            "revenue_4q": null,
            "common_shares": 609604,
            "book_valuer_per_share": 22.83,
            "book_valuer_per_share_4q_avg": 22.18,
            "equity": 1427303,
            "current_ratio": 231.14,
            "debt_ratio": 38.02,
            "inventory_turnover_ratio": 0.93,
            "account_receivable_turnover_ratio": 1.38,
            "reinvestment_rate": 121.88,
            "research_to_sale_ratio": 6.73,
            "price_fair": 133.12,
            "eps_avg_yearly": 3.8,
            "eps_latest_yearly": 1.52,
            "eps_growth_yearly": 722.83
        },
        "20114": {
            "year_quarter": 20114,
            "year": 2011,
            "quarter": 4,
            "eps": -0.17,
            "eps_growth_year": null,
            "eps_4q": 0.55,
            "eps_4q_growth_year": 3474.82,
            "roe": -0.76,
            "roe_4q": 2.79,
            "gross_profit": 236606,
            "gross_margin": 31.21,
            "gross_margin_4q_avg": 31.69,
            "net_income": -10784,
            "net_income_4q": null,
            "revenue": 758156,
            "revenue_4q": null,
            "common_shares": 609604,
            "book_valuer_per_share": 22.59,
            "book_valuer_per_share_4q_avg": 22.4,
            "equity": 1406554,
            "current_ratio": 213.46,
            "debt_ratio": 41.5,
            "inventory_turnover_ratio": 0.79,
            "account_receivable_turnover_ratio": 1.31,
            "reinvestment_rate": 136.51,
            "research_to_sale_ratio": 3.54,
            "price_fair": 113.15,
            "eps_avg_yearly": 3.23,
            "eps_latest_yearly": 1.52,
            "eps_growth_yearly": 784.54
        },
        "20121": {
            "year_quarter": 20121,
            "year": 2012,
            "quarter": 1,
            "eps": 0.38,
            "eps_growth_year": 22.58,
            "eps_4q": 0.62,
            "eps_4q_growth_year": 19.81,
            "roe": 1.88,
            "roe_4q": 2.94,
            "gross_profit": 279645,
            "gross_margin": 32.18,
            "gross_margin_4q_avg": 31.66,
            "net_income": 26460,
            "net_income_4q": null,
            "revenue": 868889,
            "revenue_4q": null,
            "common_shares": 609604,
            "book_valuer_per_share": 22.67,
            "book_valuer_per_share_4q_avg": 22.53,
            "equity": 1414182,
            "current_ratio": 232,
            "debt_ratio": 38.3,
            "inventory_turnover_ratio": 0.89,
            "account_receivable_turnover_ratio": 1.5,
            "reinvestment_rate": 177.02,
            "research_to_sale_ratio": 3.06,
            "price_fair": 95.48,
            "eps_avg_yearly": 2.73,
            "eps_latest_yearly": 1.52,
            "eps_growth_yearly": 870.14
        },
        "20122": {
            "year_quarter": 20122,
            "year": 2012,
            "quarter": 2,
            "eps": 0.19,
            "eps_growth_year": 808.26,
            "eps_4q": 0.78,
            "eps_4q_growth_year": 131.55,
            "roe": 0.64,
            "roe_4q": 3.29,
            "gross_profit": 227076,
            "gross_margin": 32.16,
            "gross_margin_4q_avg": 31.84,
            "net_income": 8911,
            "net_income_4q": null,
            "revenue": 706057,
            "revenue_4q": null,
            "common_shares": 609604,
            "book_valuer_per_share": 21.83,
            "book_valuer_per_share_4q_avg": 22.48,
            "equity": 1360408,
            "current_ratio": 210.27,
            "debt_ratio": 42.54,
            "inventory_turnover_ratio": 0.73,
            "account_receivable_turnover_ratio": 1.16,
            "reinvestment_rate": 258.13,
            "research_to_sale_ratio": 3.61,
            "price_fair": 70.28,
            "eps_avg_yearly": 2.01,
            "eps_latest_yearly": 0.76,
            "eps_growth_yearly": 851.68
        },
        "20123": {
            "year_quarter": 20123,
            "year": 2012,
            "quarter": 3,
            "eps": 0.1,
            "eps_growth_year": -75.17,
            "eps_4q": 0.5,
            "eps_4q_growth_year": 111.39,
            "roe": 0.59,
            "roe_4q": 2.3499999999999996,
            "gross_profit": 259338,
            "gross_margin": 32.93,
            "gross_margin_4q_avg": 32.12,
            "net_income": 7987,
            "net_income_4q": null,
            "revenue": 787503,
            "revenue_4q": null,
            "common_shares": 609604,
            "book_valuer_per_share": 21.66,
            "book_valuer_per_share_4q_avg": 22.19,
            "equity": 1354144,
            "current_ratio": 236.27,
            "debt_ratio": 38.05,
            "inventory_turnover_ratio": 0.76,
            "account_receivable_turnover_ratio": 1.34,
            "reinvestment_rate": 442.43,
            "research_to_sale_ratio": 3.3,
            "price_fair": 39.06,
            "eps_avg_yearly": 1.12,
            "eps_latest_yearly": 0.4,
            "eps_growth_yearly": 825.9
        },
        "20124": {
            "year_quarter": 20124,
            "year": 2012,
            "quarter": 4,
            "eps": 0.11,
            "eps_growth_year": null,
            "eps_4q": 0.78,
            "eps_4q_growth_year": 41.19,
            "roe": 0.26,
            "roe_4q": 3.37,
            "gross_profit": 234333,
            "gross_margin": 30.58,
            "gross_margin_4q_avg": 31.96,
            "net_income": 3535,
            "net_income_4q": null,
            "revenue": 766241,
            "revenue_4q": null,
            "common_shares": 609604,
            "book_valuer_per_share": 21.78,
            "book_valuer_per_share_4q_avg": 21.99,
            "equity": 1353891,
            "current_ratio": 218.39,
            "debt_ratio": 41.68,
            "inventory_turnover_ratio": 0.72,
            "account_receivable_turnover_ratio": 1.34,
            "reinvestment_rate": 409.31,
            "research_to_sale_ratio": 3.03,
            "price_fair": 36.26,
            "eps_avg_yearly": 1.04,
            "eps_latest_yearly": 0.44,
            "eps_growth_yearly": 864.58
        },
        "20131": {
            "year_quarter": 20131,
            "year": 2013,
            "quarter": 1,
            "eps": 0.67,
            "eps_growth_year": 76.32,
            "eps_4q": 1.07,
            "eps_4q_growth_year": 72.74,
            "roe": 3.23,
            "roe_4q": 4.72,
            "gross_profit": 303067,
            "gross_margin": 32.64,
            "gross_margin_4q_avg": 32.08,
            "net_income": 45102,
            "net_income_4q": null,
            "revenue": 928377,
            "revenue_4q": null,
            "common_shares": 609604,
            "book_valuer_per_share": 23.09,
            "book_valuer_per_share_4q_avg": 22.09,
            "equity": 1441885,
            "current_ratio": 217.85,
            "debt_ratio": 41.09,
            "inventory_turnover_ratio": 0.79,
            "account_receivable_turnover_ratio": 1.52,
            "reinvestment_rate": -36.77,
            "research_to_sale_ratio": null,
            "price_fair": 40.04,
            "eps_avg_yearly": 1.14,
            "eps_latest_yearly": 2.68,
            "eps_growth_yearly": 1056.6
        },
        "20132": {
            "year_quarter": 20132,
            "year": 2013,
            "quarter": 2,
            "eps": 0.29,
            "eps_growth_year": 54.97,
            "eps_4q": 1.14,
            "eps_4q_growth_year": 45,
            "roe": 0.56,
            "roe_4q": 4.64,
            "gross_profit": 256181,
            "gross_margin": 31.73,
            "gross_margin_4q_avg": 31.97,
            "net_income": 7891,
            "net_income_4q": null,
            "revenue": 807278,
            "revenue_4q": null,
            "common_shares": 609604,
            "book_valuer_per_share": 22.25,
            "book_valuer_per_share_4q_avg": 22.2,
            "equity": 1379454,
            "current_ratio": 210.71,
            "debt_ratio": 42.59,
            "inventory_turnover_ratio": 0.71,
            "account_receivable_turnover_ratio": 1.31,
            "reinvestment_rate": -27.64,
            "research_to_sale_ratio": 3.27,
            "price_fair": 43.26,
            "eps_avg_yearly": 1.24,
            "eps_latest_yearly": 1.16,
            "eps_growth_yearly": 1067.92
        },
        "20133": {
            "year_quarter": 20133,
            "year": 2013,
            "quarter": 3,
            "eps": -0.71,
            "eps_growth_year": -846.5,
            "eps_4q": 0.33,
            "eps_4q_growth_year": -32.75,
            "roe": -3,
            "roe_4q": 1.05,
            "gross_profit": 196586,
            "gross_margin": 28.24,
            "gross_margin_4q_avg": 30.8,
            "net_income": -40688,
            "net_income_4q": null,
            "revenue": 696122,
            "revenue_4q": null,
            "common_shares": 627892,
            "book_valuer_per_share": 20.75,
            "book_valuer_per_share_4q_avg": 21.97,
            "equity": 1329326,
            "current_ratio": 254.86,
            "debt_ratio": 34.72,
            "inventory_turnover_ratio": 0.71,
            "account_receivable_turnover_ratio": 1.23,
            "reinvestment_rate": -41.69,
            "research_to_sale_ratio": 3.44,
            "price_fair": 44.96,
            "eps_avg_yearly": 1.28,
            "eps_latest_yearly": 1.16,
            "eps_growth_yearly": 1082.87
        },
        "20134": {
            "year_quarter": 20134,
            "year": 2013,
            "quarter": 4,
            "eps": -0.58,
            "eps_growth_year": -620.18,
            "eps_4q": -0.35,
            "eps_4q_growth_year": -145.5,
            "roe": -3.25,
            "roe_4q": -2.4599999999999995,
            "gross_profit": 172927,
            "gross_margin": 27.89,
            "gross_margin_4q_avg": 30.13,
            "net_income": -42605,
            "net_income_4q": null,
            "revenue": 620102,
            "revenue_4q": null,
            "common_shares": 627892,
            "book_valuer_per_share": 20.29,
            "book_valuer_per_share_4q_avg": 21.6,
            "equity": 1294223,
            "current_ratio": 234.32,
            "debt_ratio": 37.52,
            "inventory_turnover_ratio": 0.65,
            "account_receivable_turnover_ratio": 1.2,
            "reinvestment_rate": -894.28,
            "research_to_sale_ratio": 3.67,
            "price_fair": 39.38,
            "eps_avg_yearly": 1.13,
            "eps_latest_yearly": 1.16,
            "eps_growth_yearly": 1108.23
        },
        "20141": {
            "year_quarter": 20141,
            "year": 2014,
            "quarter": 1,
            "eps": 0.5,
            "eps_growth_year": -25.37,
            "eps_4q": -0.51,
            "eps_4q_growth_year": -147.84,
            "roe": 2.65,
            "roe_4q": -3.04,
            "gross_profit": 272138,
            "gross_margin": 32.14,
            "gross_margin_4q_avg": 30,
            "net_income": 34933,
            "net_income_4q": null,
            "revenue": 846644,
            "revenue_4q": null,
            "common_shares": 627892,
            "book_valuer_per_share": 20.99,
            "book_valuer_per_share_4q_avg": 21.07,
            "equity": 1342937,
            "current_ratio": 239.8,
            "debt_ratio": 36.87,
            "inventory_turnover_ratio": 0.83,
            "account_receivable_turnover_ratio": 1.66,
            "reinvestment_rate": -500.4,
            "research_to_sale_ratio": 3.39,
            "price_fair": 39.38,
            "eps_avg_yearly": 1.13,
            "eps_latest_yearly": 1.16,
            "eps_growth_yearly": 1108.23
        },
        "20142": {
            "year_quarter": 20142,
            "year": 2014,
            "quarter": 2,
            "eps": 0.35,
            "eps_growth_year": 20.69,
            "eps_4q": -0.43,
            "eps_4q_growth_year": -137.37,
            "roe": 1.78,
            "roe_4q": -1.8200000000000003,
            "gross_profit": 249238,
            "gross_margin": 32.05,
            "gross_margin_4q_avg": 30.08,
            "net_income": 23642,
            "net_income_4q": null,
            "revenue": 777773,
            "revenue_4q": null,
            "common_shares": 627892,
            "book_valuer_per_share": 20.53,
            "book_valuer_per_share_4q_avg": 20.64,
            "equity": 1314666,
            "current_ratio": 204.73,
            "debt_ratio": 43.74,
            "inventory_turnover_ratio": 0.72,
            "account_receivable_turnover_ratio": 1.43,
            "reinvestment_rate": -493.2,
            "research_to_sale_ratio": 3.56,
            "price_fair": 40.44,
            "eps_avg_yearly": 1.16,
            "eps_latest_yearly": 1.4,
            "eps_growth_yearly": 971.76
        },
        "20143": {
            "year_quarter": 20143,
            "year": 2014,
            "quarter": 3,
            "eps": -0.04,
            "eps_growth_year": null,
            "eps_4q": 0.22,
            "eps_4q_growth_year": -33.38,
            "roe": -0.57,
            "roe_4q": 0.6099999999999999,
            "gross_profit": 224343,
            "gross_margin": 31.02,
            "gross_margin_4q_avg": 30.78,
            "net_income": -7521,
            "net_income_4q": null,
            "revenue": 723247,
            "revenue_4q": null,
            "common_shares": 627892,
            "book_valuer_per_share": 20.64,
            "book_valuer_per_share_4q_avg": 20.61,
            "equity": 1316650,
            "current_ratio": 208.24,
            "debt_ratio": 42.71,
            "inventory_turnover_ratio": 0.6,
            "account_receivable_turnover_ratio": 1.27,
            "reinvestment_rate": -75.53,
            "research_to_sale_ratio": 3.75,
            "price_fair": 36.93,
            "eps_avg_yearly": 1.06,
            "eps_latest_yearly": 1.4,
            "eps_growth_yearly": 1020.73
        },
        "20144": {
            "year_quarter": 20144,
            "year": 2014,
            "quarter": 4,
            "eps": -0.24,
            "eps_growth_year": null,
            "eps_4q": 0.55,
            "eps_4q_growth_year": null,
            "roe": -1.55,
            "roe_4q": 2.3099999999999996,
            "gross_profit": 154379,
            "gross_margin": 26.54,
            "gross_margin_4q_avg": 30.44,
            "net_income": -20425,
            "net_income_4q": null,
            "revenue": 581697,
            "revenue_4q": null,
            "common_shares": 646729,
            "book_valuer_per_share": 20.18,
            "book_valuer_per_share_4q_avg": 20.59,
            "equity": 1321726,
            "current_ratio": 234.29,
            "debt_ratio": 37.29,
            "inventory_turnover_ratio": 0.53,
            "account_receivable_turnover_ratio": 1.12,
            "reinvestment_rate": -568.75,
            "research_to_sale_ratio": 2.74,
            "price_fair": 36.93,
            "eps_avg_yearly": 1.06,
            "eps_latest_yearly": 1.4,
            "eps_growth_yearly": 1020.73
        },
        "20151": {
            "year_quarter": 20151,
            "year": 2015,
            "quarter": 1,
            "eps": -0.29,
            "eps_growth_year": -158,
            "eps_4q": -0.23,
            "eps_4q_growth_year": null,
            "roe": -1.51,
            "roe_4q": -1.8499999999999999,
            "gross_profit": 203951,
            "gross_margin": 31.7,
            "gross_margin_4q_avg": 30.33,
            "net_income": -19771,
            "net_income_4q": null,
            "revenue": 643326,
            "revenue_4q": null,
            "common_shares": 646729,
            "book_valuer_per_share": 19.72,
            "book_valuer_per_share_4q_avg": 20.27,
            "equity": 1290195,
            "current_ratio": 245.67,
            "debt_ratio": 35.33,
            "inventory_turnover_ratio": 0.62,
            "account_receivable_turnover_ratio": 1.41,
            "reinvestment_rate": -1003.94,
            "research_to_sale_ratio": 3.7,
            "price_fair": 36.93,
            "eps_avg_yearly": 1.06,
            "eps_latest_yearly": 1.4,
            "eps_growth_yearly": 1020.73
        },
        "20152": {
            "year_quarter": 20152,
            "year": 2015,
            "quarter": 2,
            "eps": 0.05,
            "eps_growth_year": -85.71,
            "eps_4q": -0.51,
            "eps_4q_growth_year": null,
            "roe": 0.18,
            "roe_4q": -3.4499999999999997,
            "gross_profit": 188553,
            "gross_margin": 32.06,
            "gross_margin_4q_avg": 30.33,
            "net_income": 2232,
            "net_income_4q": null,
            "revenue": 588202,
            "revenue_4q": null,
            "common_shares": 646729,
            "book_valuer_per_share": 18.93,
            "book_valuer_per_share_4q_avg": 19.87,
            "equity": 1237923,
            "current_ratio": 203.18,
            "debt_ratio": 43.41,
            "inventory_turnover_ratio": 0.54,
            "account_receivable_turnover_ratio": 1.2,
            "reinvestment_rate": -913.2,
            "research_to_sale_ratio": 4.28,
            "price_fair": 41.8,
            "eps_avg_yearly": 1.19,
            "eps_latest_yearly": 1.4,
            "eps_growth_yearly": 1220
        },
        "20153": {
            "year_quarter": 20153,
            "year": 2015,
            "quarter": 3,
            "eps": 0.25,
            "eps_growth_year": null,
            "eps_4q": -0.23,
            "eps_4q_growth_year": -202.62,
            "roe": 0.9,
            "roe_4q": -1.98,
            "gross_profit": 219067,
            "gross_margin": 31.74,
            "gross_margin_4q_avg": 30.51,
            "net_income": 11229,
            "net_income_4q": null,
            "revenue": 690298,
            "revenue_4q": null,
            "common_shares": 666130,
            "book_valuer_per_share": 19.5,
            "book_valuer_per_share_4q_avg": 19.58,
            "equity": 1264984,
            "current_ratio": 196.31,
            "debt_ratio": 45.07,
            "inventory_turnover_ratio": 0.57,
            "account_receivable_turnover_ratio": 1.22,
            "reinvestment_rate": -1141.25,
            "research_to_sale_ratio": 3.77,
            "price_fair": 39.2,
            "eps_avg_yearly": 1.12,
            "eps_latest_yearly": 1,
            "eps_growth_yearly": 420
        },
        "20154": {
            "year_quarter": 20154,
            "year": 2015,
            "quarter": 4,
            "eps": 0.42,
            "eps_growth_year": null,
            "eps_4q": 0.42,
            "eps_4q_growth_year": -22.59,
            "roe": 2.19,
            "roe_4q": 1.76,
            "gross_profit": 229320,
            "gross_margin": 32.2,
            "gross_margin_4q_avg": 31.93,
            "net_income": 27881,
            "net_income_4q": null,
            "revenue": 712207,
            "revenue_4q": null,
            "common_shares": 666130,
            "book_valuer_per_share": 19.92,
            "book_valuer_per_share_4q_avg": 19.52,
            "equity": 1281930,
            "current_ratio": 197.87,
            "debt_ratio": 44.69,
            "inventory_turnover_ratio": 0.55,
            "account_receivable_turnover_ratio": 1.18,
            "reinvestment_rate": -646.1,
            "research_to_sale_ratio": 4.29,
            "price_fair": 41.65,
            "eps_avg_yearly": 1.19,
            "eps_latest_yearly": 1.68,
            "eps_growth_yearly": 401.5
        },
        "20161": {
            "year_quarter": 20161,
            "year": 2016,
            "quarter": 1,
            "eps": 0.45,
            "eps_growth_year": null,
            "eps_4q": 1.17,
            "eps_4q_growth_year": null,
            "roe": 2.38,
            "roe_4q": 5.65,
            "gross_profit": 271427,
            "gross_margin": 35.18,
            "gross_margin_4q_avg": 32.8,
            "net_income": 30660,
            "net_income_4q": null,
            "revenue": 771608,
            "revenue_4q": null,
            "common_shares": 666130,
            "book_valuer_per_share": 20.12,
            "book_valuer_per_share_4q_avg": 19.62,
            "equity": 1296717,
            "current_ratio": 200.66,
            "debt_ratio": 43.89,
            "inventory_turnover_ratio": 0.57,
            "account_receivable_turnover_ratio": 1.28,
            "reinvestment_rate": -614.08,
            "research_to_sale_ratio": 3.87,
            "price_fair": 44.02,
            "eps_avg_yearly": 1.26,
            "eps_latest_yearly": 1.8,
            "eps_growth_yearly": 360.07
        },
        "20162": {
            "year_quarter": 20162,
            "year": 2016,
            "quarter": 2,
            "eps": 0.22,
            "eps_growth_year": 340,
            "eps_4q": 1.34,
            "eps_4q_growth_year": null,
            "roe": 0.97,
            "roe_4q": 6.4399999999999995,
            "gross_profit": 234134,
            "gross_margin": 33.05,
            "gross_margin_4q_avg": 33.04,
            "net_income": 12561,
            "net_income_4q": null,
            "revenue": 708474,
            "revenue_4q": null,
            "common_shares": 666130,
            "book_valuer_per_share": 19.97,
            "book_valuer_per_share_4q_avg": 19.88,
            "equity": 1285640,
            "current_ratio": 200.52,
            "debt_ratio": 44.03,
            "inventory_turnover_ratio": 0.56,
            "account_receivable_turnover_ratio": 1.16,
            "reinvestment_rate": -655.59,
            "research_to_sale_ratio": 4.42,
            "price_fair": 44.49,
            "eps_avg_yearly": 1.27,
            "eps_latest_yearly": 0.88,
            "eps_growth_yearly": 359.57
        },
        "20163": {
            "year_quarter": 20163,
            "year": 2016,
            "quarter": 3,
            "eps": 0.38,
            "eps_growth_year": 52,
            "eps_4q": 1.46,
            "eps_4q_growth_year": null,
            "roe": 1.98,
            "roe_4q": 7.52,
            "gross_profit": 271693,
            "gross_margin": 33.88,
            "gross_margin_4q_avg": 33.58,
            "net_income": 25488,
            "net_income_4q": null,
            "revenue": 801862,
            "revenue_4q": null,
            "common_shares": 666130,
            "book_valuer_per_share": 19.95,
            "book_valuer_per_share_4q_avg": 19.99,
            "equity": 1284925,
            "current_ratio": 190.21,
            "debt_ratio": 46.65,
            "inventory_turnover_ratio": 0.63,
            "account_receivable_turnover_ratio": 1.22,
            "reinvestment_rate": -558.76,
            "research_to_sale_ratio": 3.47,
            "price_fair": 48.84,
            "eps_avg_yearly": 1.4,
            "eps_latest_yearly": 1.52,
            "eps_growth_yearly": 412.95
        },
        "20164": {
            "year_quarter": 20164,
            "year": 2016,
            "quarter": 4,
            "eps": 0.24,
            "eps_growth_year": -43.37,
            "eps_4q": 1.28,
            "eps_4q_growth_year": 202.28,
            "roe": 0.9,
            "roe_4q": 6.2299999999999995,
            "gross_profit": 277092,
            "gross_margin": 34.41,
            "gross_margin_4q_avg": 34.13,
            "net_income": 11741,
            "net_income_4q": null,
            "revenue": 805374,
            "revenue_4q": null,
            "common_shares": 666130,
            "book_valuer_per_share": 20.49,
            "book_valuer_per_share_4q_avg": 20.13,
            "equity": 1317115,
            "current_ratio": 178.6,
            "debt_ratio": 49.99,
            "inventory_turnover_ratio": 0.59,
            "account_receivable_turnover_ratio": 1.13,
            "reinvestment_rate": -515.33,
            "research_to_sale_ratio": 3.79,
            "price_fair": 50.87,
            "eps_avg_yearly": 1.45,
            "eps_latest_yearly": 0.96,
            "eps_growth_yearly": 392.13
        },
        "20171": {
            "year_quarter": 20171,
            "year": 2017,
            "quarter": 1,
            "eps": 0.48,
            "eps_growth_year": 6.67,
            "eps_4q": 1.31,
            "eps_4q_growth_year": 12.28,
            "roe": 2.66,
            "roe_4q": 6.51,
            "gross_profit": 311183,
            "gross_margin": 35.64,
            "gross_margin_4q_avg": 34.25,
            "net_income": 34843,
            "net_income_4q": null,
            "revenue": 873174,
            "revenue_4q": null,
            "common_shares": 666130,
            "book_valuer_per_share": 20.09,
            "book_valuer_per_share_4q_avg": 20.13,
            "equity": 1300475,
            "current_ratio": 189.89,
            "debt_ratio": 46.73,
            "inventory_turnover_ratio": 0.62,
            "account_receivable_turnover_ratio": 1.28,
            "reinvestment_rate": 21.32,
            "research_to_sale_ratio": 3.51,
            "price_fair": 47.91,
            "eps_avg_yearly": 1.37,
            "eps_latest_yearly": 1.92,
            "eps_growth_yearly": 210.31
        },
        "20172": {
            "year_quarter": 20172,
            "year": 2017,
            "quarter": 2,
            "eps": 0.32,
            "eps_growth_year": 45.45,
            "eps_4q": 1.41,
            "eps_4q_growth_year": 5.08,
            "roe": 1.72,
            "roe_4q": 7.26,
            "gross_profit": 265528,
            "gross_margin": 32.61,
            "gross_margin_4q_avg": 34.14,
            "net_income": 22062,
            "net_income_4q": null,
            "revenue": 814289,
            "revenue_4q": null,
            "common_shares": 666130,
            "book_valuer_per_share": 19.51,
            "book_valuer_per_share_4q_avg": 20.01,
            "equity": 1264898,
            "current_ratio": 180.45,
            "debt_ratio": 49.51,
            "inventory_turnover_ratio": 0.67,
            "account_receivable_turnover_ratio": 1.2,
            "reinvestment_rate": 6.79,
            "research_to_sale_ratio": 3.87,
            "price_fair": 48.38,
            "eps_avg_yearly": 1.38,
            "eps_latest_yearly": 1.28,
            "eps_growth_yearly": 220.7
        },
        "20173": {
            "year_quarter": 20173,
            "year": 2017,
            "quarter": 3,
            "eps": 0.66,
            "eps_growth_year": 73.68,
            "eps_4q": 1.68,
            "eps_4q_growth_year": 14.81,
            "roe": 3.31,
            "roe_4q": 8.59,
            "gross_profit": 321667,
            "gross_margin": 34.5,
            "gross_margin_4q_avg": 34.29,
            "net_income": 42751,
            "net_income_4q": null,
            "revenue": 932459,
            "revenue_4q": null,
            "common_shares": 666130,
            "book_valuer_per_share": 20.16,
            "book_valuer_per_share_4q_avg": 20.06,
            "equity": 1314993,
            "current_ratio": 181.99,
            "debt_ratio": 49.58,
            "inventory_turnover_ratio": 0.77,
            "account_receivable_turnover_ratio": 1.27,
            "reinvestment_rate": 2.34,
            "research_to_sale_ratio": 3.38,
            "price_fair": 52.78,
            "eps_avg_yearly": 1.51,
            "eps_latest_yearly": 2.64,
            "eps_growth_yearly": 241.13
        },
        "20174": {
            "year_quarter": 20174,
            "year": 2017,
            "quarter": 4,
            "eps": 0.35,
            "eps_growth_year": 47.63,
            "eps_4q": 1.8,
            "eps_4q_growth_year": 39.87,
            "roe": 1.55,
            "roe_4q": 9.24,
            "gross_profit": 297818,
            "gross_margin": 34.54,
            "gross_margin_4q_avg": 34.32,
            "net_income": 20408,
            "net_income_4q": null,
            "revenue": 862223,
            "revenue_4q": null,
            "common_shares": 666130,
            "book_valuer_per_share": 20.36,
            "book_valuer_per_share_4q_avg": 20.03,
            "equity": 1326002,
            "current_ratio": 170.99,
            "debt_ratio": 53.06,
            "inventory_turnover_ratio": 0.67,
            "account_receivable_turnover_ratio": 1.16,
            "reinvestment_rate": -3.83,
            "research_to_sale_ratio": 3.81,
            "price_fair": 52.44,
            "eps_avg_yearly": 1.5,
            "eps_latest_yearly": 1.4,
            "eps_growth_yearly": 202.13
        },
        "20181": {
            "year_quarter": 20181,
            "year": 2018,
            "quarter": 1,
            "eps": 0.9,
            "eps_growth_year": 87.5,
            "eps_4q": 2.21,
            "eps_4q_growth_year": 68.68,
            "roe": 4.28,
            "roe_4q": 10.860000000000001,
            "gross_profit": 360041,
            "gross_margin": 35.02,
            "gross_margin_4q_avg": 34.17,
            "net_income": 57888,
            "net_income_4q": null,
            "revenue": 1028188,
            "revenue_4q": null,
            "common_shares": 666130,
            "book_valuer_per_share": 21.13,
            "book_valuer_per_share_4q_avg": 20.29,
            "equity": 1380340,
            "current_ratio": 177.15,
            "debt_ratio": 51.3,
            "inventory_turnover_ratio": 0.77,
            "account_receivable_turnover_ratio": 1.35,
            "reinvestment_rate": -5.73,
            "research_to_sale_ratio": 2.9,
            "price_fair": 58.57,
            "eps_avg_yearly": 1.67,
            "eps_latest_yearly": 3.6,
            "eps_growth_yearly": 237.67
        },
        "20182": {
            "year_quarter": 20182,
            "year": 2018,
            "quarter": 2,
            "eps": 0.6,
            "eps_growth_year": 87.5,
            "eps_4q": 2.49,
            "eps_4q_growth_year": 76.57,
            "roe": 2.88,
            "roe_4q": 12.020000000000001,
            "gross_profit": 309569,
            "gross_margin": 32.25,
            "gross_margin_4q_avg": 34.08,
            "net_income": 39782,
            "net_income_4q": null,
            "revenue": 959895,
            "revenue_4q": null,
            "common_shares": 666130,
            "book_valuer_per_share": 20.94,
            "book_valuer_per_share_4q_avg": 20.65,
            "equity": 1379042,
            "current_ratio": 165.45,
            "debt_ratio": 55.4,
            "inventory_turnover_ratio": 0.69,
            "account_receivable_turnover_ratio": 1.16,
            "reinvestment_rate": -5.28,
            "research_to_sale_ratio": 3.39,
            "price_fair": 61.48,
            "eps_avg_yearly": 1.76,
            "eps_latest_yearly": 2.4,
            "eps_growth_yearly": 236.56
        },
        "20183": {
            "year_quarter": 20183,
            "year": 2018,
            "quarter": 3,
            "eps": 0.41,
            "eps_growth_year": -37.88,
            "eps_4q": 2.23,
            "eps_4q_growth_year": 32.66,
            "roe": 2,
            "roe_4q": 10.71,
            "gross_profit": 317642,
            "gross_margin": 32.3,
            "gross_margin_4q_avg": 33.53,
            "net_income": 28095,
            "net_income_4q": null,
            "revenue": 983446,
            "revenue_4q": null,
            "common_shares": 666130,
            "book_valuer_per_share": 21.43,
            "book_valuer_per_share_4q_avg": 20.97,
            "equity": 1424350,
            "current_ratio": 172.12,
            "debt_ratio": 53.15,
            "inventory_turnover_ratio": 0.64,
            "account_receivable_turnover_ratio": 1.13,
            "reinvestment_rate": -3.68,
            "research_to_sale_ratio": 3.04,
            "price_fair": 61.17,
            "eps_avg_yearly": 1.75,
            "eps_latest_yearly": 1.64,
            "eps_growth_yearly": 208.62
        },
        "20184": {
            "year_quarter": 20184,
            "year": 2018,
            "quarter": 4,
            "eps": 0.14,
            "eps_growth_year": -60.78,
            "eps_4q": 2.01,
            "eps_4q_growth_year": 11.69,
            "roe": 0.66,
            "roe_4q": 9.82,
            "gross_profit": 303857,
            "gross_margin": 33.38,
            "gross_margin_4q_avg": 33.24,
            "net_income": 9572,
            "net_income_4q": null,
            "revenue": 910297,
            "revenue_4q": null,
            "common_shares": 666130,
            "book_valuer_per_share": 21.67,
            "book_valuer_per_share_4q_avg": 21.29,
            "equity": 1455617,
            "current_ratio": 168.98,
            "debt_ratio": 54.53,
            "inventory_turnover_ratio": 0.54,
            "account_receivable_turnover_ratio": 1.03,
            "reinvestment_rate": -8.49,
            "research_to_sale_ratio": 3.35,
            "price_fair": 58.2,
            "eps_avg_yearly": 1.66,
            "eps_latest_yearly": 0.56,
            "eps_growth_yearly": 174.9
        },
        "20191": {
            "year_quarter": 20191,
            "year": 2019,
            "quarter": 1,
            "eps": 0.51,
            "eps_growth_year": -43.33,
            "eps_4q": 1.64,
            "eps_4q_growth_year": -25.89,
            "roe": 2.24,
            "roe_4q": 7.78,
            "gross_profit": 338659,
            "gross_margin": 32.97,
            "gross_margin_4q_avg": 32.73,
            "net_income": 32952,
            "net_income_4q": null,
            "revenue": 1027175,
            "revenue_4q": null,
            "common_shares": 666130,
            "book_valuer_per_share": 22.22,
            "book_valuer_per_share_4q_avg": 21.57,
            "equity": 1488135,
            "current_ratio": 171.76,
            "debt_ratio": 55.61,
            "inventory_turnover_ratio": 0.6,
            "account_receivable_turnover_ratio": 1.12,
            "reinvestment_rate": -10.51,
            "research_to_sale_ratio": 2.76,
            "price_fair": 59.08,
            "eps_avg_yearly": 1.69,
            "eps_latest_yearly": 2.04,
            "eps_growth_yearly": 233.72
        },
        "20192": {
            "year_quarter": 20192,
            "year": 2019,
            "quarter": 2,
            "eps": 0.37,
            "eps_growth_year": -38.33,
            "eps_4q": 1.42,
            "eps_4q_growth_year": -43.1,
            "roe": 1.71,
            "roe_4q": 6.61,
            "gross_profit": 286621,
            "gross_margin": 28.66,
            "gross_margin_4q_avg": 31.83,
            "net_income": 24838,
            "net_income_4q": null,
            "revenue": 1000159,
            "revenue_4q": null,
            "common_shares": 666130,
            "book_valuer_per_share": 21.2,
            "book_valuer_per_share_4q_avg": 21.63,
            "equity": 1420532,
            "current_ratio": 158.32,
            "debt_ratio": 61.57,
            "inventory_turnover_ratio": 0.63,
            "account_receivable_turnover_ratio": 1.01,
            "reinvestment_rate": -10.02,
            "research_to_sale_ratio": 2.87,
            "price_fair": 58.63,
            "eps_avg_yearly": 1.68,
            "eps_latest_yearly": 1.48,
            "eps_growth_yearly": 212.25
        },
        "20193": {
            "year_quarter": 20193,
            "year": 2019,
            "quarter": 3,
            "eps": 0.2,
            "eps_growth_year": -51.22,
            "eps_4q": 1.21,
            "eps_4q_growth_year": -45.64,
            "roe": 0.89,
            "roe_4q": 5.5,
            "gross_profit": 294839,
            "gross_margin": 29.25,
            "gross_margin_4q_avg": 31.07,
            "net_income": 12716,
            "net_income_4q": null,
            "revenue": 1008072,
            "revenue_4q": null,
            "common_shares": 666130,
            "book_valuer_per_share": 21.27,
            "book_valuer_per_share_4q_avg": 21.59,
            "equity": 1424613,
            "current_ratio": 166.84,
            "debt_ratio": 60.99,
            "inventory_turnover_ratio": 0.62,
            "account_receivable_turnover_ratio": 0.98,
            "reinvestment_rate": -7.4,
            "research_to_sale_ratio": 2.85,
            "price_fair": 58.19,
            "eps_avg_yearly": 1.66,
            "eps_latest_yearly": 0.8,
            "eps_growth_yearly": 100.76
        },
        "20194": {
            "year_quarter": 20194,
            "year": 2019,
            "quarter": 4,
            "eps": 0.2,
            "eps_growth_year": 48.54,
            "eps_4q": 1.28,
            "eps_4q_growth_year": -36.28,
            "roe": 0.76,
            "roe_4q": 5.6,
            "gross_profit": 296985,
            "gross_margin": 29.76,
            "gross_margin_4q_avg": 30.16,
            "net_income": 10777,
            "net_income_4q": null,
            "revenue": 997909,
            "revenue_4q": null,
            "common_shares": 666130,
            "book_valuer_per_share": 20.91,
            "book_valuer_per_share_4q_avg": 21.4,
            "equity": 1397843,
            "current_ratio": 170.15,
            "debt_ratio": 60.15,
            "inventory_turnover_ratio": 0.62,
            "account_receivable_turnover_ratio": 0.99,
            "reinvestment_rate": -7.36,
            "research_to_sale_ratio": 2.92,
            "price_fair": 56.26,
            "eps_avg_yearly": 1.61,
            "eps_latest_yearly": 0.8,
            "eps_growth_yearly": 83.76
        },
        "20201": {
            "year_quarter": 20201,
            "year": 2020,
            "quarter": 1,
            "eps": 0.23,
            "eps_growth_year": -54.9,
            "eps_4q": 1.03,
            "eps_4q_growth_year": -37.37,
            "roe": 0.8,
            "roe_4q": 4.16,
            "gross_profit": 332984,
            "gross_margin": 34.4,
            "gross_margin_4q_avg": 30.52,
            "net_income": 11133,
            "net_income_4q": null,
            "revenue": 967997,
            "revenue_4q": null,
            "common_shares": 666130,
            "book_valuer_per_share": 21.18,
            "book_valuer_per_share_4q_avg": 21.14,
            "equity": 1370825,
            "current_ratio": 167.76,
            "debt_ratio": 59.76,
            "inventory_turnover_ratio": 0.59,
            "account_receivable_turnover_ratio": 0.99,
            "reinvestment_rate": -12.04,
            "research_to_sale_ratio": 3.06,
            "price_fair": 54.34,
            "eps_avg_yearly": 1.55,
            "eps_latest_yearly": 0.92,
            "eps_growth_yearly": 85.72
        },
        "20202": {
            "year_quarter": 20202,
            "year": 2020,
            "quarter": 2,
            "eps": 2.09,
            "eps_growth_year": 464.86,
            "eps_4q": 2.77,
            "eps_4q_growth_year": 95.6,
            "roe": 10.16,
            "roe_4q": 12.610000000000001,
            "gross_profit": 507019,
            "gross_margin": 37.36,
            "gross_margin_4q_avg": 32.69,
            "net_income": 142520,
            "net_income_4q": null,
            "revenue": 1357146,
            "revenue_4q": null,
            "common_shares": 666130,
            "book_valuer_per_share": 22.16,
            "book_valuer_per_share_4q_avg": 21.38,
            "equity": 1434300,
            "current_ratio": 159.73,
            "debt_ratio": 63.13,
            "inventory_turnover_ratio": 0.86,
            "account_receivable_turnover_ratio": 1.24,
            "reinvestment_rate": -5.56,
            "research_to_sale_ratio": 2.25,
            "price_fair": 70.7,
            "eps_avg_yearly": 2.02,
            "eps_latest_yearly": 8.36,
            "eps_growth_yearly": 300.68
        },
        "20203": {
            "year_quarter": 20203,
            "year": 2020,
            "quarter": 3,
            "eps": 3.23,
            "eps_growth_year": 1515,
            "eps_4q": 5.8,
            "eps_4q_growth_year": 378.24,
            "roe": 14.22,
            "roe_4q": 25.940000000000005,
            "gross_profit": 636904,
            "gross_margin": 38.8,
            "gross_margin_4q_avg": 35.08,
            "net_income": 219112,
            "net_income_4q": null,
            "revenue": 1641656,
            "revenue_4q": null,
            "common_shares": 666130,
            "book_valuer_per_share": 25.22,
            "book_valuer_per_share_4q_avg": 22.37,
            "equity": 1647673,
            "current_ratio": 159.49,
            "debt_ratio": 62.4,
            "inventory_turnover_ratio": 0.97,
            "account_receivable_turnover_ratio": 1.28,
            "reinvestment_rate": -2.79,
            "research_to_sale_ratio": 1.95,
            "price_fair": 95.64,
            "eps_avg_yearly": 2.73,
            "eps_latest_yearly": 12.92,
            "eps_growth_yearly": 296.13
        },
        "20204": {
            "year_quarter": 20204,
            "year": 2020,
            "quarter": 4,
            "eps": 1.51,
            "eps_growth_year": 643.7,
            "eps_4q": 7.08,
            "eps_4q_growth_year": 454.19,
            "roe": 6.13,
            "roe_4q": 31.310000000000002,
            "gross_profit": 473013,
            "gross_margin": 36.78,
            "gross_margin_4q_avg": 36.84,
            "net_income": 103951,
            "net_income_4q": null,
            "revenue": 1286233,
            "revenue_4q": null,
            "common_shares": 666130,
            "book_valuer_per_share": 26.51,
            "book_valuer_per_share_4q_avg": 23.77,
            "equity": 1741945,
            "current_ratio": 160.6,
            "debt_ratio": 61.61,
            "inventory_turnover_ratio": 0.64,
            "account_receivable_turnover_ratio": 1.06,
            "reinvestment_rate": -2.67,
            "research_to_sale_ratio": 3.81,
            "price_fair": 106.75,
            "eps_avg_yearly": 3.05,
            "eps_latest_yearly": 6.04,
            "eps_growth_yearly": 292.03
        },
        "20211": {
            "year_quarter": 20211,
            "year": 2021,
            "quarter": 1,
            "eps": 2.2,
            "eps_growth_year": 856.52,
            "eps_4q": 9.05,
            "eps_4q_growth_year": 781.06,
            "roe": 7.87,
            "roe_4q": 38.379999999999995,
            "gross_profit": 508463,
            "gross_margin": 36.28,
            "gross_margin_4q_avg": 37.31,
            "net_income": 142539,
            "net_income_4q": null,
            "revenue": 1401621,
            "revenue_4q": null,
            "common_shares": 666130,
            "book_valuer_per_share": 28.66,
            "book_valuer_per_share_4q_avg": 25.64,
            "equity": 1881570,
            "current_ratio": 169.65,
            "debt_ratio": 58.06,
            "inventory_turnover_ratio": 0.62,
            "account_receivable_turnover_ratio": 1.26,
            "reinvestment_rate": -2.56,
            "research_to_sale_ratio": 2.31,
            "price_fair": 121.8,
            "eps_avg_yearly": 3.48,
            "eps_latest_yearly": 8.8,
            "eps_growth_yearly": 278.45
        },
        "20212": {
            "year_quarter": 20212,
            "year": 2021,
            "quarter": 2,
            "eps": 1.02,
            "eps_growth_year": -51.2,
            "eps_4q": 7.94,
            "eps_4q_growth_year": 186.67,
            "roe": 3.46,
            "roe_4q": 31.68,
            "gross_profit": 383524,
            "gross_margin": 34.87,
            "gross_margin_4q_avg": 36.68,
            "net_income": 65562,
            "net_income_4q": null,
            "revenue": 1099713,
            "revenue_4q": null,
            "common_shares": 666130,
            "book_valuer_per_share": 29.21,
            "book_valuer_per_share_4q_avg": 27.4,
            "equity": 1912916,
            "current_ratio": 170.39,
            "debt_ratio": 57.14,
            "inventory_turnover_ratio": 0.48,
            "account_receivable_turnover_ratio": 1.06,
            "reinvestment_rate": -2.26,
            "research_to_sale_ratio": 2.78,
            "price_fair": 127.93,
            "eps_avg_yearly": 3.66,
            "eps_latest_yearly": 4.08,
            "eps_growth_yearly": 273.38
        },
        "20213": {
            "year_quarter": 20213,
            "year": 2021,
            "quarter": 3,
            "eps": 0.12,
            "eps_growth_year": -96.28,
            "eps_4q": 4.41,
            "eps_4q_growth_year": -23.99,
            "roe": 0.06,
            "roe_4q": 17.52,
            "gross_profit": 277316,
            "gross_margin": 31.05,
            "gross_margin_4q_avg": 34.75,
            "net_income": 1154,
            "net_income_4q": null,
            "revenue": 893136,
            "revenue_4q": null,
            "common_shares": 730665,
            "book_valuer_per_share": 23.47,
            "book_valuer_per_share_4q_avg": 26.96,
            "equity": 1685149,
            "current_ratio": 164.82,
            "debt_ratio": 57.83,
            "inventory_turnover_ratio": 0.41,
            "account_receivable_turnover_ratio": 0.91,
            "reinvestment_rate": 0.11,
            "research_to_sale_ratio": 3.51,
            "price_fair": 123.2,
            "eps_avg_yearly": 3.52,
            "eps_latest_yearly": 0.48,
            "eps_growth_yearly": 224.76
        },
        "20214": {
            "year_quarter": 20214,
            "year": 2021,
            "quarter": 4,
            "eps": 0.01,
            "eps_growth_year": -99.11,
            "eps_4q": 3.04,
            "eps_4q_growth_year": -57.02,
            "roe": -0.01,
            "roe_4q": 11.379999999999999,
            "gross_profit": 279114,
            "gross_margin": 32.91,
            "gross_margin_4q_avg": 33.78,
            "net_income": -241,
            "net_income_4q": null,
            "revenue": 848220,
            "revenue_4q": null,
            "common_shares": 730665,
            "book_valuer_per_share": 23.42,
            "book_valuer_per_share_4q_avg": 26.19,
            "equity": 1685564,
            "current_ratio": 160.76,
            "debt_ratio": 59.41,
            "inventory_turnover_ratio": 0.36,
            "account_receivable_turnover_ratio": 0.83,
            "reinvestment_rate": 0.06,
            "research_to_sale_ratio": 3.97,
            "price_fair": 120.23,
            "eps_avg_yearly": 3.44,
            "eps_latest_yearly": 0.04,
            "eps_growth_yearly": 213.58
        },
        "20221": {
            "year_quarter": 20221,
            "year": 2022,
            "quarter": 1,
            "eps": -0.34,
            "eps_growth_year": -115.45,
            "eps_4q": 0.72,
            "eps_4q_growth_year": -92.07,
            "roe": -1.34,
            "roe_4q": 2.17,
            "gross_profit": 189751,
            "gross_margin": 26.95,
            "gross_margin_4q_avg": 31.45,
            "net_income": -22846,
            "net_income_4q": null,
            "revenue": 704048,
            "revenue_4q": null,
            "common_shares": 730665,
            "book_valuer_per_share": 23.81,
            "book_valuer_per_share_4q_avg": 24.98,
            "equity": 1715454,
            "current_ratio": 168.23,
            "debt_ratio": 59.1,
            "inventory_turnover_ratio": 0.32,
            "account_receivable_turnover_ratio": 0.71,
            "reinvestment_rate": 0.09,
            "research_to_sale_ratio": 4,
            "price_fair": 119.84,
            "eps_avg_yearly": 3.42,
            "eps_latest_yearly": 0.04,
            "eps_growth_yearly": 185.92
        },
        "20222": {
            "year_quarter": 20222,
            "year": 2022,
            "quarter": 2,
            "eps": 0.02,
            "eps_growth_year": -98.04,
            "eps_4q": -0.19,
            "eps_4q_growth_year": -102.37,
            "roe": -0.56,
            "roe_4q": -1.85,
            "gross_profit": 224748,
            "gross_margin": 30.43,
            "gross_margin_4q_avg": 30.34,
            "net_income": -9463,
            "net_income_4q": null,
            "revenue": 738656,
            "revenue_4q": null,
            "common_shares": 730665,
            "book_valuer_per_share": 22.88,
            "book_valuer_per_share_4q_avg": 23.4,
            "equity": 1638335,
            "current_ratio": 157.12,
            "debt_ratio": 59.87,
            "inventory_turnover_ratio": 0.32,
            "account_receivable_turnover_ratio": 0.74,
            "reinvestment_rate": 0.71,
            "research_to_sale_ratio": 3.8,
            "price_fair": 122.4,
            "eps_avg_yearly": 3.5,
            "eps_latest_yearly": 0.04,
            "eps_growth_yearly": 208.72
        },
        "20223": {
            "year_quarter": 20223,
            "year": 2022,
            "quarter": 3,
            "eps": 0.48,
            "eps_growth_year": 300,
            "eps_4q": 0.17,
            "eps_4q_growth_year": -96.03,
            "roe": 1.54,
            "roe_4q": -0.3700000000000001,
            "gross_profit": 239167,
            "gross_margin": 31.83,
            "gross_margin_4q_avg": 30.53,
            "net_income": 26171,
            "net_income_4q": null,
            "revenue": 751378,
            "revenue_4q": null,
            "common_shares": 730665,
            "book_valuer_per_share": 24.71,
            "book_valuer_per_share_4q_avg": 23.71,
            "equity": 1760100,
            "current_ratio": 162.27,
            "debt_ratio": 57.87,
            "inventory_turnover_ratio": 0.33,
            "account_receivable_turnover_ratio": 0.72,
            "reinvestment_rate": 0.2,
            "research_to_sale_ratio": 4.05,
            "price_fair": 123.1,
            "eps_avg_yearly": 3.52,
            "eps_latest_yearly": 1.92,
            "eps_growth_yearly": 874.91
        },
        "20224": {
            "year_quarter": 20224,
            "year": 2022,
            "quarter": 4,
            "eps": 0.27,
            "eps_growth_year": 1902.32,
            "eps_4q": 0.43,
            "eps_4q_growth_year": -85.86,
            "roe": 1.16,
            "roe_4q": 0.8,
            "gross_profit": 319034,
            "gross_margin": 32,
            "gross_margin_4q_avg": 30.3,
            "net_income": 20273,
            "net_income_4q": null,
            "revenue": 997044,
            "revenue_4q": null,
            "common_shares": 730665,
            "book_valuer_per_share": 24.33,
            "book_valuer_per_share_4q_avg": 23.93,
            "equity": 1734045,
            "current_ratio": 156.55,
            "debt_ratio": 59.73,
            "inventory_turnover_ratio": 0.47,
            "account_receivable_turnover_ratio": 0.91,
            "reinvestment_rate": 0.79,
            "research_to_sale_ratio": 3.46,
            "price_fair": 124.4,
            "eps_avg_yearly": 3.55,
            "eps_latest_yearly": 1.08,
            "eps_growth_yearly": 881.22
        },
        "20231": {
            "year_quarter": 20231,
            "year": 2023,
            "quarter": 1,
            "eps": 0.5,
            "eps_growth_year": null,
            "eps_4q": 1.27,
            "eps_4q_growth_year": 77.63,
            "roe": 1.88,
            "roe_4q": 4.02,
            "gross_profit": 361659,
            "gross_margin": 33.29,
            "gross_margin_4q_avg": 31.89,
            "net_income": 32834,
            "net_income_4q": null,
            "revenue": 1086536,
            "revenue_4q": null,
            "common_shares": 730665,
            "book_valuer_per_share": 24.74,
            "book_valuer_per_share_4q_avg": 24.17,
            "equity": 1760298,
            "current_ratio": 155.66,
            "debt_ratio": 59.89,
            "inventory_turnover_ratio": 0.57,
            "account_receivable_turnover_ratio": 0.95,
            "reinvestment_rate": 1.48,
            "research_to_sale_ratio": 3.08,
            "price_fair": 124.3,
            "eps_avg_yearly": 3.55,
            "eps_latest_yearly": 2,
            "eps_growth_yearly": 830.05
        },
        "20232": {
            "year_quarter": 20232,
            "year": 2023,
            "quarter": 2,
            "eps": 0.56,
            "eps_growth_year": 2700,
            "eps_4q": 1.8,
            "eps_4q_growth_year": null,
            "roe": 2.09,
            "roe_4q": 6.67,
            "gross_profit": 337925,
            "gross_margin": 29.85,
            "gross_margin_4q_avg": 31.74,
            "net_income": 37433,
            "net_income_4q": null,
            "revenue": 1132079,
            "revenue_4q": null,
            "common_shares": 730665,
            "book_valuer_per_share": 25.4,
            "book_valuer_per_share_4q_avg": 24.8,
            "equity": 1816125,
            "current_ratio": 150.62,
            "debt_ratio": 61.89,
            "inventory_turnover_ratio": 0.58,
            "account_receivable_turnover_ratio": 0.95,
            "reinvestment_rate": 2.54,
            "research_to_sale_ratio": 2.99,
            "price_fair": 126.2,
            "eps_avg_yearly": 3.61,
            "eps_latest_yearly": 2.24,
            "eps_growth_yearly": 841.32
        },
        "20233": {
            "year_quarter": 20233,
            "year": 2023,
            "quarter": 3,
            "eps": 0.45,
            "eps_growth_year": -6.25,
            "eps_4q": 1.77,
            "eps_4q_growth_year": 911.99,
            "roe": 1.39,
            "roe_4q": 6.52,
            "gross_profit": 308639,
            "gross_margin": 28.42,
            "gross_margin_4q_avg": 30.89,
            "net_income": 25802,
            "net_income_4q": null,
            "revenue": 1085937,
            "revenue_4q": null,
            "common_shares": 730665,
            "book_valuer_per_share": 26.69,
            "book_valuer_per_share_4q_avg": 25.29,
            "equity": 1903096,
            "current_ratio": 150.85,
            "debt_ratio": 62.41,
            "inventory_turnover_ratio": 0.46,
            "account_receivable_turnover_ratio": 0.91,
            "reinvestment_rate": 3.78,
            "research_to_sale_ratio": 3.34,
            "price_fair": 128.7,
            "eps_avg_yearly": 3.68,
            "eps_latest_yearly": 1.8,
            "eps_growth_yearly": 848.84
        },
        "20234": {
            "year_quarter": 20234,
            "year": 2023,
            "quarter": 4,
            "eps": -0.1,
            "eps_growth_year": -138.79,
            "eps_4q": 1.39,
            "eps_4q_growth_year": 223.7,
            "roe": -0.22,
            "roe_4q": 5.14,
            "gross_profit": 349449,
            "gross_margin": 32.5,
            "gross_margin_4q_avg": 31.02,
            "net_income": -4104,
            "net_income_4q": null,
            "revenue": 1075335,
            "revenue_4q": null,
            "common_shares": 730665,
            "book_valuer_per_share": 25.49,
            "book_valuer_per_share_4q_avg": 25.58,
            "equity": 1824658,
            "current_ratio": 154.33,
            "debt_ratio": 60.6,
            "inventory_turnover_ratio": 0.41,
            "account_receivable_turnover_ratio": 0.86,
            "reinvestment_rate": 4.02,
            "research_to_sale_ratio": 3.37,
            "price_fair": 136.45,
            "eps_avg_yearly": 3.9,
            "eps_latest_yearly": 1.8,
            "eps_growth_yearly": 914.14
        }
    },
    "months": {
        "2006-12": {
            "month": "2006-12",
            "price": "66.85",
            "revenue": 145966
        },
        "2007-01": {
            "month": "2007-01",
            "price": "72.68",
            "revenue": 218892
        },
        "2007-02": {
            "month": "2007-02",
            "price": "77.50",
            "revenue": 139339
        },
        "2007-03": {
            "month": "2007-03",
            "price": "75.48",
            "revenue": 251111
        },
        "2007-04": {
            "month": "2007-04",
            "price": "78.41",
            "revenue": 288407
        },
        "2007-05": {
            "month": "2007-05",
            "price": "83.84",
            "revenue": 256345
        },
        "2007-06": {
            "month": "2007-06",
            "price": "93.91",
            "revenue": 259446
        },
        "2007-07": {
            "month": "2007-07",
            "price": "97.27",
            "revenue": 183265
        },
        "2007-08": {
            "month": "2007-08",
            "price": "98.21",
            "revenue": 233906
        },
        "2007-09": {
            "month": "2007-09",
            "price": "94.72",
            "revenue": 303773
        },
        "2007-10": {
            "month": "2007-10",
            "price": "97.20",
            "revenue": 306763
        },
        "2007-11": {
            "month": "2007-11",
            "price": "99.06",
            "revenue": 268156
        },
        "2007-12": {
            "month": "2007-12",
            "price": "71.09",
            "revenue": 257195
        },
        "2008-01": {
            "month": "2008-01",
            "price": "64.68",
            "revenue": 336387
        },
        "2008-02": {
            "month": "2008-02",
            "price": "70.16",
            "revenue": 179259
        },
        "2008-03": {
            "month": "2008-03",
            "price": "80.98",
            "revenue": 357312
        },
        "2008-04": {
            "month": "2008-04",
            "price": "90.79",
            "revenue": 275031
        },
        "2008-05": {
            "month": "2008-05",
            "price": "112.43",
            "revenue": 284689
        },
        "2008-06": {
            "month": "2008-06",
            "price": "101.41",
            "revenue": 289025
        },
        "2008-07": {
            "month": "2008-07",
            "price": "87.54",
            "revenue": 232686
        },
        "2008-08": {
            "month": "2008-08",
            "price": "92.72",
            "revenue": 242781
        },
        "2008-09": {
            "month": "2008-09",
            "price": "73.53",
            "revenue": 348306
        },
        "2008-10": {
            "month": "2008-10",
            "price": "63.77",
            "revenue": 286423
        },
        "2008-11": {
            "month": "2008-11",
            "price": "54.45",
            "revenue": 198523
        },
        "2008-12": {
            "month": "2008-12",
            "price": "45.10",
            "revenue": 174950
        },
        "2009-01": {
            "month": "2009-01",
            "price": "45.89",
            "revenue": 224014
        },
        "2009-02": {
            "month": "2009-02",
            "price": "48.63",
            "revenue": 232104
        },
        "2009-03": {
            "month": "2009-03",
            "price": "53.70",
            "revenue": 243823
        },
        "2009-04": {
            "month": "2009-04",
            "price": "54.55",
            "revenue": 239362
        },
        "2009-05": {
            "month": "2009-05",
            "price": "51.87",
            "revenue": 217720
        },
        "2009-06": {
            "month": "2009-06",
            "price": "43.86",
            "revenue": 186119
        },
        "2009-07": {
            "month": "2009-07",
            "price": "40.41",
            "revenue": 224383
        },
        "2009-08": {
            "month": "2009-08",
            "price": "39.37",
            "revenue": 251676
        },
        "2009-09": {
            "month": "2009-09",
            "price": "42.87",
            "revenue": 243648
        },
        "2009-10": {
            "month": "2009-10",
            "price": "47.30",
            "revenue": 220699
        },
        "2009-11": {
            "month": "2009-11",
            "price": "42.90",
            "revenue": 207961
        },
        "2009-12": {
            "month": "2009-12",
            "price": "43.80",
            "revenue": 227505
        },
        "2010-01": {
            "month": "2010-01",
            "price": "47.13",
            "revenue": 217808
        },
        "2010-02": {
            "month": "2010-02",
            "price": "39.55",
            "revenue": 200146
        },
        "2010-03": {
            "month": "2010-03",
            "price": "42.15",
            "revenue": 264854
        },
        "2010-04": {
            "month": "2010-04",
            "price": "42.33",
            "revenue": 192556
        },
        "2010-05": {
            "month": "2010-05",
            "price": "35.46",
            "revenue": 193222
        },
        "2010-06": {
            "month": "2010-06",
            "price": "31.44",
            "revenue": 275340
        },
        "2010-07": {
            "month": "2010-07",
            "price": "32.32",
            "revenue": 237356
        },
        "2010-08": {
            "month": "2010-08",
            "price": "31.65",
            "revenue": 291274
        },
        "2010-09": {
            "month": "2010-09",
            "price": "30.29",
            "revenue": 331657
        },
        "2010-10": {
            "month": "2010-10",
            "price": "32.71",
            "revenue": 242095
        },
        "2010-11": {
            "month": "2010-11",
            "price": "30.25",
            "revenue": 219142
        },
        "2010-12": {
            "month": "2010-12",
            "price": "29.92",
            "revenue": 235220
        },
        "2011-01": {
            "month": "2011-01",
            "price": "29.07",
            "revenue": 218841
        },
        "2011-02": {
            "month": "2011-02",
            "price": "26.67",
            "revenue": 207525
        },
        "2011-03": {
            "month": "2011-03",
            "price": "26.06",
            "revenue": 284369
        },
        "2011-04": {
            "month": "2011-04",
            "price": "26.53",
            "revenue": 255073
        },
        "2011-05": {
            "month": "2011-05",
            "price": "25.01",
            "revenue": 243836
        },
        "2011-06": {
            "month": "2011-06",
            "price": "26.38",
            "revenue": 234212
        },
        "2011-07": {
            "month": "2011-07",
            "price": "22.65",
            "revenue": 254535
        },
        "2011-08": {
            "month": "2011-08",
            "price": "17.46",
            "revenue": 277771
        },
        "2011-09": {
            "month": "2011-09",
            "price": "16.94",
            "revenue": 274944
        },
        "2011-10": {
            "month": "2011-10",
            "price": "16.83",
            "revenue": 226573
        },
        "2011-11": {
            "month": "2011-11",
            "price": "16.34",
            "revenue": 287765
        },
        "2011-12": {
            "month": "2011-12",
            "price": "13.97",
            "revenue": 254688
        },
        "2012-01": {
            "month": "2012-01",
            "price": "14.86",
            "revenue": 298007
        },
        "2012-02": {
            "month": "2012-02",
            "price": "20.80",
            "revenue": 262277
        },
        "2012-03": {
            "month": "2012-03",
            "price": "22.96",
            "revenue": 315135
        },
        "2012-04": {
            "month": "2012-04",
            "price": "19.30",
            "revenue": 232736
        },
        "2012-05": {
            "month": "2012-05",
            "price": "17.75",
            "revenue": 263163
        },
        "2012-06": {
            "month": "2012-06",
            "price": "17.39",
            "revenue": 227606
        },
        "2012-07": {
            "month": "2012-07",
            "price": "16.93",
            "revenue": 240647
        },
        "2012-08": {
            "month": "2012-08",
            "price": "15.42",
            "revenue": 257442
        },
        "2012-09": {
            "month": "2012-09",
            "price": "15.62",
            "revenue": 265436
        },
        "2012-10": {
            "month": "2012-10",
            "price": "14.99",
            "revenue": 312318
        },
        "2012-11": {
            "month": "2012-11",
            "price": "13.72",
            "revenue": 269372
        },
        "2012-12": {
            "month": "2012-12",
            "price": "13.97",
            "revenue": 232568
        },
        "2013-01": {
            "month": "2013-01",
            "price": "15.08",
            "revenue": 331427
        },
        "2013-02": {
            "month": "2013-02",
            "price": "15.22",
            "revenue": 290066
        },
        "2013-03": {
            "month": "2013-03",
            "price": "17.69",
            "revenue": 320546
        },
        "2013-04": {
            "month": "2013-04",
            "price": "18.35",
            "revenue": 267727
        },
        "2013-05": {
            "month": "2013-05",
            "price": "19.84",
            "revenue": 305498
        },
        "2013-06": {
            "month": "2013-06",
            "price": "20.40",
            "revenue": 254927
        },
        "2013-07": {
            "month": "2013-07",
            "price": "21.00",
            "revenue": 193880
        },
        "2013-08": {
            "month": "2013-08",
            "price": "19.12",
            "revenue": 239839
        },
        "2013-09": {
            "month": "2013-09",
            "price": "17.36",
            "revenue": 276385
        },
        "2013-10": {
            "month": "2013-10",
            "price": "18.38",
            "revenue": 200275
        },
        "2013-11": {
            "month": "2013-11",
            "price": "15.63",
            "revenue": 242806
        },
        "2013-12": {
            "month": "2013-12",
            "price": "14.95",
            "revenue": 198204
        },
        "2014-01": {
            "month": "2014-01",
            "price": "16.49",
            "revenue": 328865
        },
        "2014-02": {
            "month": "2014-02",
            "price": "17.44",
            "revenue": 220620
        },
        "2014-03": {
            "month": "2014-03",
            "price": "18.62",
            "revenue": 307630
        },
        "2014-04": {
            "month": "2014-04",
            "price": "17.47",
            "revenue": 263020
        },
        "2014-05": {
            "month": "2014-05",
            "price": "16.98",
            "revenue": 264671
        },
        "2014-06": {
            "month": "2014-06",
            "price": "18.13",
            "revenue": 266333
        },
        "2014-07": {
            "month": "2014-07",
            "price": "20.28",
            "revenue": 219304
        },
        "2014-08": {
            "month": "2014-08",
            "price": "18.35",
            "revenue": 237689
        },
        "2014-09": {
            "month": "2014-09",
            "price": "18.67",
            "revenue": 282261
        },
        "2014-10": {
            "month": "2014-10",
            "price": "17.13",
            "revenue": 214470
        },
        "2014-11": {
            "month": "2014-11",
            "price": "16.43",
            "revenue": 203525
        },
        "2014-12": {
            "month": "2014-12",
            "price": "16.32",
            "revenue": 186274
        },
        "2015-01": {
            "month": "2015-01",
            "price": "17.06",
            "revenue": 257330
        },
        "2015-02": {
            "month": "2015-02",
            "price": "17.39",
            "revenue": 181184
        },
        "2015-03": {
            "month": "2015-03",
            "price": "17.08",
            "revenue": 215905
        },
        "2015-04": {
            "month": "2015-04",
            "price": "15.81",
            "revenue": 220134
        },
        "2015-05": {
            "month": "2015-05",
            "price": "14.41",
            "revenue": 175186
        },
        "2015-06": {
            "month": "2015-06",
            "price": "13.19",
            "revenue": 206953
        },
        "2015-07": {
            "month": "2015-07",
            "price": "12.19",
            "revenue": 231730
        },
        "2015-08": {
            "month": "2015-08",
            "price": "10.31",
            "revenue": 233291
        },
        "2015-09": {
            "month": "2015-09",
            "price": "12.66",
            "revenue": 238686
        },
        "2015-10": {
            "month": "2015-10",
            "price": "13.83",
            "revenue": 248997
        },
        "2015-11": {
            "month": "2015-11",
            "price": "12.92",
            "revenue": 241805
        },
        "2015-12": {
            "month": "2015-12",
            "price": "13.13",
            "revenue": 241033
        },
        "2016-01": {
            "month": "2016-01",
            "price": "12.21",
            "revenue": 289873
        },
        "2016-02": {
            "month": "2016-02",
            "price": "13.48",
            "revenue": 246675
        },
        "2016-03": {
            "month": "2016-03",
            "price": "14.86",
            "revenue": 250644
        },
        "2016-04": {
            "month": "2016-04",
            "price": "15.99",
            "revenue": 225168
        },
        "2016-05": {
            "month": "2016-05",
            "price": "14.74",
            "revenue": 225468
        },
        "2016-06": {
            "month": "2016-06",
            "price": "17.77",
            "revenue": 270595
        },
        "2016-07": {
            "month": "2016-07",
            "price": "20.76",
            "revenue": 252358
        },
        "2016-08": {
            "month": "2016-08",
            "price": "20.74",
            "revenue": 274404
        },
        "2016-09": {
            "month": "2016-09",
            "price": "19.43",
            "revenue": 293317
        },
        "2016-10": {
            "month": "2016-10",
            "price": "20.88",
            "revenue": 275484
        },
        "2016-11": {
            "month": "2016-11",
            "price": "20.65",
            "revenue": 279962
        },
        "2016-12": {
            "month": "2016-12",
            "price": "21.06",
            "revenue": 266514
        },
        "2017-01": {
            "month": "2017-01",
            "price": "22.11",
            "revenue": 308932
        },
        "2017-02": {
            "month": "2017-02",
            "price": "21.81",
            "revenue": 258355
        },
        "2017-03": {
            "month": "2017-03",
            "price": "21.13",
            "revenue": 312084
        },
        "2017-04": {
            "month": "2017-04",
            "price": "19.84",
            "revenue": 240053
        },
        "2017-05": {
            "month": "2017-05",
            "price": "21.29",
            "revenue": 258107
        },
        "2017-06": {
            "month": "2017-06",
            "price": "22.04",
            "revenue": 323091
        },
        "2017-07": {
            "month": "2017-07",
            "price": "22.33",
            "revenue": 284405
        },
        "2017-08": {
            "month": "2017-08",
            "price": "20.98",
            "revenue": 311371
        },
        "2017-09": {
            "month": "2017-09",
            "price": "21.29",
            "revenue": 343090
        },
        "2017-10": {
            "month": "2017-10",
            "price": "21.04",
            "revenue": 300207
        },
        "2017-11": {
            "month": "2017-11",
            "price": "29.46",
            "revenue": 306721
        },
        "2017-12": {
            "month": "2017-12",
            "price": "28.35",
            "revenue": 280021
        },
        "2018-01": {
            "month": "2018-01",
            "price": "32.08",
            "revenue": 353618
        },
        "2018-02": {
            "month": "2018-02",
            "price": "31.95",
            "revenue": 317585
        },
        "2018-03": {
            "month": "2018-03",
            "price": "36.17",
            "revenue": 365508
        },
        "2018-04": {
            "month": "2018-04",
            "price": "32.66",
            "revenue": 303654
        },
        "2018-05": {
            "month": "2018-05",
            "price": "36.81",
            "revenue": 317698
        },
        "2018-06": {
            "month": "2018-06",
            "price": "39.66",
            "revenue": 343701
        },
        "2018-07": {
            "month": "2018-07",
            "price": "37.56",
            "revenue": 315087
        },
        "2018-08": {
            "month": "2018-08",
            "price": "34.42",
            "revenue": 354327
        },
        "2018-09": {
            "month": "2018-09",
            "price": "29.45",
            "revenue": 318186
        },
        "2018-10": {
            "month": "2018-10",
            "price": "25.17",
            "revenue": 311677
        },
        "2018-11": {
            "month": "2018-11",
            "price": "24.15",
            "revenue": 330383
        },
        "2018-12": {
            "month": "2018-12",
            "price": "25.43",
            "revenue": 281131
        },
        "2019-01": {
            "month": "2019-01",
            "price": "26.35",
            "revenue": 357976
        },
        "2019-02": {
            "month": "2019-02",
            "price": "28.33",
            "revenue": 302834
        },
        "2019-03": {
            "month": "2019-03",
            "price": "29.88",
            "revenue": 371220
        },
        "2019-04": {
            "month": "2019-04",
            "price": "31.27",
            "revenue": 306460
        },
        "2019-05": {
            "month": "2019-05",
            "price": "27.61",
            "revenue": 321046
        },
        "2019-06": {
            "month": "2019-06",
            "price": "27.62",
            "revenue": 375390
        },
        "2019-07": {
            "month": "2019-07",
            "price": "28.91",
            "revenue": 321727
        },
        "2019-08": {
            "month": "2019-08",
            "price": "28.46",
            "revenue": 354778
        },
        "2019-09": {
            "month": "2019-09",
            "price": "28.46",
            "revenue": 338114
        },
        "2019-10": {
            "month": "2019-10",
            "price": "27.14",
            "revenue": 344784
        },
        "2019-11": {
            "month": "2019-11",
            "price": "26.29",
            "revenue": 343877
        },
        "2019-12": {
            "month": "2019-12",
            "price": "24.91",
            "revenue": 319949
        },
        "2020-01": {
            "month": "2020-01",
            "price": "24.65",
            "revenue": 376013
        },
        "2020-02": {
            "month": "2020-02",
            "price": "24.50",
            "revenue": 310587
        },
        "2020-03": {
            "month": "2020-03",
            "price": "20.19",
            "revenue": 286374
        },
        "2020-04": {
            "month": "2020-04",
            "price": "19.26",
            "revenue": 300992
        },
        "2020-05": {
            "month": "2020-05",
            "price": "21.04",
            "revenue": 487687
        },
        "2020-06": {
            "month": "2020-06",
            "price": "33.22",
            "revenue": 571414
        },
        "2020-07": {
            "month": "2020-07",
            "price": "51.75",
            "revenue": 595965
        },
        "2020-08": {
            "month": "2020-08",
            "price": "74.49",
            "revenue": 523011
        },
        "2020-09": {
            "month": "2020-09",
            "price": "72.24",
            "revenue": 526735
        },
        "2020-10": {
            "month": "2020-10",
            "price": "70.68",
            "revenue": 459597
        },
        "2020-11": {
            "month": "2020-11",
            "price": "69.04",
            "revenue": 433642
        },
        "2020-12": {
            "month": "2020-12",
            "price": "64.64",
            "revenue": 406395
        },
        "2021-01": {
            "month": "2021-01",
            "price": "62.18",
            "revenue": 581295
        },
        "2021-02": {
            "month": "2021-02",
            "price": "70.33",
            "revenue": 409306
        },
        "2021-03": {
            "month": "2021-03",
            "price": "77.10",
            "revenue": 416885
        },
        "2021-04": {
            "month": "2021-04",
            "price": "77.58",
            "revenue": 417494
        },
        "2021-05": {
            "month": "2021-05",
            "price": "69.03",
            "revenue": 400102
        },
        "2021-06": {
            "month": "2021-06",
            "price": "69.06",
            "revenue": 287116
        },
        "2021-07": {
            "month": "2021-07",
            "price": "62.13",
            "revenue": 301854
        },
        "2021-08": {
            "month": "2021-08",
            "price": "53.20",
            "revenue": 304379
        },
        "2021-09": {
            "month": "2021-09",
            "price": "50.56",
            "revenue": 289920
        },
        "2021-10": {
            "month": "2021-10",
            "price": "39.22",
            "revenue": 300652
        },
        "2021-11": {
            "month": "2021-11",
            "price": "40.39",
            "revenue": 300529
        },
        "2021-12": {
            "month": "2021-12",
            "price": "40.69",
            "revenue": 264952
        },
        "2022-01": {
            "month": "2022-01",
            "price": "40.56",
            "revenue": 300243
        },
        "2022-02": {
            "month": "2022-02",
            "price": "39.74",
            "revenue": 187844
        },
        "2022-03": {
            "month": "2022-03",
            "price": "36.63",
            "revenue": 220119
        },
        "2022-04": {
            "month": "2022-04",
            "price": "33.47",
            "revenue": 202806
        },
        "2022-05": {
            "month": "2022-05",
            "price": "27.55",
            "revenue": 230726
        },
        "2022-06": {
            "month": "2022-06",
            "price": "28.83",
            "revenue": 309846
        },
        "2022-07": {
            "month": "2022-07",
            "price": "24.27",
            "revenue": 252131
        },
        "2022-08": {
            "month": "2022-08",
            "price": "26.66",
            "revenue": 248167
        },
        "2022-09": {
            "month": "2022-09",
            "price": "24.16",
            "revenue": 251168
        },
        "2022-10": {
            "month": "2022-10",
            "price": "21.80",
            "revenue": 272172
        },
        "2022-11": {
            "month": "2022-11",
            "price": "22.72",
            "revenue": 381693
        },
        "2022-12": {
            "month": "2022-12",
            "price": "26.98",
            "revenue": 356454
        },
        "2023-01": {
            "month": "2023-01",
            "price": "27.29",
            "revenue": 360003
        },
        "2023-02": {
            "month": "2023-02",
            "price": "31.23",
            "revenue": 323280
        },
        "2023-03": {
            "month": "2023-03",
            "price": "34.37",
            "revenue": 405900
        },
        "2023-04": {
            "month": "2023-04",
            "price": "40.62",
            "revenue": 378085
        },
        "2023-05": {
            "month": "2023-05",
            "price": "45.16",
            "revenue": 350931
        },
        "2023-06": {
            "month": "2023-06",
            "price": "49.94",
            "revenue": 407965
        },
        "2023-07": {
            "month": "2023-07",
            "price": "53.62",
            "revenue": 353682
        },
        "2023-08": {
            "month": "2023-08",
            "price": "44.40",
            "revenue": 363302
        },
        "2023-09": {
            "month": "2023-09",
            "price": "40.18",
            "revenue": 374584
        },
        "2023-10": {
            "month": "2023-10",
            "price": "39.36",
            "revenue": 361501
        },
        "2023-11": {
            "month": "2023-11",
            "price": "39.86",
            "revenue": 406194
        },
        "2023-12": {
            "month": "2023-12",
            "price": "45.25",
            "revenue": 326823
        }
    }
}
