{
    "summary": {
        "stock_name": "西柏",
        "stock_id": "3541",
        "category": "其他電子",
        "main_business": "影像處理機器設計製造加工買賣<br>液晶電視光電板設計製造買賣<br>衛星電視KU頻道接收器材之製造加工買賣",
        "website_url": "http://www.cypress.com.tw",
        "ceo": "許東山",
        "pe_ratio": 86,
        "report_year_from": 2006,
        "report_year_to": 2023,
        "age": 18,
        "eps_negative_percentage": 0,
        "eps_growth_avg": {
            "last_all": 2.84,
            "last_2y": 0.5,
            "last_4y": -3.7,
            "last_8y": -6.33,
            "last_12y": 1.64,
            "last_16y": null,
            "last_20y": null,
            "at_2006_last_3y": null,
            "at_2007_last_3y": null,
            "at_2008_last_3y": null,
            "at_2009_last_3y": null,
            "at_2010_last_3y": null,
            "at_2011_last_3y": null,
            "at_2012_last_3y": -0.76,
            "at_2013_last_3y": 8.6,
            "at_2014_last_3y": 19.56,
            "at_2015_last_3y": 10.75,
            "at_2016_last_3y": 22.7,
            "at_2017_last_3y": 21.53,
            "at_2018_last_3y": -9.62,
            "at_2019_last_3y": 10.78,
            "at_2020_last_3y": -11.67,
            "at_2021_last_3y": -0.75,
            "at_2022_last_3y": 19.72,
            "at_2023_last_3y": -14.66,
            "at_2024_last_3y": -14.66,
            "at_2006_last_all": null,
            "at_2007_last_all": null,
            "at_2008_last_all": null,
            "at_2009_last_all": null,
            "at_2010_last_all": 10.66,
            "at_2011_last_all": 5.03,
            "at_2012_last_all": -0.76,
            "at_2013_last_all": -0.09,
            "at_2014_last_all": 16.59,
            "at_2015_last_all": 8.3,
            "at_2016_last_all": 10.97,
            "at_2017_last_all": 9.52,
            "at_2018_last_all": 6.11,
            "at_2019_last_all": 9.2,
            "at_2020_last_all": 3.42,
            "at_2021_last_all": 6.36,
            "at_2022_last_all": 10,
            "at_2023_last_all": 2.84,
            "at_2024_last_all": 2.84
        },
        "latest_eps": 0.44,
        "latest_price": 37.7,
        "latest_roe": 2.08,
        "latest_gross_margin": 34.09,
        "latest_equity": 1069124,
        "latest_revenue": 377495,
        "latest_gross_profit": 128691,
        "latest_net_income": 42066,
        "latest_debt_ratio": 52.75,
        "latest_current_ratio": 165.14,
        "latest_account_receivable_turnover_ratio": 1.86,
        "latest_inventory_turnover_ratio": 0.44,
        "latest_reinvestment_rate": 8.96,
        "latest_research_to_sale_ratio": 12.59
    },
    "eps_dividends": {
        "2001": {
            "cash": 0,
            "stock": 0,
            "eps": 0
        },
        "2002": {
            "cash": 0,
            "stock": 0,
            "eps": 0
        },
        "2003": {
            "cash": 0,
            "stock": 0,
            "eps": 0
        },
        "2004": {
            "cash": 0,
            "stock": 0,
            "eps": 0
        },
        "2005": {
            "cash": 0,
            "stock": 0,
            "eps": 0
        },
        "2006": {
            "cash": 0,
            "stock": 0,
            "eps": 0
        },
        "2007": {
            "cash": 0.2,
            "stock": 4,
            "eps": 0
        },
        "2008": {
            "cash": 1.7,
            "stock": 2.5,
            "eps": 3.47
        },
        "2009": {
            "cash": 1.8,
            "stock": 1,
            "eps": 2.26
        },
        "2010": {
            "cash": 1.75,
            "stock": 0,
            "eps": 3.53
        },
        "2011": {
            "cash": 2.15,
            "stock": 1,
            "eps": 3.31
        },
        "2012": {
            "cash": 2,
            "stock": 0.5,
            "eps": 2.71
        },
        "2013": {
            "cash": 2.5,
            "stock": 0,
            "eps": 2.78
        },
        "2014": {
            "cash": 2.5,
            "stock": 0,
            "eps": 7.6
        },
        "2015": {
            "cash": 4.5,
            "stock": 1.5,
            "eps": 4.45
        },
        "2016": {
            "cash": 4,
            "stock": 0,
            "eps": 5.77
        },
        "2017": {
            "cash": 4,
            "stock": 1,
            "eps": 5.65
        },
        "2018": {
            "cash": 5,
            "stock": 0,
            "eps": 4.26
        },
        "2019": {
            "cash": 4,
            "stock": 0,
            "eps": 5.97
        },
        "2020": {
            "cash": 5,
            "stock": 0.5,
            "eps": 2.38
        },
        "2021": {
            "cash": 2,
            "stock": 0,
            "eps": 3.37
        },
        "2022": {
            "cash": 3,
            "stock": 0,
            "eps": 5.3
        },
        "2023": {
            "cash": 5,
            "stock": 0,
            "eps": 0.14
        }
    },
    "dividends": {
        "2007-06-28": {
            "cash": 0.2,
            "stock": 4
        },
        "2008-04-23": {
            "cash": 1.7,
            "stock": 2.5
        },
        "2009-03-25": {
            "cash": 1.8,
            "stock": 1
        },
        "2010-03-24": {
            "cash": 1.75,
            "stock": 0
        },
        "2011-03-22": {
            "cash": 2.15,
            "stock": 1
        },
        "2012-06-05": {
            "cash": 2,
            "stock": 0.5
        },
        "2013-06-07": {
            "cash": 2.5,
            "stock": 0
        },
        "2014-06-18": {
            "cash": 2.5,
            "stock": 0
        },
        "2015-08-03": {
            "cash": 4.5,
            "stock": 1.5
        },
        "2016-07-29": {
            "cash": 4,
            "stock": 0
        },
        "2017-08-29": {
            "cash": 4,
            "stock": 1
        },
        "2018-08-03": {
            "cash": 5,
            "stock": 0
        },
        "2019-08-05": {
            "cash": 4,
            "stock": 0
        },
        "2020-08-31": {
            "cash": 5,
            "stock": 0.5
        },
        "2021-08-31": {
            "cash": 2,
            "stock": 0
        },
        "2022-07-26": {
            "cash": 3,
            "stock": 0
        },
        "2023-07-05": {
            "cash": 5,
            "stock": 0
        }
    },
    "prices": {
        "200101": "無",
        "200102": "無",
        "200103": "無",
        "200104": "無",
        "200105": "無",
        "200106": "無",
        "200107": "無",
        "200108": "無",
        "200109": "無",
        "200110": "無",
        "200111": "無",
        "200112": "無",
        "200201": "無",
        "200202": "無",
        "200203": "無",
        "200204": "無",
        "200205": "無",
        "200206": "無",
        "200207": "無",
        "200208": "無",
        "200209": "無",
        "200210": "無",
        "200211": "無",
        "200212": "無",
        "200301": "無",
        "200302": "無",
        "200303": "無",
        "200304": "無",
        "200305": "無",
        "200306": "無",
        "200307": "無",
        "200308": "無",
        "200309": "無",
        "200310": "無",
        "200311": "無",
        "200312": "無",
        "200401": "無",
        "200402": "無",
        "200403": "無",
        "200404": "無",
        "200405": "無",
        "200406": "無",
        "200407": "無",
        "200408": "無",
        "200409": "無",
        "200410": "無",
        "200411": "無",
        "200412": "無",
        "200501": "無",
        "200502": "無",
        "200503": "無",
        "200504": "無",
        "200505": "無",
        "200506": "無",
        "200507": "無",
        "200508": "無",
        "200509": "無",
        "200510": "無",
        "200511": "無",
        "200512": "無",
        "200601": "無",
        "200602": "無",
        "200603": "無",
        "200604": "無",
        "200605": "無",
        "200606": "無",
        "200607": "無",
        "200608": "無",
        "200609": "無",
        "200610": "無",
        "200611": "無",
        "200612": "無",
        "200701": "無",
        "200702": "無",
        "200703": "無",
        "200704": "無",
        "200705": "68.91",
        "200706": "73.97",
        "200707": "70.61",
        "200708": "71.63",
        "200709": "64.16",
        "200710": "57.11",
        "200711": "57.89",
        "200712": "56.24",
        "200801": "54.53",
        "200802": "54.68",
        "200803": "52.61",
        "200804": "52.46",
        "200805": "52.41",
        "200806": "50.78",
        "200807": "47.92",
        "200808": "45.93",
        "200809": "33.30",
        "200810": "21.42",
        "200811": "18.38",
        "200812": "18.67",
        "200901": "20.16",
        "200902": "20.31",
        "200903": "21.31",
        "200904": "29.72",
        "200905": "38.87",
        "200906": "39.22",
        "200907": "40.87",
        "200908": "40.80",
        "200909": "38.07",
        "200910": "37.77",
        "200911": "36.57",
        "200912": "40.71",
        "201001": "38.76",
        "201002": "35.38",
        "201003": "37.67",
        "201004": "39.99",
        "201005": "36.37",
        "201006": "35.12",
        "201007": "33.00",
        "201008": "36.01",
        "201009": "38.23",
        "201010": "36.73",
        "201011": "36.46",
        "201012": "39.88",
        "201101": "39.89",
        "201102": "38.85",
        "201103": "38.16",
        "201104": "38.16",
        "201105": "34.82",
        "201106": "33.38",
        "201107": "29.58",
        "201108": "24.53",
        "201109": "23.93",
        "201110": "26.29",
        "201111": "26.96",
        "201112": "28.26",
        "201201": "29.42",
        "201202": "32.92",
        "201203": "35.40",
        "201204": "32.96",
        "201205": "32.12",
        "201206": "30.22",
        "201207": "29.93",
        "201208": "30.63",
        "201209": "31.04",
        "201210": "29.85",
        "201211": "27.74",
        "201212": "28.14",
        "201301": "29.98",
        "201302": "30.43",
        "201303": "30.72",
        "201304": "31.89",
        "201305": "31.95",
        "201306": "32.93",
        "201307": "31.12",
        "201308": "30.79",
        "201309": "32.48",
        "201310": "33.00",
        "201311": "35.66",
        "201312": "47.60",
        "201401": "49.00",
        "201402": "65.44",
        "201403": "80.13",
        "201404": "93.98",
        "201405": "104.36",
        "201406": "127.05",
        "201407": "163.59",
        "201408": "147.14",
        "201409": "153.36",
        "201410": "124.89",
        "201411": "128.38",
        "201412": "137.17",
        "201501": "129.60",
        "201502": "117.81",
        "201503": "131.32",
        "201504": "131.15",
        "201505": "113.55",
        "201506": "93.50",
        "201507": "83.64",
        "201508": "56.61",
        "201509": "59.54",
        "201510": "84.66",
        "201511": "74.13",
        "201512": "65.75",
        "201601": "71.46",
        "201602": "85.29",
        "201603": "89.80",
        "201604": "85.50",
        "201605": "84.60",
        "201606": "92.43",
        "201607": "136.20",
        "201608": "153.07",
        "201609": "162.16",
        "201610": "135.30",
        "201611": "121.84",
        "201612": "130.20",
        "201701": "132.41",
        "201702": "135.31",
        "201703": "159.46",
        "201704": "149.53",
        "201705": "154.00",
        "201706": "157.57",
        "201707": "162.83",
        "201708": "144.35",
        "201709": "131.55",
        "201710": "125.34",
        "201711": "119.34",
        "201712": "107.39",
        "201801": "94.34",
        "201802": "85.58",
        "201803": "83.85",
        "201804": "74.99",
        "201805": "69.04",
        "201806": "69.80",
        "201807": "59.18",
        "201808": "63.53",
        "201809": "58.83",
        "201810": "59.06",
        "201811": "65.00",
        "201812": "70.34",
        "201901": "72.38",
        "201902": "81.84",
        "201903": "88.88",
        "201904": "88.25",
        "201905": "85.98",
        "201906": "88.57",
        "201907": "86.35",
        "201908": "79.37",
        "201909": "81.08",
        "201910": "80.45",
        "201911": "85.85",
        "201912": "85.22",
        "202001": "82.73",
        "202002": "79.47",
        "202003": "68.40",
        "202004": "73.19",
        "202005": "75.68",
        "202006": "78.52",
        "202007": "77.75",
        "202008": "65.62",
        "202009": "61.75",
        "202010": "59.46",
        "202011": "59.99",
        "202012": "57.55",
        "202101": "53.64",
        "202102": "51.58",
        "202103": "55.39",
        "202104": "52.35",
        "202105": "45.64",
        "202106": "49.77",
        "202107": "50.80",
        "202108": "52.74",
        "202109": "58.28",
        "202110": "60.38",
        "202111": "61.61",
        "202112": "61.75",
        "202201": "61.20",
        "202202": "64.00",
        "202203": "60.23",
        "202204": "69.42",
        "202205": "68.29",
        "202206": "63.94",
        "202207": "59.80",
        "202208": "59.62",
        "202209": "56.87",
        "202210": "51.77",
        "202211": "55.49",
        "202212": "53.79",
        "202301": "54.01",
        "202302": "56.32",
        "202303": "58.28",
        "202304": "60.32",
        "202305": "59.12",
        "202306": "55.80",
        "202307": "50.80",
        "202308": "41.60",
        "202309": "41.72",
        "202310": "39.45",
        "202311": "37.38",
        "202312": "39.73"
    },
    "quarters": {
        "20011": {
            "year_quarter": 20011,
            "year": 2001,
            "quarter": 1,
            "eps": null,
            "eps_growth_year": null,
            "eps_4q": null,
            "eps_4q_growth_year": null,
            "roe": null,
            "roe_4q": 0,
            "gross_profit": null,
            "gross_margin": null,
            "gross_margin_4q_avg": 0,
            "net_income": null,
            "net_income_4q": null,
            "revenue": null,
            "revenue_4q": null,
            "common_shares": null,
            "book_valuer_per_share": null,
            "book_valuer_per_share_4q_avg": 0,
            "equity": null,
            "current_ratio": null,
            "debt_ratio": null,
            "inventory_turnover_ratio": null,
            "account_receivable_turnover_ratio": null,
            "reinvestment_rate": null,
            "research_to_sale_ratio": null,
            "price_fair": 0,
            "eps_avg_yearly": 0,
            "eps_latest_yearly": 0,
            "eps_growth_yearly": 0
        },
        "20012": {
            "year_quarter": 20012,
            "year": 2001,
            "quarter": 2,
            "eps": null,
            "eps_growth_year": null,
            "eps_4q": null,
            "eps_4q_growth_year": null,
            "roe": null,
            "roe_4q": 0,
            "gross_profit": null,
            "gross_margin": null,
            "gross_margin_4q_avg": 0,
            "net_income": null,
            "net_income_4q": null,
            "revenue": null,
            "revenue_4q": null,
            "common_shares": null,
            "book_valuer_per_share": null,
            "book_valuer_per_share_4q_avg": 0,
            "equity": null,
            "current_ratio": null,
            "debt_ratio": null,
            "inventory_turnover_ratio": null,
            "account_receivable_turnover_ratio": null,
            "reinvestment_rate": null,
            "research_to_sale_ratio": null,
            "price_fair": 0,
            "eps_avg_yearly": 0,
            "eps_latest_yearly": 0,
            "eps_growth_yearly": 0
        },
        "20013": {
            "year_quarter": 20013,
            "year": 2001,
            "quarter": 3,
            "eps": null,
            "eps_growth_year": null,
            "eps_4q": null,
            "eps_4q_growth_year": null,
            "roe": null,
            "roe_4q": 0,
            "gross_profit": null,
            "gross_margin": null,
            "gross_margin_4q_avg": 0,
            "net_income": null,
            "net_income_4q": null,
            "revenue": null,
            "revenue_4q": null,
            "common_shares": null,
            "book_valuer_per_share": null,
            "book_valuer_per_share_4q_avg": 0,
            "equity": null,
            "current_ratio": null,
            "debt_ratio": null,
            "inventory_turnover_ratio": null,
            "account_receivable_turnover_ratio": null,
            "reinvestment_rate": null,
            "research_to_sale_ratio": null,
            "price_fair": 0,
            "eps_avg_yearly": 0,
            "eps_latest_yearly": 0,
            "eps_growth_yearly": 0
        },
        "20014": {
            "year_quarter": 20014,
            "year": 2001,
            "quarter": 4,
            "eps": null,
            "eps_growth_year": null,
            "eps_4q": null,
            "eps_4q_growth_year": null,
            "roe": null,
            "roe_4q": 0,
            "gross_profit": null,
            "gross_margin": null,
            "gross_margin_4q_avg": 0,
            "net_income": null,
            "net_income_4q": null,
            "revenue": null,
            "revenue_4q": null,
            "common_shares": 50000,
            "book_valuer_per_share": 10.94,
            "book_valuer_per_share_4q_avg": 2.74,
            "equity": 54712,
            "current_ratio": 510.94,
            "debt_ratio": 29.07,
            "inventory_turnover_ratio": null,
            "account_receivable_turnover_ratio": null,
            "reinvestment_rate": null,
            "research_to_sale_ratio": null,
            "price_fair": 0,
            "eps_avg_yearly": 0,
            "eps_latest_yearly": 0,
            "eps_growth_yearly": 0
        },
        "20021": {
            "year_quarter": 20021,
            "year": 2002,
            "quarter": 1,
            "eps": null,
            "eps_growth_year": null,
            "eps_4q": null,
            "eps_4q_growth_year": null,
            "roe": null,
            "roe_4q": 0,
            "gross_profit": null,
            "gross_margin": null,
            "gross_margin_4q_avg": 0,
            "net_income": null,
            "net_income_4q": null,
            "revenue": null,
            "revenue_4q": null,
            "common_shares": null,
            "book_valuer_per_share": null,
            "book_valuer_per_share_4q_avg": 2.74,
            "equity": null,
            "current_ratio": null,
            "debt_ratio": null,
            "inventory_turnover_ratio": null,
            "account_receivable_turnover_ratio": null,
            "reinvestment_rate": null,
            "research_to_sale_ratio": null,
            "price_fair": 0,
            "eps_avg_yearly": 0,
            "eps_latest_yearly": 0,
            "eps_growth_yearly": 0
        },
        "20022": {
            "year_quarter": 20022,
            "year": 2002,
            "quarter": 2,
            "eps": null,
            "eps_growth_year": null,
            "eps_4q": null,
            "eps_4q_growth_year": null,
            "roe": null,
            "roe_4q": 0,
            "gross_profit": null,
            "gross_margin": null,
            "gross_margin_4q_avg": 0,
            "net_income": null,
            "net_income_4q": null,
            "revenue": null,
            "revenue_4q": null,
            "common_shares": null,
            "book_valuer_per_share": null,
            "book_valuer_per_share_4q_avg": 2.74,
            "equity": null,
            "current_ratio": null,
            "debt_ratio": null,
            "inventory_turnover_ratio": null,
            "account_receivable_turnover_ratio": null,
            "reinvestment_rate": null,
            "research_to_sale_ratio": null,
            "price_fair": 0,
            "eps_avg_yearly": 0,
            "eps_latest_yearly": 0,
            "eps_growth_yearly": 0
        },
        "20023": {
            "year_quarter": 20023,
            "year": 2002,
            "quarter": 3,
            "eps": null,
            "eps_growth_year": null,
            "eps_4q": null,
            "eps_4q_growth_year": null,
            "roe": null,
            "roe_4q": 0,
            "gross_profit": null,
            "gross_margin": null,
            "gross_margin_4q_avg": 0,
            "net_income": null,
            "net_income_4q": null,
            "revenue": null,
            "revenue_4q": null,
            "common_shares": null,
            "book_valuer_per_share": null,
            "book_valuer_per_share_4q_avg": 2.74,
            "equity": null,
            "current_ratio": null,
            "debt_ratio": null,
            "inventory_turnover_ratio": null,
            "account_receivable_turnover_ratio": null,
            "reinvestment_rate": null,
            "research_to_sale_ratio": null,
            "price_fair": 0,
            "eps_avg_yearly": 0,
            "eps_latest_yearly": 0,
            "eps_growth_yearly": 0
        },
        "20024": {
            "year_quarter": 20024,
            "year": 2002,
            "quarter": 4,
            "eps": null,
            "eps_growth_year": null,
            "eps_4q": null,
            "eps_4q_growth_year": null,
            "roe": null,
            "roe_4q": 0,
            "gross_profit": null,
            "gross_margin": null,
            "gross_margin_4q_avg": 0,
            "net_income": null,
            "net_income_4q": null,
            "revenue": null,
            "revenue_4q": null,
            "common_shares": 50000,
            "book_valuer_per_share": 10.58,
            "book_valuer_per_share_4q_avg": 2.65,
            "equity": 52917,
            "current_ratio": 308.61,
            "debt_ratio": 34.94,
            "inventory_turnover_ratio": null,
            "account_receivable_turnover_ratio": null,
            "reinvestment_rate": null,
            "research_to_sale_ratio": null,
            "price_fair": 0,
            "eps_avg_yearly": 0,
            "eps_latest_yearly": 0,
            "eps_growth_yearly": 0
        },
        "20031": {
            "year_quarter": 20031,
            "year": 2003,
            "quarter": 1,
            "eps": null,
            "eps_growth_year": null,
            "eps_4q": null,
            "eps_4q_growth_year": null,
            "roe": null,
            "roe_4q": 0,
            "gross_profit": null,
            "gross_margin": null,
            "gross_margin_4q_avg": 0,
            "net_income": null,
            "net_income_4q": null,
            "revenue": null,
            "revenue_4q": null,
            "common_shares": null,
            "book_valuer_per_share": null,
            "book_valuer_per_share_4q_avg": 2.65,
            "equity": null,
            "current_ratio": null,
            "debt_ratio": null,
            "inventory_turnover_ratio": null,
            "account_receivable_turnover_ratio": null,
            "reinvestment_rate": null,
            "research_to_sale_ratio": null,
            "price_fair": 0,
            "eps_avg_yearly": 0,
            "eps_latest_yearly": 0,
            "eps_growth_yearly": 0
        },
        "20032": {
            "year_quarter": 20032,
            "year": 2003,
            "quarter": 2,
            "eps": null,
            "eps_growth_year": null,
            "eps_4q": null,
            "eps_4q_growth_year": null,
            "roe": null,
            "roe_4q": 0,
            "gross_profit": null,
            "gross_margin": null,
            "gross_margin_4q_avg": 0,
            "net_income": null,
            "net_income_4q": null,
            "revenue": null,
            "revenue_4q": null,
            "common_shares": null,
            "book_valuer_per_share": null,
            "book_valuer_per_share_4q_avg": 2.65,
            "equity": null,
            "current_ratio": null,
            "debt_ratio": null,
            "inventory_turnover_ratio": null,
            "account_receivable_turnover_ratio": null,
            "reinvestment_rate": null,
            "research_to_sale_ratio": null,
            "price_fair": 0,
            "eps_avg_yearly": 0,
            "eps_latest_yearly": 0,
            "eps_growth_yearly": 0
        },
        "20033": {
            "year_quarter": 20033,
            "year": 2003,
            "quarter": 3,
            "eps": null,
            "eps_growth_year": null,
            "eps_4q": null,
            "eps_4q_growth_year": null,
            "roe": null,
            "roe_4q": 0,
            "gross_profit": null,
            "gross_margin": null,
            "gross_margin_4q_avg": 0,
            "net_income": null,
            "net_income_4q": null,
            "revenue": null,
            "revenue_4q": null,
            "common_shares": null,
            "book_valuer_per_share": null,
            "book_valuer_per_share_4q_avg": 2.65,
            "equity": null,
            "current_ratio": null,
            "debt_ratio": null,
            "inventory_turnover_ratio": null,
            "account_receivable_turnover_ratio": null,
            "reinvestment_rate": null,
            "research_to_sale_ratio": null,
            "price_fair": 0,
            "eps_avg_yearly": 0,
            "eps_latest_yearly": 0,
            "eps_growth_yearly": 0
        },
        "20034": {
            "year_quarter": 20034,
            "year": 2003,
            "quarter": 4,
            "eps": null,
            "eps_growth_year": null,
            "eps_4q": null,
            "eps_4q_growth_year": null,
            "roe": null,
            "roe_4q": 0,
            "gross_profit": null,
            "gross_margin": null,
            "gross_margin_4q_avg": 0,
            "net_income": null,
            "net_income_4q": null,
            "revenue": null,
            "revenue_4q": null,
            "common_shares": 50000,
            "book_valuer_per_share": 10.76,
            "book_valuer_per_share_4q_avg": 2.69,
            "equity": 53822,
            "current_ratio": 207.56,
            "debt_ratio": 42.36,
            "inventory_turnover_ratio": null,
            "account_receivable_turnover_ratio": null,
            "reinvestment_rate": null,
            "research_to_sale_ratio": null,
            "price_fair": 0,
            "eps_avg_yearly": 0,
            "eps_latest_yearly": 0,
            "eps_growth_yearly": 0
        },
        "20041": {
            "year_quarter": 20041,
            "year": 2004,
            "quarter": 1,
            "eps": null,
            "eps_growth_year": null,
            "eps_4q": null,
            "eps_4q_growth_year": null,
            "roe": null,
            "roe_4q": 0,
            "gross_profit": null,
            "gross_margin": null,
            "gross_margin_4q_avg": 0,
            "net_income": null,
            "net_income_4q": null,
            "revenue": null,
            "revenue_4q": null,
            "common_shares": null,
            "book_valuer_per_share": null,
            "book_valuer_per_share_4q_avg": 2.69,
            "equity": null,
            "current_ratio": null,
            "debt_ratio": null,
            "inventory_turnover_ratio": null,
            "account_receivable_turnover_ratio": null,
            "reinvestment_rate": null,
            "research_to_sale_ratio": null,
            "price_fair": 0,
            "eps_avg_yearly": 0,
            "eps_latest_yearly": 0,
            "eps_growth_yearly": 0
        },
        "20042": {
            "year_quarter": 20042,
            "year": 2004,
            "quarter": 2,
            "eps": null,
            "eps_growth_year": null,
            "eps_4q": null,
            "eps_4q_growth_year": null,
            "roe": null,
            "roe_4q": 0,
            "gross_profit": null,
            "gross_margin": null,
            "gross_margin_4q_avg": 0,
            "net_income": null,
            "net_income_4q": null,
            "revenue": null,
            "revenue_4q": null,
            "common_shares": null,
            "book_valuer_per_share": null,
            "book_valuer_per_share_4q_avg": 2.69,
            "equity": null,
            "current_ratio": null,
            "debt_ratio": null,
            "inventory_turnover_ratio": null,
            "account_receivable_turnover_ratio": null,
            "reinvestment_rate": null,
            "research_to_sale_ratio": null,
            "price_fair": 0,
            "eps_avg_yearly": 0,
            "eps_latest_yearly": 0,
            "eps_growth_yearly": 0
        },
        "20043": {
            "year_quarter": 20043,
            "year": 2004,
            "quarter": 3,
            "eps": null,
            "eps_growth_year": null,
            "eps_4q": null,
            "eps_4q_growth_year": null,
            "roe": null,
            "roe_4q": 0,
            "gross_profit": null,
            "gross_margin": null,
            "gross_margin_4q_avg": 0,
            "net_income": null,
            "net_income_4q": null,
            "revenue": null,
            "revenue_4q": null,
            "common_shares": null,
            "book_valuer_per_share": null,
            "book_valuer_per_share_4q_avg": 2.69,
            "equity": null,
            "current_ratio": null,
            "debt_ratio": null,
            "inventory_turnover_ratio": null,
            "account_receivable_turnover_ratio": null,
            "reinvestment_rate": null,
            "research_to_sale_ratio": null,
            "price_fair": 0,
            "eps_avg_yearly": 0,
            "eps_latest_yearly": 0,
            "eps_growth_yearly": 0
        },
        "20044": {
            "year_quarter": 20044,
            "year": 2004,
            "quarter": 4,
            "eps": null,
            "eps_growth_year": null,
            "eps_4q": null,
            "eps_4q_growth_year": null,
            "roe": null,
            "roe_4q": 0,
            "gross_profit": null,
            "gross_margin": null,
            "gross_margin_4q_avg": 0,
            "net_income": null,
            "net_income_4q": null,
            "revenue": null,
            "revenue_4q": null,
            "common_shares": 50000,
            "book_valuer_per_share": 14.97,
            "book_valuer_per_share_4q_avg": 3.74,
            "equity": 74867,
            "current_ratio": 141.7,
            "debt_ratio": 63.75,
            "inventory_turnover_ratio": null,
            "account_receivable_turnover_ratio": null,
            "reinvestment_rate": null,
            "research_to_sale_ratio": null,
            "price_fair": 0,
            "eps_avg_yearly": 0,
            "eps_latest_yearly": 0,
            "eps_growth_yearly": 0
        },
        "20051": {
            "year_quarter": 20051,
            "year": 2005,
            "quarter": 1,
            "eps": null,
            "eps_growth_year": null,
            "eps_4q": null,
            "eps_4q_growth_year": null,
            "roe": null,
            "roe_4q": 0,
            "gross_profit": null,
            "gross_margin": null,
            "gross_margin_4q_avg": 0,
            "net_income": null,
            "net_income_4q": null,
            "revenue": null,
            "revenue_4q": null,
            "common_shares": null,
            "book_valuer_per_share": null,
            "book_valuer_per_share_4q_avg": 3.74,
            "equity": null,
            "current_ratio": null,
            "debt_ratio": null,
            "inventory_turnover_ratio": null,
            "account_receivable_turnover_ratio": null,
            "reinvestment_rate": null,
            "research_to_sale_ratio": null,
            "price_fair": 0,
            "eps_avg_yearly": 0,
            "eps_latest_yearly": 0,
            "eps_growth_yearly": 0
        },
        "20052": {
            "year_quarter": 20052,
            "year": 2005,
            "quarter": 2,
            "eps": null,
            "eps_growth_year": null,
            "eps_4q": null,
            "eps_4q_growth_year": null,
            "roe": null,
            "roe_4q": 0,
            "gross_profit": null,
            "gross_margin": null,
            "gross_margin_4q_avg": 0,
            "net_income": null,
            "net_income_4q": null,
            "revenue": null,
            "revenue_4q": null,
            "common_shares": null,
            "book_valuer_per_share": null,
            "book_valuer_per_share_4q_avg": 3.74,
            "equity": null,
            "current_ratio": null,
            "debt_ratio": null,
            "inventory_turnover_ratio": null,
            "account_receivable_turnover_ratio": null,
            "reinvestment_rate": null,
            "research_to_sale_ratio": null,
            "price_fair": 0,
            "eps_avg_yearly": 0,
            "eps_latest_yearly": 0,
            "eps_growth_yearly": 0
        },
        "20053": {
            "year_quarter": 20053,
            "year": 2005,
            "quarter": 3,
            "eps": null,
            "eps_growth_year": null,
            "eps_4q": null,
            "eps_4q_growth_year": null,
            "roe": null,
            "roe_4q": 0,
            "gross_profit": null,
            "gross_margin": null,
            "gross_margin_4q_avg": 0,
            "net_income": null,
            "net_income_4q": null,
            "revenue": null,
            "revenue_4q": null,
            "common_shares": null,
            "book_valuer_per_share": null,
            "book_valuer_per_share_4q_avg": 3.74,
            "equity": null,
            "current_ratio": null,
            "debt_ratio": null,
            "inventory_turnover_ratio": null,
            "account_receivable_turnover_ratio": null,
            "reinvestment_rate": null,
            "research_to_sale_ratio": null,
            "price_fair": 0,
            "eps_avg_yearly": 0,
            "eps_latest_yearly": 0,
            "eps_growth_yearly": 0
        },
        "20054": {
            "year_quarter": 20054,
            "year": 2005,
            "quarter": 4,
            "eps": null,
            "eps_growth_year": null,
            "eps_4q": null,
            "eps_4q_growth_year": null,
            "roe": null,
            "roe_4q": 0,
            "gross_profit": null,
            "gross_margin": null,
            "gross_margin_4q_avg": 0,
            "net_income": null,
            "net_income_4q": null,
            "revenue": null,
            "revenue_4q": null,
            "common_shares": 86000,
            "book_valuer_per_share": 19.14,
            "book_valuer_per_share_4q_avg": 4.79,
            "equity": 164626,
            "current_ratio": 175.69,
            "debt_ratio": 47.66,
            "inventory_turnover_ratio": null,
            "account_receivable_turnover_ratio": null,
            "reinvestment_rate": null,
            "research_to_sale_ratio": null,
            "price_fair": 0,
            "eps_avg_yearly": 0,
            "eps_latest_yearly": 0,
            "eps_growth_yearly": 0
        },
        "20061": {
            "year_quarter": 20061,
            "year": 2006,
            "quarter": 1,
            "eps": null,
            "eps_growth_year": null,
            "eps_4q": null,
            "eps_4q_growth_year": null,
            "roe": null,
            "roe_4q": 0,
            "gross_profit": null,
            "gross_margin": null,
            "gross_margin_4q_avg": 0,
            "net_income": null,
            "net_income_4q": null,
            "revenue": null,
            "revenue_4q": null,
            "common_shares": null,
            "book_valuer_per_share": null,
            "book_valuer_per_share_4q_avg": 4.79,
            "equity": null,
            "current_ratio": null,
            "debt_ratio": null,
            "inventory_turnover_ratio": null,
            "account_receivable_turnover_ratio": null,
            "reinvestment_rate": null,
            "research_to_sale_ratio": null,
            "price_fair": 0,
            "eps_avg_yearly": 0,
            "eps_latest_yearly": 0,
            "eps_growth_yearly": 0
        },
        "20062": {
            "year_quarter": 20062,
            "year": 2006,
            "quarter": 2,
            "eps": null,
            "eps_growth_year": null,
            "eps_4q": null,
            "eps_4q_growth_year": null,
            "roe": null,
            "roe_4q": 0,
            "gross_profit": null,
            "gross_margin": null,
            "gross_margin_4q_avg": 0,
            "net_income": null,
            "net_income_4q": null,
            "revenue": null,
            "revenue_4q": null,
            "common_shares": null,
            "book_valuer_per_share": null,
            "book_valuer_per_share_4q_avg": 4.79,
            "equity": null,
            "current_ratio": null,
            "debt_ratio": null,
            "inventory_turnover_ratio": null,
            "account_receivable_turnover_ratio": null,
            "reinvestment_rate": null,
            "research_to_sale_ratio": null,
            "price_fair": 0,
            "eps_avg_yearly": 0,
            "eps_latest_yearly": 0,
            "eps_growth_yearly": 0
        },
        "20063": {
            "year_quarter": 20063,
            "year": 2006,
            "quarter": 3,
            "eps": null,
            "eps_growth_year": null,
            "eps_4q": null,
            "eps_4q_growth_year": null,
            "roe": null,
            "roe_4q": 0,
            "gross_profit": null,
            "gross_margin": null,
            "gross_margin_4q_avg": 0,
            "net_income": null,
            "net_income_4q": null,
            "revenue": null,
            "revenue_4q": null,
            "common_shares": null,
            "book_valuer_per_share": null,
            "book_valuer_per_share_4q_avg": 4.79,
            "equity": null,
            "current_ratio": null,
            "debt_ratio": null,
            "inventory_turnover_ratio": null,
            "account_receivable_turnover_ratio": null,
            "reinvestment_rate": null,
            "research_to_sale_ratio": null,
            "price_fair": 0,
            "eps_avg_yearly": 0,
            "eps_latest_yearly": 0,
            "eps_growth_yearly": 0
        },
        "20064": {
            "year_quarter": 20064,
            "year": 2006,
            "quarter": 4,
            "eps": null,
            "eps_growth_year": null,
            "eps_4q": null,
            "eps_4q_growth_year": null,
            "roe": null,
            "roe_4q": 0,
            "gross_profit": null,
            "gross_margin": null,
            "gross_margin_4q_avg": 0,
            "net_income": null,
            "net_income_4q": null,
            "revenue": null,
            "revenue_4q": null,
            "common_shares": 146200,
            "book_valuer_per_share": 15.77,
            "book_valuer_per_share_4q_avg": 3.94,
            "equity": 230571,
            "current_ratio": 224.17,
            "debt_ratio": 52.52,
            "inventory_turnover_ratio": null,
            "account_receivable_turnover_ratio": null,
            "reinvestment_rate": null,
            "research_to_sale_ratio": null,
            "price_fair": 0,
            "eps_avg_yearly": 0,
            "eps_latest_yearly": 0,
            "eps_growth_yearly": 0
        },
        "20071": {
            "year_quarter": 20071,
            "year": 2007,
            "quarter": 1,
            "eps": null,
            "eps_growth_year": null,
            "eps_4q": null,
            "eps_4q_growth_year": null,
            "roe": null,
            "roe_4q": 0,
            "gross_profit": null,
            "gross_margin": null,
            "gross_margin_4q_avg": 0,
            "net_income": null,
            "net_income_4q": null,
            "revenue": null,
            "revenue_4q": null,
            "common_shares": null,
            "book_valuer_per_share": null,
            "book_valuer_per_share_4q_avg": 3.94,
            "equity": null,
            "current_ratio": null,
            "debt_ratio": null,
            "inventory_turnover_ratio": null,
            "account_receivable_turnover_ratio": null,
            "reinvestment_rate": null,
            "research_to_sale_ratio": null,
            "price_fair": 0,
            "eps_avg_yearly": 0,
            "eps_latest_yearly": 0,
            "eps_growth_yearly": 0
        },
        "20072": {
            "year_quarter": 20072,
            "year": 2007,
            "quarter": 2,
            "eps": null,
            "eps_growth_year": null,
            "eps_4q": null,
            "eps_4q_growth_year": null,
            "roe": null,
            "roe_4q": 0,
            "gross_profit": null,
            "gross_margin": null,
            "gross_margin_4q_avg": 0,
            "net_income": null,
            "net_income_4q": null,
            "revenue": null,
            "revenue_4q": null,
            "common_shares": null,
            "book_valuer_per_share": null,
            "book_valuer_per_share_4q_avg": 3.94,
            "equity": null,
            "current_ratio": null,
            "debt_ratio": null,
            "inventory_turnover_ratio": null,
            "account_receivable_turnover_ratio": null,
            "reinvestment_rate": null,
            "research_to_sale_ratio": null,
            "price_fair": 0,
            "eps_avg_yearly": 0,
            "eps_latest_yearly": 0,
            "eps_growth_yearly": 0
        },
        "20073": {
            "year_quarter": 20073,
            "year": 2007,
            "quarter": 3,
            "eps": null,
            "eps_growth_year": null,
            "eps_4q": null,
            "eps_4q_growth_year": null,
            "roe": null,
            "roe_4q": 0,
            "gross_profit": null,
            "gross_margin": null,
            "gross_margin_4q_avg": 0,
            "net_income": null,
            "net_income_4q": null,
            "revenue": null,
            "revenue_4q": null,
            "common_shares": null,
            "book_valuer_per_share": null,
            "book_valuer_per_share_4q_avg": 3.94,
            "equity": null,
            "current_ratio": null,
            "debt_ratio": null,
            "inventory_turnover_ratio": null,
            "account_receivable_turnover_ratio": null,
            "reinvestment_rate": null,
            "research_to_sale_ratio": null,
            "price_fair": 0,
            "eps_avg_yearly": 0,
            "eps_latest_yearly": 0,
            "eps_growth_yearly": 0
        },
        "20074": {
            "year_quarter": 20074,
            "year": 2007,
            "quarter": 4,
            "eps": null,
            "eps_growth_year": null,
            "eps_4q": null,
            "eps_4q_growth_year": null,
            "roe": null,
            "roe_4q": 0,
            "gross_profit": null,
            "gross_margin": null,
            "gross_margin_4q_avg": 0,
            "net_income": null,
            "net_income_4q": null,
            "revenue": null,
            "revenue_4q": null,
            "common_shares": 206660,
            "book_valuer_per_share": 16.18,
            "book_valuer_per_share_4q_avg": 4.05,
            "equity": 334386,
            "current_ratio": 231.53,
            "debt_ratio": 41.84,
            "inventory_turnover_ratio": null,
            "account_receivable_turnover_ratio": null,
            "reinvestment_rate": null,
            "research_to_sale_ratio": null,
            "price_fair": 0,
            "eps_avg_yearly": 0,
            "eps_latest_yearly": 0,
            "eps_growth_yearly": 0
        },
        "20081": {
            "year_quarter": 20081,
            "year": 2008,
            "quarter": 1,
            "eps": 0.56,
            "eps_growth_year": null,
            "eps_4q": null,
            "eps_4q_growth_year": null,
            "roe": 3.4,
            "roe_4q": 3.4,
            "gross_profit": 49059,
            "gross_margin": 33.57,
            "gross_margin_4q_avg": 8.39,
            "net_income": 11569,
            "net_income_4q": null,
            "revenue": 146132,
            "revenue_4q": null,
            "common_shares": 206660,
            "book_valuer_per_share": 16.74,
            "book_valuer_per_share_4q_avg": 8.23,
            "equity": 345955,
            "current_ratio": 281.02,
            "debt_ratio": 36.43,
            "inventory_turnover_ratio": 0.55,
            "account_receivable_turnover_ratio": null,
            "reinvestment_rate": null,
            "research_to_sale_ratio": null,
            "price_fair": 0,
            "eps_avg_yearly": 0,
            "eps_latest_yearly": 0,
            "eps_growth_yearly": 0
        },
        "20082": {
            "year_quarter": 20082,
            "year": 2008,
            "quarter": 2,
            "eps": 0.94,
            "eps_growth_year": null,
            "eps_4q": null,
            "eps_4q_growth_year": null,
            "roe": 5.74,
            "roe_4q": 9.14,
            "gross_profit": 47967,
            "gross_margin": 30.14,
            "gross_margin_4q_avg": 15.93,
            "net_income": 19336,
            "net_income_4q": null,
            "revenue": 159162,
            "revenue_4q": null,
            "common_shares": 206660,
            "book_valuer_per_share": 15.83,
            "book_valuer_per_share_4q_avg": 12.19,
            "equity": 327224,
            "current_ratio": 182.66,
            "debt_ratio": 43.35,
            "inventory_turnover_ratio": 0.71,
            "account_receivable_turnover_ratio": null,
            "reinvestment_rate": null,
            "research_to_sale_ratio": null,
            "price_fair": 131.6,
            "eps_avg_yearly": 3.76,
            "eps_latest_yearly": 3.76,
            "eps_growth_yearly": 271.43
        },
        "20083": {
            "year_quarter": 20083,
            "year": 2008,
            "quarter": 3,
            "eps": 0.76,
            "eps_growth_year": null,
            "eps_4q": null,
            "eps_4q_growth_year": null,
            "roe": 6.02,
            "roe_4q": 15.16,
            "gross_profit": 56632,
            "gross_margin": 32.19,
            "gross_margin_4q_avg": 23.98,
            "net_income": 20306,
            "net_income_4q": null,
            "revenue": 175911,
            "revenue_4q": null,
            "common_shares": 266155,
            "book_valuer_per_share": 13.06,
            "book_valuer_per_share_4q_avg": 15.45,
            "equity": 347529,
            "current_ratio": 198.65,
            "debt_ratio": 41.23,
            "inventory_turnover_ratio": 0.86,
            "account_receivable_turnover_ratio": null,
            "reinvestment_rate": null,
            "research_to_sale_ratio": null,
            "price_fair": 119,
            "eps_avg_yearly": 3.4,
            "eps_latest_yearly": 3.04,
            "eps_growth_yearly": 97.42
        },
        "20084": {
            "year_quarter": 20084,
            "year": 2008,
            "quarter": 4,
            "eps": 1.21,
            "eps_growth_year": null,
            "eps_4q": 3.14,
            "eps_4q_growth_year": null,
            "roe": 8.82,
            "roe_4q": 23.979999999999997,
            "gross_profit": 70347,
            "gross_margin": 34.85,
            "gross_margin_4q_avg": 32.69,
            "net_income": 32078,
            "net_income_4q": null,
            "revenue": 201836,
            "revenue_4q": null,
            "common_shares": 266155,
            "book_valuer_per_share": 14.26,
            "book_valuer_per_share_4q_avg": 14.97,
            "equity": 379608,
            "current_ratio": 213.21,
            "debt_ratio": 40.39,
            "inventory_turnover_ratio": 1,
            "account_receivable_turnover_ratio": 7.32,
            "reinvestment_rate": null,
            "research_to_sale_ratio": null,
            "price_fair": 135.8,
            "eps_avg_yearly": 3.88,
            "eps_latest_yearly": 4.84,
            "eps_growth_yearly": 143.89
        },
        "20091": {
            "year_quarter": 20091,
            "year": 2009,
            "quarter": 1,
            "eps": 0.29,
            "eps_growth_year": -48.21,
            "eps_4q": 3,
            "eps_4q_growth_year": null,
            "roe": 2,
            "roe_4q": 22.58,
            "gross_profit": 47857,
            "gross_margin": 30.54,
            "gross_margin_4q_avg": 31.93,
            "net_income": 7667,
            "net_income_4q": null,
            "revenue": 156699,
            "revenue_4q": null,
            "common_shares": 266155,
            "book_valuer_per_share": 14.55,
            "book_valuer_per_share_4q_avg": 14.43,
            "equity": 387275,
            "current_ratio": 225.79,
            "debt_ratio": 38.94,
            "inventory_turnover_ratio": 0.87,
            "account_receivable_turnover_ratio": 2.59,
            "reinvestment_rate": null,
            "research_to_sale_ratio": null,
            "price_fair": 112,
            "eps_avg_yearly": 3.2,
            "eps_latest_yearly": 1.16,
            "eps_growth_yearly": 31.89
        },
        "20092": {
            "year_quarter": 20092,
            "year": 2009,
            "quarter": 2,
            "eps": 0.2,
            "eps_growth_year": -78.72,
            "eps_4q": 2.49,
            "eps_4q_growth_year": null,
            "roe": 1.44,
            "roe_4q": 18.28,
            "gross_profit": 38727,
            "gross_margin": 26.93,
            "gross_margin_4q_avg": 31.13,
            "net_income": 5252,
            "net_income_4q": null,
            "revenue": 143803,
            "revenue_4q": null,
            "common_shares": 266155,
            "book_valuer_per_share": 12.95,
            "book_valuer_per_share_4q_avg": 13.71,
            "equity": 344619,
            "current_ratio": 190.97,
            "debt_ratio": 43.42,
            "inventory_turnover_ratio": 0.9,
            "account_receivable_turnover_ratio": 2.49,
            "reinvestment_rate": null,
            "research_to_sale_ratio": null,
            "price_fair": 27.2,
            "eps_avg_yearly": 2.72,
            "eps_latest_yearly": 0.8,
            "eps_growth_yearly": 0.68
        },
        "20093": {
            "year_quarter": 20093,
            "year": 2009,
            "quarter": 3,
            "eps": 0.59,
            "eps_growth_year": -22.37,
            "eps_4q": 2.14,
            "eps_4q_growth_year": null,
            "roe": 4.86,
            "roe_4q": 17.12,
            "gross_profit": 54466,
            "gross_margin": 28.77,
            "gross_margin_4q_avg": 30.27,
            "net_income": 17183,
            "net_income_4q": null,
            "revenue": 189318,
            "revenue_4q": null,
            "common_shares": 292771,
            "book_valuer_per_share": 12.36,
            "book_valuer_per_share_4q_avg": 13.53,
            "equity": 361802,
            "current_ratio": 195.05,
            "debt_ratio": 42.98,
            "inventory_turnover_ratio": 1.18,
            "account_receivable_turnover_ratio": 3.18,
            "reinvestment_rate": null,
            "research_to_sale_ratio": null,
            "price_fair": 93.1,
            "eps_avg_yearly": 2.66,
            "eps_latest_yearly": 2.36,
            "eps_growth_yearly": 130.57
        },
        "20094": {
            "year_quarter": 20094,
            "year": 2009,
            "quarter": 4,
            "eps": 1.18,
            "eps_growth_year": -2.48,
            "eps_4q": 1.96,
            "eps_4q_growth_year": -37.52,
            "roe": 8.13,
            "roe_4q": 16.43,
            "gross_profit": 77148,
            "gross_margin": 32.81,
            "gross_margin_4q_avg": 29.76,
            "net_income": 34632,
            "net_income_4q": null,
            "revenue": 235135,
            "revenue_4q": null,
            "common_shares": 329771,
            "book_valuer_per_share": 14.87,
            "book_valuer_per_share_4q_avg": 13.68,
            "equity": 490375,
            "current_ratio": 237.64,
            "debt_ratio": 38.05,
            "inventory_turnover_ratio": 1.23,
            "account_receivable_turnover_ratio": 5.18,
            "reinvestment_rate": null,
            "research_to_sale_ratio": null,
            "price_fair": 103.4,
            "eps_avg_yearly": 2.95,
            "eps_latest_yearly": 4.72,
            "eps_growth_yearly": 169.06
        },
        "20101": {
            "year_quarter": 20101,
            "year": 2010,
            "quarter": 1,
            "eps": 0.63,
            "eps_growth_year": 117.24,
            "eps_4q": 2.36,
            "eps_4q_growth_year": -21.41,
            "roe": 4.14,
            "roe_4q": 18.57,
            "gross_profit": 59230,
            "gross_margin": 30.66,
            "gross_margin_4q_avg": 29.79,
            "net_income": 20750,
            "net_income_4q": null,
            "revenue": 193215,
            "revenue_4q": null,
            "common_shares": 329771,
            "book_valuer_per_share": 15.5,
            "book_valuer_per_share_4q_avg": 13.92,
            "equity": 511125,
            "current_ratio": 275.62,
            "debt_ratio": 33.89,
            "inventory_turnover_ratio": 0.97,
            "account_receivable_turnover_ratio": 2.18,
            "reinvestment_rate": null,
            "research_to_sale_ratio": 10.12,
            "price_fair": 101.5,
            "eps_avg_yearly": 2.9,
            "eps_latest_yearly": 2.52,
            "eps_growth_yearly": 124.62
        },
        "20102": {
            "year_quarter": 20102,
            "year": 2010,
            "quarter": 2,
            "eps": 0.93,
            "eps_growth_year": 364.88,
            "eps_4q": 3.13,
            "eps_4q_growth_year": 25.87,
            "roe": 6.16,
            "roe_4q": 23.29,
            "gross_profit": 70766,
            "gross_margin": 35.08,
            "gross_margin_4q_avg": 31.83,
            "net_income": 30661,
            "net_income_4q": null,
            "revenue": 201721,
            "revenue_4q": null,
            "common_shares": 329771,
            "book_valuer_per_share": 14.68,
            "book_valuer_per_share_4q_avg": 14.35,
            "equity": 484076,
            "current_ratio": 235.12,
            "debt_ratio": 38.84,
            "inventory_turnover_ratio": 0.97,
            "account_receivable_turnover_ratio": 2.82,
            "reinvestment_rate": null,
            "research_to_sale_ratio": 9.31,
            "price_fair": 104.69,
            "eps_avg_yearly": 2.99,
            "eps_latest_yearly": 3.72,
            "eps_growth_yearly": 131.94
        },
        "20103": {
            "year_quarter": 20103,
            "year": 2010,
            "quarter": 3,
            "eps": 1.19,
            "eps_growth_year": 101.78,
            "eps_4q": 3.8,
            "eps_4q_growth_year": 77.97,
            "roe": 7.79,
            "roe_4q": 26.22,
            "gross_profit": 82733,
            "gross_margin": 39.21,
            "gross_margin_4q_avg": 34.44,
            "net_income": 39260,
            "net_income_4q": null,
            "revenue": 210976,
            "revenue_4q": null,
            "common_shares": 329771,
            "book_valuer_per_share": 15.87,
            "book_valuer_per_share_4q_avg": 15.23,
            "equity": 523336,
            "current_ratio": 298.44,
            "debt_ratio": 32.3,
            "inventory_turnover_ratio": 0.89,
            "account_receivable_turnover_ratio": 3.46,
            "reinvestment_rate": null,
            "research_to_sale_ratio": 9.5,
            "price_fair": 110.88,
            "eps_avg_yearly": 3.17,
            "eps_latest_yearly": 4.76,
            "eps_growth_yearly": 129.93
        },
        "20104": {
            "year_quarter": 20104,
            "year": 2010,
            "quarter": 4,
            "eps": 0.78,
            "eps_growth_year": -34.15,
            "eps_4q": 3.53,
            "eps_4q_growth_year": 79.65,
            "roe": 4.78,
            "roe_4q": 22.87,
            "gross_profit": 78106,
            "gross_margin": 35.97,
            "gross_margin_4q_avg": 35.23,
            "net_income": 25624,
            "net_income_4q": null,
            "revenue": 217116,
            "revenue_4q": null,
            "common_shares": 329771,
            "book_valuer_per_share": 16.65,
            "book_valuer_per_share_4q_avg": 15.68,
            "equity": 548960,
            "current_ratio": 302.58,
            "debt_ratio": 31.6,
            "inventory_turnover_ratio": 0.86,
            "account_receivable_turnover_ratio": 3.74,
            "reinvestment_rate": null,
            "research_to_sale_ratio": 9.84,
            "price_fair": 110.73,
            "eps_avg_yearly": 3.16,
            "eps_latest_yearly": 3.12,
            "eps_growth_yearly": 105.59
        },
        "20111": {
            "year_quarter": 20111,
            "year": 2011,
            "quarter": 1,
            "eps": 0.41,
            "eps_growth_year": -34.92,
            "eps_4q": 3.3,
            "eps_4q_growth_year": 39.95,
            "roe": 2.4,
            "roe_4q": 21.13,
            "gross_profit": 53148,
            "gross_margin": 30.67,
            "gross_margin_4q_avg": 35.23,
            "net_income": 13362,
            "net_income_4q": null,
            "revenue": 173314,
            "revenue_4q": null,
            "common_shares": 329771,
            "book_valuer_per_share": 17.07,
            "book_valuer_per_share_4q_avg": 16.07,
            "equity": 562924,
            "current_ratio": 309.37,
            "debt_ratio": 29.76,
            "inventory_turnover_ratio": 0.68,
            "account_receivable_turnover_ratio": 2.77,
            "reinvestment_rate": null,
            "research_to_sale_ratio": 10.87,
            "price_fair": 106.28,
            "eps_avg_yearly": 3.04,
            "eps_latest_yearly": 1.64,
            "eps_growth_yearly": 80.98
        },
        "20112": {
            "year_quarter": 20112,
            "year": 2011,
            "quarter": 2,
            "eps": 0.44,
            "eps_growth_year": -52.41,
            "eps_4q": 2.6,
            "eps_4q_growth_year": -16.95,
            "roe": 3,
            "roe_4q": 17.97,
            "gross_profit": 58895,
            "gross_margin": 32.38,
            "gross_margin_4q_avg": 34.56,
            "net_income": 16052,
            "net_income_4q": null,
            "revenue": 181869,
            "revenue_4q": null,
            "common_shares": 329771,
            "book_valuer_per_share": 15.39,
            "book_valuer_per_share_4q_avg": 16.25,
            "equity": 507598,
            "current_ratio": 242.16,
            "debt_ratio": 36.1,
            "inventory_turnover_ratio": 0.63,
            "account_receivable_turnover_ratio": 2.48,
            "reinvestment_rate": null,
            "research_to_sale_ratio": 11.49,
            "price_fair": 102.85,
            "eps_avg_yearly": 2.94,
            "eps_latest_yearly": 1.76,
            "eps_growth_yearly": 77
        },
        "20113": {
            "year_quarter": 20113,
            "year": 2011,
            "quarter": 3,
            "eps": 1.24,
            "eps_growth_year": 3.83,
            "eps_4q": 2.75,
            "eps_4q_growth_year": -27.54,
            "roe": 8.46,
            "roe_4q": 18.64,
            "gross_profit": 88839,
            "gross_margin": 36.42,
            "gross_margin_4q_avg": 33.86,
            "net_income": 44839,
            "net_income_4q": null,
            "revenue": 243953,
            "revenue_4q": null,
            "common_shares": 362748,
            "book_valuer_per_share": 15.25,
            "book_valuer_per_share_4q_avg": 16.09,
            "equity": 553016,
            "current_ratio": 279.41,
            "debt_ratio": 32.63,
            "inventory_turnover_ratio": 0.72,
            "account_receivable_turnover_ratio": 2.8,
            "reinvestment_rate": null,
            "research_to_sale_ratio": 9.53,
            "price_fair": 107.9,
            "eps_avg_yearly": 3.08,
            "eps_latest_yearly": 4.96,
            "eps_growth_yearly": 123.45
        },
        "20114": {
            "year_quarter": 20114,
            "year": 2011,
            "quarter": 4,
            "eps": 1.22,
            "eps_growth_year": 56.82,
            "eps_4q": 3.27,
            "eps_4q_growth_year": -7.4,
            "roe": 7.7,
            "roe_4q": 21.56,
            "gross_profit": 108864,
            "gross_margin": 39.23,
            "gross_margin_4q_avg": 34.68,
            "net_income": 44202,
            "net_income_4q": null,
            "revenue": 277500,
            "revenue_4q": null,
            "common_shares": 362748,
            "book_valuer_per_share": 16.39,
            "book_valuer_per_share_4q_avg": 16.03,
            "equity": 594652,
            "current_ratio": 310.36,
            "debt_ratio": 30.6,
            "inventory_turnover_ratio": 0.77,
            "account_receivable_turnover_ratio": 2.67,
            "reinvestment_rate": 23.85,
            "research_to_sale_ratio": 10.3,
            "price_fair": 112.09,
            "eps_avg_yearly": 3.2,
            "eps_latest_yearly": 4.88,
            "eps_growth_yearly": 114.79
        },
        "20121": {
            "year_quarter": 20121,
            "year": 2012,
            "quarter": 1,
            "eps": 0.64,
            "eps_growth_year": 56.1,
            "eps_4q": 3.54,
            "eps_4q_growth_year": 7.13,
            "roe": 3.83,
            "roe_4q": 22.990000000000002,
            "gross_profit": 77475,
            "gross_margin": 33.41,
            "gross_margin_4q_avg": 35.36,
            "net_income": 23245,
            "net_income_4q": null,
            "revenue": 231867,
            "revenue_4q": null,
            "common_shares": 362748,
            "book_valuer_per_share": 17.04,
            "book_valuer_per_share_4q_avg": 16.02,
            "equity": 618112,
            "current_ratio": 299.63,
            "debt_ratio": 31.39,
            "inventory_turnover_ratio": 0.73,
            "account_receivable_turnover_ratio": 2.2,
            "reinvestment_rate": 22.77,
            "research_to_sale_ratio": 10.71,
            "price_fair": 110.69,
            "eps_avg_yearly": 3.16,
            "eps_latest_yearly": 2.56,
            "eps_growth_yearly": 95.73
        },
        "20122": {
            "year_quarter": 20122,
            "year": 2012,
            "quarter": 2,
            "eps": 0.43,
            "eps_growth_year": -2.02,
            "eps_4q": 3.38,
            "eps_4q_growth_year": 30.08,
            "roe": 2.8,
            "roe_4q": 22.79,
            "gross_profit": 71204,
            "gross_margin": 33.97,
            "gross_margin_4q_avg": 35.76,
            "net_income": 16514,
            "net_income_4q": null,
            "revenue": 209600,
            "revenue_4q": null,
            "common_shares": 362748,
            "book_valuer_per_share": 15.5,
            "book_valuer_per_share_4q_avg": 16.05,
            "equity": 562343,
            "current_ratio": 225.89,
            "debt_ratio": 37.7,
            "inventory_turnover_ratio": 0.64,
            "account_receivable_turnover_ratio": 2.1,
            "reinvestment_rate": 14.63,
            "research_to_sale_ratio": 13.76,
            "price_fair": 106.23,
            "eps_avg_yearly": 3.04,
            "eps_latest_yearly": 1.72,
            "eps_growth_yearly": 70.56
        },
        "20123": {
            "year_quarter": 20123,
            "year": 2012,
            "quarter": 3,
            "eps": 0.63,
            "eps_growth_year": -49.23,
            "eps_4q": 2.83,
            "eps_4q_growth_year": 2.85,
            "roe": 4.16,
            "roe_4q": 18.49,
            "gross_profit": 92603,
            "gross_margin": 34.58,
            "gross_margin_4q_avg": 35.3,
            "net_income": 23901,
            "net_income_4q": null,
            "revenue": 267768,
            "revenue_4q": null,
            "common_shares": 380885,
            "book_valuer_per_share": 15.42,
            "book_valuer_per_share_4q_avg": 16.09,
            "equity": 587187,
            "current_ratio": 216.34,
            "debt_ratio": 39.55,
            "inventory_turnover_ratio": 0.73,
            "account_receivable_turnover_ratio": 2.68,
            "reinvestment_rate": 14.73,
            "research_to_sale_ratio": 11.24,
            "price_fair": 105.09,
            "eps_avg_yearly": 3,
            "eps_latest_yearly": 2.52,
            "eps_growth_yearly": 86.97
        },
        "20124": {
            "year_quarter": 20124,
            "year": 2012,
            "quarter": 4,
            "eps": 1.01,
            "eps_growth_year": -17.1,
            "eps_4q": 2.68,
            "eps_4q_growth_year": -17.88,
            "roe": 6.35,
            "roe_4q": 17.14,
            "gross_profit": 103414,
            "gross_margin": 33.96,
            "gross_margin_4q_avg": 33.98,
            "net_income": 38474,
            "net_income_4q": null,
            "revenue": 304476,
            "revenue_4q": null,
            "common_shares": 380885,
            "book_valuer_per_share": 16.42,
            "book_valuer_per_share_4q_avg": 16.1,
            "equity": 625316,
            "current_ratio": 255.3,
            "debt_ratio": 34.31,
            "inventory_turnover_ratio": 0.76,
            "account_receivable_turnover_ratio": 2.33,
            "reinvestment_rate": 16.12,
            "research_to_sale_ratio": 11.58,
            "price_fair": 103.34,
            "eps_avg_yearly": 2.95,
            "eps_latest_yearly": 4.04,
            "eps_growth_yearly": 87.25
        },
        "20131": {
            "year_quarter": 20131,
            "year": 2013,
            "quarter": 1,
            "eps": 0.5,
            "eps_growth_year": -21.88,
            "eps_4q": 2.57,
            "eps_4q_growth_year": -27.42,
            "roe": 3,
            "roe_4q": 16.31,
            "gross_profit": 77107,
            "gross_margin": 31.88,
            "gross_margin_4q_avg": 33.6,
            "net_income": 18916,
            "net_income_4q": null,
            "revenue": 241904,
            "revenue_4q": null,
            "common_shares": 380885,
            "book_valuer_per_share": 16.65,
            "book_valuer_per_share_4q_avg": 16,
            "equity": 634097,
            "current_ratio": 259.71,
            "debt_ratio": 34.74,
            "inventory_turnover_ratio": 0.61,
            "account_receivable_turnover_ratio": 1.73,
            "reinvestment_rate": 16.79,
            "research_to_sale_ratio": 13.24,
            "price_fair": 105.18,
            "eps_avg_yearly": 3.01,
            "eps_latest_yearly": 2,
            "eps_growth_yearly": 93.64
        },
        "20132": {
            "year_quarter": 20132,
            "year": 2013,
            "quarter": 2,
            "eps": 0.64,
            "eps_growth_year": 47.61,
            "eps_4q": 2.78,
            "eps_4q_growth_year": -17.92,
            "roe": 4.08,
            "roe_4q": 17.59,
            "gross_profit": 83610,
            "gross_margin": 32.37,
            "gross_margin_4q_avg": 33.2,
            "net_income": 24428,
            "net_income_4q": null,
            "revenue": 258267,
            "revenue_4q": null,
            "common_shares": 380885,
            "book_valuer_per_share": 14.82,
            "book_valuer_per_share_4q_avg": 15.83,
            "equity": 564323,
            "current_ratio": 201.02,
            "debt_ratio": 42.2,
            "inventory_turnover_ratio": 0.65,
            "account_receivable_turnover_ratio": 1.93,
            "reinvestment_rate": 16.07,
            "research_to_sale_ratio": 12.12,
            "price_fair": 109.03,
            "eps_avg_yearly": 3.12,
            "eps_latest_yearly": 2.56,
            "eps_growth_yearly": 108.39
        },
        "20133": {
            "year_quarter": 20133,
            "year": 2013,
            "quarter": 3,
            "eps": 0.62,
            "eps_growth_year": -1.2,
            "eps_4q": 2.76,
            "eps_4q_growth_year": -2.41,
            "roe": 4.06,
            "roe_4q": 17.490000000000002,
            "gross_profit": 93166,
            "gross_margin": 34.24,
            "gross_margin_4q_avg": 33.11,
            "net_income": 23449,
            "net_income_4q": null,
            "revenue": 272066,
            "revenue_4q": null,
            "common_shares": 380885,
            "book_valuer_per_share": 15.49,
            "book_valuer_per_share_4q_avg": 15.85,
            "equity": 589874,
            "current_ratio": 207.39,
            "debt_ratio": 40.83,
            "inventory_turnover_ratio": 0.67,
            "account_receivable_turnover_ratio": 1.91,
            "reinvestment_rate": 15.07,
            "research_to_sale_ratio": 11.32,
            "price_fair": 109.29,
            "eps_avg_yearly": 3.12,
            "eps_latest_yearly": 2.48,
            "eps_growth_yearly": 58.86
        },
        "20134": {
            "year_quarter": 20134,
            "year": 2013,
            "quarter": 4,
            "eps": 1.02,
            "eps_growth_year": 1.2,
            "eps_4q": 2.78,
            "eps_4q_growth_year": 3.52,
            "roe": 6.38,
            "roe_4q": 17.52,
            "gross_profit": 104379,
            "gross_margin": 33.86,
            "gross_margin_4q_avg": 33.09,
            "net_income": 38936,
            "net_income_4q": null,
            "revenue": 308221,
            "revenue_4q": null,
            "common_shares": 380885,
            "book_valuer_per_share": 16.54,
            "book_valuer_per_share_4q_avg": 15.88,
            "equity": 629833,
            "current_ratio": 208.08,
            "debt_ratio": 40.85,
            "inventory_turnover_ratio": 0.74,
            "account_receivable_turnover_ratio": 2.07,
            "reinvestment_rate": 15.87,
            "research_to_sale_ratio": 10.69,
            "price_fair": 107.89,
            "eps_avg_yearly": 3.08,
            "eps_latest_yearly": 4.08,
            "eps_growth_yearly": 49.99
        },
        "20141": {
            "year_quarter": 20141,
            "year": 2014,
            "quarter": 1,
            "eps": 1.4,
            "eps_growth_year": 180,
            "eps_4q": 3.68,
            "eps_4q_growth_year": 43.31,
            "roe": 8.12,
            "roe_4q": 22.64,
            "gross_profit": 114845,
            "gross_margin": 36.15,
            "gross_margin_4q_avg": 34.16,
            "net_income": 53356,
            "net_income_4q": null,
            "revenue": 317719,
            "revenue_4q": null,
            "common_shares": 380885,
            "book_valuer_per_share": 17.98,
            "book_valuer_per_share_4q_avg": 16.21,
            "equity": 685019,
            "current_ratio": 229.14,
            "debt_ratio": 37.72,
            "inventory_turnover_ratio": 0.73,
            "account_receivable_turnover_ratio": 1.84,
            "reinvestment_rate": 15.03,
            "research_to_sale_ratio": 10.22,
            "price_fair": 114.63,
            "eps_avg_yearly": 3.28,
            "eps_latest_yearly": 5.6,
            "eps_growth_yearly": 70.96
        },
        "20142": {
            "year_quarter": 20142,
            "year": 2014,
            "quarter": 2,
            "eps": 1.56,
            "eps_growth_year": 143.75,
            "eps_4q": 4.6,
            "eps_4q_growth_year": 65.58,
            "roe": 8.89,
            "roe_4q": 27.449999999999996,
            "gross_profit": 123301,
            "gross_margin": 37.3,
            "gross_margin_4q_avg": 35.39,
            "net_income": 59310,
            "net_income_4q": null,
            "revenue": 330610,
            "revenue_4q": null,
            "common_shares": 380885,
            "book_valuer_per_share": 17.07,
            "book_valuer_per_share_4q_avg": 16.77,
            "equity": 650001,
            "current_ratio": 179.11,
            "debt_ratio": 47.06,
            "inventory_turnover_ratio": 0.69,
            "account_receivable_turnover_ratio": 1.59,
            "reinvestment_rate": 14.96,
            "research_to_sale_ratio": 9.76,
            "price_fair": 120.14,
            "eps_avg_yearly": 3.43,
            "eps_latest_yearly": 6.24,
            "eps_growth_yearly": 61.91
        },
        "20143": {
            "year_quarter": 20143,
            "year": 2014,
            "quarter": 3,
            "eps": 2.51,
            "eps_growth_year": 304.84,
            "eps_4q": 6.41,
            "eps_4q_growth_year": 132.03,
            "roe": 13.68,
            "roe_4q": 37.07,
            "gross_profit": 182816,
            "gross_margin": 38.49,
            "gross_margin_4q_avg": 36.45,
            "net_income": 95959,
            "net_income_4q": null,
            "revenue": 474968,
            "revenue_4q": null,
            "common_shares": 386045,
            "book_valuer_per_share": 19.51,
            "book_valuer_per_share_4q_avg": 17.78,
            "equity": 753313,
            "current_ratio": 199.28,
            "debt_ratio": 43.39,
            "inventory_turnover_ratio": 0.83,
            "account_receivable_turnover_ratio": 1.77,
            "reinvestment_rate": 4.33,
            "research_to_sale_ratio": 7.85,
            "price_fair": 131.69,
            "eps_avg_yearly": 3.76,
            "eps_latest_yearly": 10.04,
            "eps_growth_yearly": 70.15
        },
        "20144": {
            "year_quarter": 20144,
            "year": 2014,
            "quarter": 4,
            "eps": 2.13,
            "eps_growth_year": 108.11,
            "eps_4q": 7.53,
            "eps_4q_growth_year": 171.32,
            "roe": 10.37,
            "roe_4q": 41.059999999999995,
            "gross_profit": 169989,
            "gross_margin": 42.6,
            "gross_margin_4q_avg": 38.64,
            "net_income": 82127,
            "net_income_4q": null,
            "revenue": 398993,
            "revenue_4q": null,
            "common_shares": 386045,
            "book_valuer_per_share": 21.53,
            "book_valuer_per_share_4q_avg": 19.02,
            "equity": 831166,
            "current_ratio": 234.74,
            "debt_ratio": 37.77,
            "inventory_turnover_ratio": 0.63,
            "account_receivable_turnover_ratio": 1.51,
            "reinvestment_rate": 3.84,
            "research_to_sale_ratio": 9.53,
            "price_fair": 143.5,
            "eps_avg_yearly": 4.1,
            "eps_latest_yearly": 8.52,
            "eps_growth_yearly": 74.97
        },
        "20151": {
            "year_quarter": 20151,
            "year": 2015,
            "quarter": 1,
            "eps": 1.36,
            "eps_growth_year": -2.86,
            "eps_4q": 7.5,
            "eps_4q_growth_year": 103.93,
            "roe": 6.13,
            "roe_4q": 39.07,
            "gross_profit": 146341,
            "gross_margin": 42.82,
            "gross_margin_4q_avg": 40.3,
            "net_income": 52328,
            "net_income_4q": null,
            "revenue": 341796,
            "revenue_4q": null,
            "common_shares": 386045,
            "book_valuer_per_share": 22.71,
            "book_valuer_per_share_4q_avg": 20.21,
            "equity": 876870,
            "current_ratio": 249.99,
            "debt_ratio": 35.81,
            "inventory_turnover_ratio": 0.56,
            "account_receivable_turnover_ratio": 1.73,
            "reinvestment_rate": -1.57,
            "research_to_sale_ratio": 10.3,
            "price_fair": 151.81,
            "eps_avg_yearly": 4.34,
            "eps_latest_yearly": 5.44,
            "eps_growth_yearly": 77.8
        },
        "20152": {
            "year_quarter": 20152,
            "year": 2015,
            "quarter": 2,
            "eps": 0.72,
            "eps_growth_year": -53.85,
            "eps_4q": 5.91,
            "eps_4q_growth_year": 28.57,
            "roe": 3.95,
            "roe_4q": 34.129999999999995,
            "gross_profit": 121849,
            "gross_margin": 39.39,
            "gross_margin_4q_avg": 40.83,
            "net_income": 31918,
            "net_income_4q": null,
            "revenue": 309358,
            "revenue_4q": null,
            "common_shares": 386045,
            "book_valuer_per_share": 19.18,
            "book_valuer_per_share_4q_avg": 20.73,
            "equity": 740496,
            "current_ratio": 193.44,
            "debt_ratio": 44.47,
            "inventory_turnover_ratio": 0.56,
            "account_receivable_turnover_ratio": 1.87,
            "reinvestment_rate": -2.31,
            "research_to_sale_ratio": 11.45,
            "price_fair": 154.26,
            "eps_avg_yearly": 4.41,
            "eps_latest_yearly": 2.88,
            "eps_growth_yearly": 64.2
        },
        "20153": {
            "year_quarter": 20153,
            "year": 2015,
            "quarter": 3,
            "eps": 1.11,
            "eps_growth_year": -55.78,
            "eps_4q": 4.83,
            "eps_4q_growth_year": -24.63,
            "roe": 6.43,
            "roe_4q": 26.879999999999995,
            "gross_profit": 133270,
            "gross_margin": 37.63,
            "gross_margin_4q_avg": 40.61,
            "net_income": 49460,
            "net_income_4q": null,
            "revenue": 354118,
            "revenue_4q": null,
            "common_shares": 446532,
            "book_valuer_per_share": 17.89,
            "book_valuer_per_share_4q_avg": 20.33,
            "equity": 798810,
            "current_ratio": 240.49,
            "debt_ratio": 36.28,
            "inventory_turnover_ratio": 0.71,
            "account_receivable_turnover_ratio": 2.31,
            "reinvestment_rate": -2.44,
            "research_to_sale_ratio": 10.49,
            "price_fair": 153.13,
            "eps_avg_yearly": 4.38,
            "eps_latest_yearly": 4.44,
            "eps_growth_yearly": 32.29
        },
        "20154": {
            "year_quarter": 20154,
            "year": 2015,
            "quarter": 4,
            "eps": 1.26,
            "eps_growth_year": -40.74,
            "eps_4q": 4.25,
            "eps_4q_growth_year": -43.5,
            "roe": 6.83,
            "roe_4q": 23.34,
            "gross_profit": 158911,
            "gross_margin": 41.38,
            "gross_margin_4q_avg": 40.31,
            "net_income": 56292,
            "net_income_4q": null,
            "revenue": 384040,
            "revenue_4q": null,
            "common_shares": 446532,
            "book_valuer_per_share": 19.02,
            "book_valuer_per_share_4q_avg": 19.7,
            "equity": 849261,
            "current_ratio": 249.28,
            "debt_ratio": 34.57,
            "inventory_turnover_ratio": 0.76,
            "account_receivable_turnover_ratio": 2.58,
            "reinvestment_rate": 2.25,
            "research_to_sale_ratio": 10.18,
            "price_fair": 153.48,
            "eps_avg_yearly": 4.39,
            "eps_latest_yearly": 5.04,
            "eps_growth_yearly": 36.07
        },
        "20161": {
            "year_quarter": 20161,
            "year": 2016,
            "quarter": 1,
            "eps": 0.83,
            "eps_growth_year": -38.97,
            "eps_4q": 3.91,
            "eps_4q_growth_year": -47.92,
            "roe": 4.26,
            "roe_4q": 21.47,
            "gross_profit": 152925,
            "gross_margin": 41.82,
            "gross_margin_4q_avg": 40.06,
            "net_income": 36844,
            "net_income_4q": null,
            "revenue": 365698,
            "revenue_4q": null,
            "common_shares": 446532,
            "book_valuer_per_share": 19.71,
            "book_valuer_per_share_4q_avg": 18.95,
            "equity": 879950,
            "current_ratio": 224.41,
            "debt_ratio": 38.25,
            "inventory_turnover_ratio": 0.66,
            "account_receivable_turnover_ratio": 2.34,
            "reinvestment_rate": 1.38,
            "research_to_sale_ratio": 10.34,
            "price_fair": 155.14,
            "eps_avg_yearly": 4.43,
            "eps_latest_yearly": 3.32,
            "eps_growth_yearly": 39.42
        },
        "20162": {
            "year_quarter": 20162,
            "year": 2016,
            "quarter": 2,
            "eps": 1.68,
            "eps_growth_year": 133.33,
            "eps_4q": 4.87,
            "eps_4q_growth_year": -17.54,
            "roe": 9.09,
            "roe_4q": 26.61,
            "gross_profit": 192948,
            "gross_margin": 40.46,
            "gross_margin_4q_avg": 40.32,
            "net_income": 74993,
            "net_income_4q": null,
            "revenue": 476849,
            "revenue_4q": null,
            "common_shares": 446532,
            "book_valuer_per_share": 17.24,
            "book_valuer_per_share_4q_avg": 18.47,
            "equity": 769971,
            "current_ratio": 173.07,
            "debt_ratio": 48.14,
            "inventory_turnover_ratio": 0.8,
            "account_receivable_turnover_ratio": 2.4,
            "reinvestment_rate": -0.97,
            "research_to_sale_ratio": 7.53,
            "price_fair": 166.08,
            "eps_avg_yearly": 4.75,
            "eps_latest_yearly": 6.72,
            "eps_growth_yearly": 73.23
        },
        "20163": {
            "year_quarter": 20163,
            "year": 2016,
            "quarter": 3,
            "eps": 1.4,
            "eps_growth_year": 26.13,
            "eps_4q": 5.14,
            "eps_4q_growth_year": 6.41,
            "roe": 7.8,
            "roe_4q": 27.979999999999997,
            "gross_profit": 221497,
            "gross_margin": 45.34,
            "gross_margin_4q_avg": 42.25,
            "net_income": 62450,
            "net_income_4q": null,
            "revenue": 488473,
            "revenue_4q": null,
            "common_shares": 448292,
            "book_valuer_per_share": 18.54,
            "book_valuer_per_share_4q_avg": 18.63,
            "equity": 830981,
            "current_ratio": 182.59,
            "debt_ratio": 44.03,
            "inventory_turnover_ratio": 0.72,
            "account_receivable_turnover_ratio": 1.96,
            "reinvestment_rate": 2.91,
            "research_to_sale_ratio": 8.16,
            "price_fair": 172.81,
            "eps_avg_yearly": 4.94,
            "eps_latest_yearly": 5.6,
            "eps_growth_yearly": 57.44
        },
        "20164": {
            "year_quarter": 20164,
            "year": 2016,
            "quarter": 4,
            "eps": 1.86,
            "eps_growth_year": 47.43,
            "eps_4q": 5.75,
            "eps_4q_growth_year": 35.05,
            "roe": 9.57,
            "roe_4q": 30.72,
            "gross_profit": 213049,
            "gross_margin": 42.3,
            "gross_margin_4q_avg": 42.48,
            "net_income": 83316,
            "net_income_4q": null,
            "revenue": 503696,
            "revenue_4q": null,
            "common_shares": 448292,
            "book_valuer_per_share": 20.28,
            "book_valuer_per_share_4q_avg": 18.94,
            "equity": 909341,
            "current_ratio": 183.89,
            "debt_ratio": 44.84,
            "inventory_turnover_ratio": 0.78,
            "account_receivable_turnover_ratio": 1.6,
            "reinvestment_rate": 6.05,
            "research_to_sale_ratio": 8.86,
            "price_fair": 180.25,
            "eps_avg_yearly": 5.15,
            "eps_latest_yearly": 7.44,
            "eps_growth_yearly": 50.57
        },
        "20171": {
            "year_quarter": 20171,
            "year": 2017,
            "quarter": 1,
            "eps": 1.1,
            "eps_growth_year": 32.53,
            "eps_4q": 6.02,
            "eps_4q_growth_year": 54.09,
            "roe": 5.27,
            "roe_4q": 31.73,
            "gross_profit": 228537,
            "gross_margin": 43.37,
            "gross_margin_4q_avg": 42.87,
            "net_income": 49214,
            "net_income_4q": null,
            "revenue": 526982,
            "revenue_4q": null,
            "common_shares": 448292,
            "book_valuer_per_share": 21.35,
            "book_valuer_per_share_4q_avg": 19.35,
            "equity": 956998,
            "current_ratio": 181.01,
            "debt_ratio": 45.79,
            "inventory_turnover_ratio": 0.8,
            "account_receivable_turnover_ratio": 1.51,
            "reinvestment_rate": 5.58,
            "research_to_sale_ratio": 8.12,
            "price_fair": 185.5,
            "eps_avg_yearly": 5.3,
            "eps_latest_yearly": 4.4,
            "eps_growth_yearly": 52.98
        },
        "20172": {
            "year_quarter": 20172,
            "year": 2017,
            "quarter": 2,
            "eps": 1.47,
            "eps_growth_year": -12.5,
            "eps_4q": 5.43,
            "eps_4q_growth_year": 11.4,
            "roe": 8.01,
            "roe_4q": 30.650000000000002,
            "gross_profit": 234033,
            "gross_margin": 44.12,
            "gross_margin_4q_avg": 43.78,
            "net_income": 72712,
            "net_income_4q": null,
            "revenue": 530416,
            "revenue_4q": null,
            "common_shares": 448292,
            "book_valuer_per_share": 19.13,
            "book_valuer_per_share_4q_avg": 19.83,
            "equity": 857580,
            "current_ratio": 153.72,
            "debt_ratio": 53.71,
            "inventory_turnover_ratio": 0.71,
            "account_receivable_turnover_ratio": 1.44,
            "reinvestment_rate": 5.41,
            "research_to_sale_ratio": 8.7,
            "price_fair": 192.76,
            "eps_avg_yearly": 5.51,
            "eps_latest_yearly": 5.88,
            "eps_growth_yearly": 54.39
        },
        "20173": {
            "year_quarter": 20173,
            "year": 2017,
            "quarter": 3,
            "eps": 1.77,
            "eps_growth_year": 26.43,
            "eps_4q": 5.93,
            "eps_4q_growth_year": 15.38,
            "roe": 9.67,
            "roe_4q": 32.519999999999996,
            "gross_profit": 263730,
            "gross_margin": 43.57,
            "gross_margin_4q_avg": 43.34,
            "net_income": 87416,
            "net_income_4q": null,
            "revenue": 605241,
            "revenue_4q": null,
            "common_shares": 493121,
            "book_valuer_per_share": 19.27,
            "book_valuer_per_share_4q_avg": 20.01,
            "equity": 950207,
            "current_ratio": 172.42,
            "debt_ratio": 47.3,
            "inventory_turnover_ratio": 0.81,
            "account_receivable_turnover_ratio": 1.68,
            "reinvestment_rate": 7.06,
            "research_to_sale_ratio": 7.65,
            "price_fair": 202.83,
            "eps_avg_yearly": 5.8,
            "eps_latest_yearly": 7.08,
            "eps_growth_yearly": 60.27
        },
        "20174": {
            "year_quarter": 20174,
            "year": 2017,
            "quarter": 4,
            "eps": 1.31,
            "eps_growth_year": -29.6,
            "eps_4q": 5.55,
            "eps_4q_growth_year": -3.36,
            "roe": 6.56,
            "roe_4q": 29.51,
            "gross_profit": 217416,
            "gross_margin": 41.52,
            "gross_margin_4q_avg": 43.15,
            "net_income": 64536,
            "net_income_4q": null,
            "revenue": 523690,
            "revenue_4q": null,
            "common_shares": 493211,
            "book_valuer_per_share": 20.64,
            "book_valuer_per_share_4q_avg": 20.1,
            "equity": 1017839,
            "current_ratio": 183.02,
            "debt_ratio": 44.78,
            "inventory_turnover_ratio": 0.78,
            "account_receivable_turnover_ratio": 1.49,
            "reinvestment_rate": 6.42,
            "research_to_sale_ratio": 8.59,
            "price_fair": 205.36,
            "eps_avg_yearly": 5.87,
            "eps_latest_yearly": 5.24,
            "eps_growth_yearly": 37.65
        },
        "20181": {
            "year_quarter": 20181,
            "year": 2018,
            "quarter": 1,
            "eps": 0.41,
            "eps_growth_year": -62.73,
            "eps_4q": 4.96,
            "eps_4q_growth_year": -17.61,
            "roe": 1.94,
            "roe_4q": 26.18,
            "gross_profit": 144752,
            "gross_margin": 35.55,
            "gross_margin_4q_avg": 41.19,
            "net_income": 20040,
            "net_income_4q": null,
            "revenue": 407138,
            "revenue_4q": null,
            "common_shares": 493211,
            "book_valuer_per_share": 21.15,
            "book_valuer_per_share_4q_avg": 20.05,
            "equity": 1043223,
            "current_ratio": 193.06,
            "debt_ratio": 42.4,
            "inventory_turnover_ratio": 0.68,
            "account_receivable_turnover_ratio": 1.17,
            "reinvestment_rate": 6.21,
            "research_to_sale_ratio": 10.27,
            "price_fair": 118.9,
            "eps_avg_yearly": 5.62,
            "eps_latest_yearly": 1.64,
            "eps_growth_yearly": 11.16
        },
        "20182": {
            "year_quarter": 20182,
            "year": 2018,
            "quarter": 2,
            "eps": 0.95,
            "eps_growth_year": -35.37,
            "eps_4q": 4.43,
            "eps_4q_growth_year": -18.32,
            "roe": 4.95,
            "roe_4q": 23.119999999999997,
            "gross_profit": 159508,
            "gross_margin": 38.94,
            "gross_margin_4q_avg": 39.9,
            "net_income": 46701,
            "net_income_4q": null,
            "revenue": 409572,
            "revenue_4q": null,
            "common_shares": 493211,
            "book_valuer_per_share": 17.1,
            "book_valuer_per_share_4q_avg": 19.54,
            "equity": 843416,
            "current_ratio": 148.16,
            "debt_ratio": 54.82,
            "inventory_turnover_ratio": 0.63,
            "account_receivable_turnover_ratio": 1.24,
            "reinvestment_rate": 5.75,
            "research_to_sale_ratio": 10.62,
            "price_fair": 191.36,
            "eps_avg_yearly": 5.47,
            "eps_latest_yearly": 3.8,
            "eps_growth_yearly": 41.23
        },
        "20183": {
            "year_quarter": 20183,
            "year": 2018,
            "quarter": 3,
            "eps": 1.03,
            "eps_growth_year": -41.81,
            "eps_4q": 3.69,
            "eps_4q_growth_year": -37.77,
            "roe": 5.85,
            "roe_4q": 19.3,
            "gross_profit": 181930,
            "gross_margin": 39.39,
            "gross_margin_4q_avg": 38.85,
            "net_income": 50884,
            "net_income_4q": null,
            "revenue": 461834,
            "revenue_4q": null,
            "common_shares": 493211,
            "book_valuer_per_share": 18.16,
            "book_valuer_per_share_4q_avg": 19.26,
            "equity": 895455,
            "current_ratio": 174.93,
            "debt_ratio": 45.35,
            "inventory_turnover_ratio": 0.7,
            "account_receivable_turnover_ratio": 1.34,
            "reinvestment_rate": 11.04,
            "research_to_sale_ratio": 9.62,
            "price_fair": 178.41,
            "eps_avg_yearly": 5.1,
            "eps_latest_yearly": 4.12,
            "eps_growth_yearly": 28.11
        },
        "20184": {
            "year_quarter": 20184,
            "year": 2018,
            "quarter": 4,
            "eps": 1.87,
            "eps_growth_year": 42.65,
            "eps_4q": 4.27,
            "eps_4q_growth_year": -23.08,
            "roe": 9.85,
            "roe_4q": 22.59,
            "gross_profit": 265353,
            "gross_margin": 44.3,
            "gross_margin_4q_avg": 39.55,
            "net_income": 91290,
            "net_income_4q": null,
            "revenue": 598937,
            "revenue_4q": null,
            "common_shares": 493211,
            "book_valuer_per_share": 19.6,
            "book_valuer_per_share_4q_avg": 19,
            "equity": 958692,
            "current_ratio": 176.03,
            "debt_ratio": 45.94,
            "inventory_turnover_ratio": 0.86,
            "account_receivable_turnover_ratio": 1.57,
            "reinvestment_rate": 10.35,
            "research_to_sale_ratio": 7.27,
            "price_fair": 176.14,
            "eps_avg_yearly": 5.03,
            "eps_latest_yearly": 7.48,
            "eps_growth_yearly": 52.28
        },
        "20191": {
            "year_quarter": 20191,
            "year": 2019,
            "quarter": 1,
            "eps": 1.52,
            "eps_growth_year": 270.73,
            "eps_4q": 5.29,
            "eps_4q_growth_year": 6.58,
            "roe": 7.41,
            "roe_4q": 28.06,
            "gross_profit": 242150,
            "gross_margin": 41.82,
            "gross_margin_4q_avg": 41.11,
            "net_income": 74358,
            "net_income_4q": null,
            "revenue": 578992,
            "revenue_4q": null,
            "common_shares": 493211,
            "book_valuer_per_share": 21.45,
            "book_valuer_per_share_4q_avg": 19.08,
            "equity": 1048233,
            "current_ratio": 177.86,
            "debt_ratio": 45.55,
            "inventory_turnover_ratio": 0.89,
            "account_receivable_turnover_ratio": 1.49,
            "reinvestment_rate": 9.98,
            "research_to_sale_ratio": 7.56,
            "price_fair": 177.54,
            "eps_avg_yearly": 5.07,
            "eps_latest_yearly": 6.08,
            "eps_growth_yearly": 56.64
        },
        "20192": {
            "year_quarter": 20192,
            "year": 2019,
            "quarter": 2,
            "eps": 1.64,
            "eps_growth_year": 72.63,
            "eps_4q": 6.02,
            "eps_4q_growth_year": 35.66,
            "roe": 8.01,
            "roe_4q": 31.119999999999997,
            "gross_profit": 229231,
            "gross_margin": 41.35,
            "gross_margin_4q_avg": 41.72,
            "net_income": 80137,
            "net_income_4q": null,
            "revenue": 554340,
            "revenue_4q": null,
            "common_shares": 493211,
            "book_valuer_per_share": 19.31,
            "book_valuer_per_share_4q_avg": 19.63,
            "equity": 952345,
            "current_ratio": 151.9,
            "debt_ratio": 53.61,
            "inventory_turnover_ratio": 0.91,
            "account_receivable_turnover_ratio": 1.61,
            "reinvestment_rate": 8.97,
            "research_to_sale_ratio": 7.51,
            "price_fair": 185.59,
            "eps_avg_yearly": 5.3,
            "eps_latest_yearly": 6.56,
            "eps_growth_yearly": 70.38
        },
        "20193": {
            "year_quarter": 20193,
            "year": 2019,
            "quarter": 3,
            "eps": 1.2,
            "eps_growth_year": 16.5,
            "eps_4q": 6.18,
            "eps_4q_growth_year": 67.32,
            "roe": 6.02,
            "roe_4q": 31.29,
            "gross_profit": 214781,
            "gross_margin": 45,
            "gross_margin_4q_avg": 43.12,
            "net_income": 59003,
            "net_income_4q": null,
            "revenue": 477271,
            "revenue_4q": null,
            "common_shares": 493211,
            "book_valuer_per_share": 20.46,
            "book_valuer_per_share_4q_avg": 20.21,
            "equity": 1009158,
            "current_ratio": 173.26,
            "debt_ratio": 46.13,
            "inventory_turnover_ratio": 0.71,
            "account_receivable_turnover_ratio": 1.57,
            "reinvestment_rate": 8.74,
            "research_to_sale_ratio": 8.71,
            "price_fair": 186.38,
            "eps_avg_yearly": 5.33,
            "eps_latest_yearly": 4.8,
            "eps_growth_yearly": 50.13
        },
        "20194": {
            "year_quarter": 20194,
            "year": 2019,
            "quarter": 4,
            "eps": 1.61,
            "eps_growth_year": -13.7,
            "eps_4q": 5.94,
            "eps_4q_growth_year": 39.05,
            "roe": 7.57,
            "roe_4q": 29.01,
            "gross_profit": 286944,
            "gross_margin": 45.57,
            "gross_margin_4q_avg": 43.44,
            "net_income": 79449,
            "net_income_4q": null,
            "revenue": 629617,
            "revenue_4q": null,
            "common_shares": 493211,
            "book_valuer_per_share": 22.11,
            "book_valuer_per_share_4q_avg": 20.83,
            "equity": 1090624,
            "current_ratio": 183.04,
            "debt_ratio": 43.7,
            "inventory_turnover_ratio": 0.89,
            "account_receivable_turnover_ratio": 2.26,
            "reinvestment_rate": 7.2,
            "research_to_sale_ratio": 7.24,
            "price_fair": 189.44,
            "eps_avg_yearly": 5.41,
            "eps_latest_yearly": 6.44,
            "eps_growth_yearly": 55.29
        },
        "20201": {
            "year_quarter": 20201,
            "year": 2020,
            "quarter": 1,
            "eps": 1.27,
            "eps_growth_year": -16.45,
            "eps_4q": 5.7,
            "eps_4q_growth_year": 7.83,
            "roe": 5.58,
            "roe_4q": 27.18,
            "gross_profit": 210353,
            "gross_margin": 40.73,
            "gross_margin_4q_avg": 43.16,
            "net_income": 62484,
            "net_income_4q": null,
            "revenue": 516407,
            "revenue_4q": null,
            "common_shares": 493211,
            "book_valuer_per_share": 23.28,
            "book_valuer_per_share_4q_avg": 21.29,
            "equity": 1147446,
            "current_ratio": 184.18,
            "debt_ratio": 42.1,
            "inventory_turnover_ratio": 0.79,
            "account_receivable_turnover_ratio": 1.84,
            "reinvestment_rate": 6.33,
            "research_to_sale_ratio": 7.89,
            "price_fair": 193.29,
            "eps_avg_yearly": 5.52,
            "eps_latest_yearly": 5.08,
            "eps_growth_yearly": 58.54
        },
        "20202": {
            "year_quarter": 20202,
            "year": 2020,
            "quarter": 2,
            "eps": 0.45,
            "eps_growth_year": -72.56,
            "eps_4q": 4.37,
            "eps_4q_growth_year": -27.36,
            "roe": 2.3,
            "roe_4q": 21.47,
            "gross_profit": 187624,
            "gross_margin": 40.31,
            "gross_margin_4q_avg": 42.9,
            "net_income": 23431,
            "net_income_4q": null,
            "revenue": 465396,
            "revenue_4q": null,
            "common_shares": 493211,
            "book_valuer_per_share": 18.25,
            "book_valuer_per_share_4q_avg": 21.03,
            "equity": 892261,
            "current_ratio": 147.69,
            "debt_ratio": 51.28,
            "inventory_turnover_ratio": 0.72,
            "account_receivable_turnover_ratio": 1.6,
            "reinvestment_rate": 5.62,
            "research_to_sale_ratio": 9.03,
            "price_fair": 139.76,
            "eps_avg_yearly": 5.22,
            "eps_latest_yearly": 1.8,
            "eps_growth_yearly": 16.8
        },
        "20203": {
            "year_quarter": 20203,
            "year": 2020,
            "quarter": 3,
            "eps": 0.42,
            "eps_growth_year": -65,
            "eps_4q": 3.64,
            "eps_4q_growth_year": -41.13,
            "roe": 2.37,
            "roe_4q": 17.82,
            "gross_profit": 124532,
            "gross_margin": 35.77,
            "gross_margin_4q_avg": 40.6,
            "net_income": 21429,
            "net_income_4q": null,
            "revenue": 348130,
            "revenue_4q": null,
            "common_shares": 517871,
            "book_valuer_per_share": 17.83,
            "book_valuer_per_share_4q_avg": 20.37,
            "equity": 915489,
            "current_ratio": 175.53,
            "debt_ratio": 41.18,
            "inventory_turnover_ratio": 0.63,
            "account_receivable_turnover_ratio": 1.19,
            "reinvestment_rate": 5.06,
            "research_to_sale_ratio": 11.48,
            "price_fair": 145.62,
            "eps_avg_yearly": 4.97,
            "eps_latest_yearly": 1.68,
            "eps_growth_yearly": 19.3
        },
        "20204": {
            "year_quarter": 20204,
            "year": 2020,
            "quarter": 4,
            "eps": 0.24,
            "eps_growth_year": -84.9,
            "eps_4q": 2.15,
            "eps_4q_growth_year": -63.83,
            "roe": 1.32,
            "roe_4q": 11.57,
            "gross_profit": 111636,
            "gross_margin": 33.95,
            "gross_margin_4q_avg": 37.69,
            "net_income": 13703,
            "net_income_4q": null,
            "revenue": 328820,
            "revenue_4q": null,
            "common_shares": 567871,
            "book_valuer_per_share": 20.64,
            "book_valuer_per_share_4q_avg": 20,
            "equity": 1162898,
            "current_ratio": 207.28,
            "debt_ratio": 34.73,
            "inventory_turnover_ratio": 0.67,
            "account_receivable_turnover_ratio": 1.27,
            "reinvestment_rate": 10.08,
            "research_to_sale_ratio": 13.11,
            "price_fair": 45.65,
            "eps_avg_yearly": 4.57,
            "eps_latest_yearly": 0.96,
            "eps_growth_yearly": 0.37
        },
        "20211": {
            "year_quarter": 20211,
            "year": 2021,
            "quarter": 1,
            "eps": 0.53,
            "eps_growth_year": -58.27,
            "eps_4q": 1.57,
            "eps_4q_growth_year": -72.41,
            "roe": 2.55,
            "roe_4q": 8.54,
            "gross_profit": 134739,
            "gross_margin": 36.46,
            "gross_margin_4q_avg": 36.62,
            "net_income": 30099,
            "net_income_4q": null,
            "revenue": 369546,
            "revenue_4q": null,
            "common_shares": 567871,
            "book_valuer_per_share": 21.19,
            "book_valuer_per_share_4q_avg": 19.48,
            "equity": 1193769,
            "current_ratio": 232.08,
            "debt_ratio": 30.83,
            "inventory_turnover_ratio": 0.71,
            "account_receivable_turnover_ratio": 1.53,
            "reinvestment_rate": 9.25,
            "research_to_sale_ratio": 11.36,
            "price_fair": 154.79,
            "eps_avg_yearly": 4.42,
            "eps_latest_yearly": 2.12,
            "eps_growth_yearly": 40.79
        },
        "20212": {
            "year_quarter": 20212,
            "year": 2021,
            "quarter": 2,
            "eps": 0.87,
            "eps_growth_year": 93.33,
            "eps_4q": 2.03,
            "eps_4q_growth_year": -53.51,
            "roe": 4.04,
            "roe_4q": 10.280000000000001,
            "gross_profit": 150628,
            "gross_margin": 38.62,
            "gross_margin_4q_avg": 36.2,
            "net_income": 49243,
            "net_income_4q": null,
            "revenue": 390070,
            "revenue_4q": null,
            "common_shares": 567871,
            "book_valuer_per_share": 22.05,
            "book_valuer_per_share_4q_avg": 20.43,
            "equity": 1242268,
            "current_ratio": 230.72,
            "debt_ratio": 31.76,
            "inventory_turnover_ratio": 0.6,
            "account_receivable_turnover_ratio": 1.59,
            "reinvestment_rate": 8.61,
            "research_to_sale_ratio": 10.84,
            "price_fair": 149.54,
            "eps_avg_yearly": 4.27,
            "eps_latest_yearly": 3.48,
            "eps_growth_yearly": 48.42
        },
        "20213": {
            "year_quarter": 20213,
            "year": 2021,
            "quarter": 3,
            "eps": 1.1,
            "eps_growth_year": 161.9,
            "eps_4q": 2.76,
            "eps_4q_growth_year": -24.25,
            "roe": 5.12,
            "roe_4q": 13.030000000000001,
            "gross_profit": 181279,
            "gross_margin": 42.32,
            "gross_margin_4q_avg": 37.84,
            "net_income": 62232,
            "net_income_4q": null,
            "revenue": 428304,
            "revenue_4q": null,
            "common_shares": 567871,
            "book_valuer_per_share": 21.11,
            "book_valuer_per_share_4q_avg": 21.25,
            "equity": 1189651,
            "current_ratio": 193,
            "debt_ratio": 38.58,
            "inventory_turnover_ratio": 0.51,
            "account_receivable_turnover_ratio": 1.64,
            "reinvestment_rate": 6.8,
            "research_to_sale_ratio": 11.4,
            "price_fair": 143.68,
            "eps_avg_yearly": 4.11,
            "eps_latest_yearly": 4.4,
            "eps_growth_yearly": 49.93
        },
        "20214": {
            "year_quarter": 20214,
            "year": 2021,
            "quarter": 4,
            "eps": 0.87,
            "eps_growth_year": 256.26,
            "eps_4q": 3.38,
            "eps_4q_growth_year": 57.29,
            "roe": 4.02,
            "roe_4q": 15.73,
            "gross_profit": 181639,
            "gross_margin": 38.42,
            "gross_margin_4q_avg": 38.96,
            "net_income": 48818,
            "net_income_4q": null,
            "revenue": 472826,
            "revenue_4q": null,
            "common_shares": 567871,
            "book_valuer_per_share": 21.97,
            "book_valuer_per_share_4q_avg": 21.58,
            "equity": 1238188,
            "current_ratio": 221.71,
            "debt_ratio": 33.42,
            "inventory_turnover_ratio": 0.56,
            "account_receivable_turnover_ratio": 1.68,
            "reinvestment_rate": 6.31,
            "research_to_sale_ratio": 10.38,
            "price_fair": 139.83,
            "eps_avg_yearly": 4,
            "eps_latest_yearly": 3.48,
            "eps_growth_yearly": 51.2
        },
        "20221": {
            "year_quarter": 20221,
            "year": 2022,
            "quarter": 1,
            "eps": 1.77,
            "eps_growth_year": 233.96,
            "eps_4q": 4.62,
            "eps_4q_growth_year": 193.82,
            "roe": 8.31,
            "roe_4q": 21.49,
            "gross_profit": 205319,
            "gross_margin": 41.52,
            "gross_margin_4q_avg": 40.22,
            "net_income": 99852,
            "net_income_4q": null,
            "revenue": 494501,
            "revenue_4q": null,
            "common_shares": 567871,
            "book_valuer_per_share": 20.7,
            "book_valuer_per_share_4q_avg": 21.46,
            "equity": 1164733,
            "current_ratio": 184.88,
            "debt_ratio": 40.83,
            "inventory_turnover_ratio": 0.56,
            "account_receivable_turnover_ratio": 1.6,
            "reinvestment_rate": 5.91,
            "research_to_sale_ratio": 10.12,
            "price_fair": 151.73,
            "eps_avg_yearly": 4.34,
            "eps_latest_yearly": 7.08,
            "eps_growth_yearly": 94.24
        },
        "20222": {
            "year_quarter": 20222,
            "year": 2022,
            "quarter": 2,
            "eps": 1.58,
            "eps_growth_year": 81.61,
            "eps_4q": 5.38,
            "eps_4q_growth_year": 164.63,
            "roe": 7.45,
            "roe_4q": 24.900000000000002,
            "gross_profit": 220148,
            "gross_margin": 41.27,
            "gross_margin_4q_avg": 40.88,
            "net_income": 88705,
            "net_income_4q": null,
            "revenue": 533415,
            "revenue_4q": null,
            "common_shares": 567871,
            "book_valuer_per_share": 21.81,
            "book_valuer_per_share_4q_avg": 21.4,
            "equity": 1215371,
            "current_ratio": 183.91,
            "debt_ratio": 42.8,
            "inventory_turnover_ratio": 0.59,
            "account_receivable_turnover_ratio": 1.62,
            "reinvestment_rate": 5.37,
            "research_to_sale_ratio": 10.58,
            "price_fair": 157.24,
            "eps_avg_yearly": 4.49,
            "eps_latest_yearly": 6.32,
            "eps_growth_yearly": 58.63
        },
        "20223": {
            "year_quarter": 20223,
            "year": 2022,
            "quarter": 3,
            "eps": 1.65,
            "eps_growth_year": 50,
            "eps_4q": 5.92,
            "eps_4q_growth_year": 114.86,
            "roe": 7.34,
            "roe_4q": 27.12,
            "gross_profit": 192172,
            "gross_margin": 37.77,
            "gross_margin_4q_avg": 39.75,
            "net_income": 92593,
            "net_income_4q": null,
            "revenue": 508826,
            "revenue_4q": null,
            "common_shares": 567871,
            "book_valuer_per_share": 23.47,
            "book_valuer_per_share_4q_avg": 21.99,
            "equity": 1307928,
            "current_ratio": 196.78,
            "debt_ratio": 40.95,
            "inventory_turnover_ratio": 0.6,
            "account_receivable_turnover_ratio": 1.76,
            "reinvestment_rate": 5.36,
            "research_to_sale_ratio": 10.97,
            "price_fair": 162.66,
            "eps_avg_yearly": 4.65,
            "eps_latest_yearly": 6.6,
            "eps_growth_yearly": 57.63
        },
        "20224": {
            "year_quarter": 20224,
            "year": 2022,
            "quarter": 4,
            "eps": 0.3,
            "eps_growth_year": -65.84,
            "eps_4q": 5.34,
            "eps_4q_growth_year": 58.07,
            "roe": 1.25,
            "roe_4q": 24.35,
            "gross_profit": 155421,
            "gross_margin": 36.65,
            "gross_margin_4q_avg": 39.3,
            "net_income": 16493,
            "net_income_4q": null,
            "revenue": 424035,
            "revenue_4q": null,
            "common_shares": 567871,
            "book_valuer_per_share": 23.92,
            "book_valuer_per_share_4q_avg": 22.48,
            "equity": 1333176,
            "current_ratio": 201.64,
            "debt_ratio": 39.47,
            "inventory_turnover_ratio": 0.52,
            "account_receivable_turnover_ratio": 1.87,
            "reinvestment_rate": 5.89,
            "research_to_sale_ratio": 11.23,
            "price_fair": 113.98,
            "eps_avg_yearly": 4.26,
            "eps_latest_yearly": 1.2,
            "eps_growth_yearly": 16.79
        },
        "20231": {
            "year_quarter": 20231,
            "year": 2023,
            "quarter": 1,
            "eps": 0.59,
            "eps_growth_year": -66.67,
            "eps_4q": 4.14,
            "eps_4q_growth_year": -10.48,
            "roe": 2.71,
            "roe_4q": 18.75,
            "gross_profit": 143304,
            "gross_margin": 38.08,
            "gross_margin_4q_avg": 38.44,
            "net_income": 32850,
            "net_income_4q": null,
            "revenue": 376300,
            "revenue_4q": null,
            "common_shares": 567871,
            "book_valuer_per_share": 19.57,
            "book_valuer_per_share_4q_avg": 22.19,
            "equity": 1090929,
            "current_ratio": 152.07,
            "debt_ratio": 51.63,
            "inventory_turnover_ratio": 0.42,
            "account_receivable_turnover_ratio": 1.92,
            "reinvestment_rate": 6.92,
            "research_to_sale_ratio": 12.19,
            "price_fair": 140.79,
            "eps_avg_yearly": 4.02,
            "eps_latest_yearly": 2.36,
            "eps_growth_yearly": 45.63
        },
        "20232": {
            "year_quarter": 20232,
            "year": 2023,
            "quarter": 2,
            "eps": -1.2,
            "eps_growth_year": -175.95,
            "eps_4q": 1.35,
            "eps_4q_growth_year": -74.9,
            "roe": -6.3,
            "roe_4q": 5,
            "gross_profit": 127121,
            "gross_margin": 36.06,
            "gross_margin_4q_avg": 37.14,
            "net_income": -66724,
            "net_income_4q": null,
            "revenue": 352532,
            "revenue_4q": null,
            "common_shares": 567871,
            "book_valuer_per_share": 18.42,
            "book_valuer_per_share_4q_avg": 21.35,
            "equity": 1026667,
            "current_ratio": 186.41,
            "debt_ratio": 46.34,
            "inventory_turnover_ratio": 0.38,
            "account_receivable_turnover_ratio": 1.84,
            "reinvestment_rate": 9.02,
            "research_to_sale_ratio": 12.05,
            "price_fair": 134.87,
            "eps_avg_yearly": 3.85,
            "eps_latest_yearly": 2.36,
            "eps_growth_yearly": 46.57
        },
        "20233": {
            "year_quarter": 20233,
            "year": 2023,
            "quarter": 3,
            "eps": 0.75,
            "eps_growth_year": -54.55,
            "eps_4q": 0.44,
            "eps_4q_growth_year": -92.52,
            "roe": 4.01,
            "roe_4q": 1.67,
            "gross_profit": 128691,
            "gross_margin": 34.09,
            "gross_margin_4q_avg": 36.22,
            "net_income": 42066,
            "net_income_4q": null,
            "revenue": 377495,
            "revenue_4q": null,
            "common_shares": 567871,
            "book_valuer_per_share": 19.18,
            "book_valuer_per_share_4q_avg": 20.27,
            "equity": 1069124,
            "current_ratio": 165.14,
            "debt_ratio": 52.75,
            "inventory_turnover_ratio": 0.44,
            "account_receivable_turnover_ratio": 1.86,
            "reinvestment_rate": 8.96,
            "research_to_sale_ratio": 12.59,
            "price_fair": 132.5,
            "eps_avg_yearly": 3.79,
            "eps_latest_yearly": 2.36,
            "eps_growth_yearly": 57.56
        }
    },
    "months": {
        "2007-05": {
            "month": "2007-05",
            "price": "68.91",
            "revenue": 58806
        },
        "2007-06": {
            "month": "2007-06",
            "price": "73.97",
            "revenue": 57458
        },
        "2007-07": {
            "month": "2007-07",
            "price": "70.61",
            "revenue": 58869
        },
        "2007-08": {
            "month": "2007-08",
            "price": "71.63",
            "revenue": 81706
        },
        "2007-09": {
            "month": "2007-09",
            "price": "64.16",
            "revenue": 47463
        },
        "2007-10": {
            "month": "2007-10",
            "price": "57.11",
            "revenue": 77795
        },
        "2007-11": {
            "month": "2007-11",
            "price": "57.89",
            "revenue": 79576
        },
        "2007-12": {
            "month": "2007-12",
            "price": "56.24",
            "revenue": 63231
        },
        "2008-01": {
            "month": "2008-01",
            "price": "54.53",
            "revenue": 62649
        },
        "2008-02": {
            "month": "2008-02",
            "price": "54.68",
            "revenue": 42818
        },
        "2008-03": {
            "month": "2008-03",
            "price": "52.61",
            "revenue": 40664
        },
        "2008-04": {
            "month": "2008-04",
            "price": "52.46",
            "revenue": 57277
        },
        "2008-05": {
            "month": "2008-05",
            "price": "52.41",
            "revenue": 53536
        },
        "2008-06": {
            "month": "2008-06",
            "price": "50.78",
            "revenue": 48349
        },
        "2008-07": {
            "month": "2008-07",
            "price": "47.92",
            "revenue": 53948
        },
        "2008-08": {
            "month": "2008-08",
            "price": "45.93",
            "revenue": 72713
        },
        "2008-09": {
            "month": "2008-09",
            "price": "33.30",
            "revenue": 49250
        },
        "2008-10": {
            "month": "2008-10",
            "price": "21.42",
            "revenue": 66501
        },
        "2008-11": {
            "month": "2008-11",
            "price": "18.38",
            "revenue": 73418
        },
        "2008-12": {
            "month": "2008-12",
            "price": "18.67",
            "revenue": 61732
        },
        "2009-01": {
            "month": "2009-01",
            "price": "20.16",
            "revenue": 43639
        },
        "2009-02": {
            "month": "2009-02",
            "price": "20.31",
            "revenue": 46953
        },
        "2009-03": {
            "month": "2009-03",
            "price": "21.31",
            "revenue": 66107
        },
        "2009-04": {
            "month": "2009-04",
            "price": "29.72",
            "revenue": 48766
        },
        "2009-05": {
            "month": "2009-05",
            "price": "38.87",
            "revenue": 42915
        },
        "2009-06": {
            "month": "2009-06",
            "price": "39.22",
            "revenue": 52122
        },
        "2009-07": {
            "month": "2009-07",
            "price": "40.87",
            "revenue": 54636
        },
        "2009-08": {
            "month": "2009-08",
            "price": "40.80",
            "revenue": 66355
        },
        "2009-09": {
            "month": "2009-09",
            "price": "38.07",
            "revenue": 68327
        },
        "2009-10": {
            "month": "2009-10",
            "price": "37.77",
            "revenue": 82185
        },
        "2009-11": {
            "month": "2009-11",
            "price": "36.57",
            "revenue": 81201
        },
        "2009-12": {
            "month": "2009-12",
            "price": "40.71",
            "revenue": 71749
        },
        "2010-01": {
            "month": "2010-01",
            "price": "38.76",
            "revenue": 66414
        },
        "2010-02": {
            "month": "2010-02",
            "price": "35.38",
            "revenue": 48202
        },
        "2010-03": {
            "month": "2010-03",
            "price": "37.67",
            "revenue": 78599
        },
        "2010-04": {
            "month": "2010-04",
            "price": "39.99",
            "revenue": 67032
        },
        "2010-05": {
            "month": "2010-05",
            "price": "36.37",
            "revenue": 76022
        },
        "2010-06": {
            "month": "2010-06",
            "price": "35.12",
            "revenue": 58666
        },
        "2010-07": {
            "month": "2010-07",
            "price": "33.00",
            "revenue": 69107
        },
        "2010-08": {
            "month": "2010-08",
            "price": "36.01",
            "revenue": 74701
        },
        "2010-09": {
            "month": "2010-09",
            "price": "38.23",
            "revenue": 67168
        },
        "2010-10": {
            "month": "2010-10",
            "price": "36.73",
            "revenue": 77359
        },
        "2010-11": {
            "month": "2010-11",
            "price": "36.46",
            "revenue": 75618
        },
        "2010-12": {
            "month": "2010-12",
            "price": "39.88",
            "revenue": 64139
        },
        "2011-01": {
            "month": "2011-01",
            "price": "39.89",
            "revenue": 65446
        },
        "2011-02": {
            "month": "2011-02",
            "price": "38.85",
            "revenue": 43003
        },
        "2011-03": {
            "month": "2011-03",
            "price": "38.16",
            "revenue": 64865
        },
        "2011-04": {
            "month": "2011-04",
            "price": "38.16",
            "revenue": 57591
        },
        "2011-05": {
            "month": "2011-05",
            "price": "34.82",
            "revenue": 57062
        },
        "2011-06": {
            "month": "2011-06",
            "price": "33.38",
            "revenue": 67215
        },
        "2011-07": {
            "month": "2011-07",
            "price": "29.58",
            "revenue": 75326
        },
        "2011-08": {
            "month": "2011-08",
            "price": "24.53",
            "revenue": 79476
        },
        "2011-09": {
            "month": "2011-09",
            "price": "23.93",
            "revenue": 89151
        },
        "2011-10": {
            "month": "2011-10",
            "price": "26.29",
            "revenue": 73227
        },
        "2011-11": {
            "month": "2011-11",
            "price": "26.96",
            "revenue": 99531
        },
        "2011-12": {
            "month": "2011-12",
            "price": "28.26",
            "revenue": 104742
        },
        "2012-01": {
            "month": "2012-01",
            "price": "29.42",
            "revenue": 66601
        },
        "2012-02": {
            "month": "2012-02",
            "price": "32.92",
            "revenue": 76635
        },
        "2012-03": {
            "month": "2012-03",
            "price": "35.40",
            "revenue": 88631
        },
        "2012-04": {
            "month": "2012-04",
            "price": "32.96",
            "revenue": 77148
        },
        "2012-05": {
            "month": "2012-05",
            "price": "32.12",
            "revenue": 58902
        },
        "2012-06": {
            "month": "2012-06",
            "price": "30.22",
            "revenue": 73551
        },
        "2012-07": {
            "month": "2012-07",
            "price": "29.93",
            "revenue": 93596
        },
        "2012-08": {
            "month": "2012-08",
            "price": "30.63",
            "revenue": 95003
        },
        "2012-09": {
            "month": "2012-09",
            "price": "31.04",
            "revenue": 79169
        },
        "2012-10": {
            "month": "2012-10",
            "price": "29.85",
            "revenue": 89374
        },
        "2012-11": {
            "month": "2012-11",
            "price": "27.74",
            "revenue": 101227
        },
        "2012-12": {
            "month": "2012-12",
            "price": "28.14",
            "revenue": 113875
        },
        "2013-01": {
            "month": "2013-01",
            "price": "29.98",
            "revenue": 93129
        },
        "2013-02": {
            "month": "2013-02",
            "price": "30.43",
            "revenue": 62229
        },
        "2013-03": {
            "month": "2013-03",
            "price": "30.72",
            "revenue": 86547
        },
        "2013-04": {
            "month": "2013-04",
            "price": "31.89",
            "revenue": 87153
        },
        "2013-05": {
            "month": "2013-05",
            "price": "31.95",
            "revenue": 76740
        },
        "2013-06": {
            "month": "2013-06",
            "price": "32.93",
            "revenue": 94374
        },
        "2013-07": {
            "month": "2013-07",
            "price": "31.12",
            "revenue": 92606
        },
        "2013-08": {
            "month": "2013-08",
            "price": "30.79",
            "revenue": 85943
        },
        "2013-09": {
            "month": "2013-09",
            "price": "32.48",
            "revenue": 93517
        },
        "2013-10": {
            "month": "2013-10",
            "price": "33.00",
            "revenue": 110007
        },
        "2013-11": {
            "month": "2013-11",
            "price": "35.66",
            "revenue": 96804
        },
        "2013-12": {
            "month": "2013-12",
            "price": "47.60",
            "revenue": 101410
        },
        "2014-01": {
            "month": "2014-01",
            "price": "49.00",
            "revenue": 128828
        },
        "2014-02": {
            "month": "2014-02",
            "price": "65.44",
            "revenue": 80480
        },
        "2014-03": {
            "month": "2014-03",
            "price": "80.13",
            "revenue": 108970
        },
        "2014-04": {
            "month": "2014-04",
            "price": "93.98",
            "revenue": 123170
        },
        "2014-05": {
            "month": "2014-05",
            "price": "104.36",
            "revenue": 108123
        },
        "2014-06": {
            "month": "2014-06",
            "price": "127.05",
            "revenue": 98758
        },
        "2014-07": {
            "month": "2014-07",
            "price": "163.59",
            "revenue": 160447
        },
        "2014-08": {
            "month": "2014-08",
            "price": "147.14",
            "revenue": 175412
        },
        "2014-09": {
            "month": "2014-09",
            "price": "153.36",
            "revenue": 138360
        },
        "2014-10": {
            "month": "2014-10",
            "price": "124.89",
            "revenue": 141226
        },
        "2014-11": {
            "month": "2014-11",
            "price": "128.38",
            "revenue": 132218
        },
        "2014-12": {
            "month": "2014-12",
            "price": "137.17",
            "revenue": 123945
        },
        "2015-01": {
            "month": "2015-01",
            "price": "129.60",
            "revenue": 115148
        },
        "2015-02": {
            "month": "2015-02",
            "price": "117.81",
            "revenue": 99994
        },
        "2015-03": {
            "month": "2015-03",
            "price": "131.32",
            "revenue": 126057
        },
        "2015-04": {
            "month": "2015-04",
            "price": "131.15",
            "revenue": 118464
        },
        "2015-05": {
            "month": "2015-05",
            "price": "113.55",
            "revenue": 88258
        },
        "2015-06": {
            "month": "2015-06",
            "price": "93.50",
            "revenue": 102501
        },
        "2015-07": {
            "month": "2015-07",
            "price": "83.64",
            "revenue": 107692
        },
        "2015-08": {
            "month": "2015-08",
            "price": "56.61",
            "revenue": 106051
        },
        "2015-09": {
            "month": "2015-09",
            "price": "59.54",
            "revenue": 140313
        },
        "2015-10": {
            "month": "2015-10",
            "price": "84.66",
            "revenue": 128283
        },
        "2015-11": {
            "month": "2015-11",
            "price": "74.13",
            "revenue": 126115
        },
        "2015-12": {
            "month": "2015-12",
            "price": "65.75",
            "revenue": 126906
        },
        "2016-01": {
            "month": "2016-01",
            "price": "71.46",
            "revenue": 128773
        },
        "2016-02": {
            "month": "2016-02",
            "price": "85.29",
            "revenue": 98437
        },
        "2016-03": {
            "month": "2016-03",
            "price": "89.80",
            "revenue": 137732
        },
        "2016-04": {
            "month": "2016-04",
            "price": "85.50",
            "revenue": 169248
        },
        "2016-05": {
            "month": "2016-05",
            "price": "84.60",
            "revenue": 149626
        },
        "2016-06": {
            "month": "2016-06",
            "price": "92.43",
            "revenue": 157268
        },
        "2016-07": {
            "month": "2016-07",
            "price": "136.20",
            "revenue": 137390
        },
        "2016-08": {
            "month": "2016-08",
            "price": "153.07",
            "revenue": 211895
        },
        "2016-09": {
            "month": "2016-09",
            "price": "162.16",
            "revenue": 138510
        },
        "2016-10": {
            "month": "2016-10",
            "price": "135.30",
            "revenue": 123929
        },
        "2016-11": {
            "month": "2016-11",
            "price": "121.84",
            "revenue": 188173
        },
        "2016-12": {
            "month": "2016-12",
            "price": "130.20",
            "revenue": 190878
        },
        "2017-01": {
            "month": "2017-01",
            "price": "132.41",
            "revenue": 184807
        },
        "2017-02": {
            "month": "2017-02",
            "price": "135.31",
            "revenue": 153544
        },
        "2017-03": {
            "month": "2017-03",
            "price": "159.46",
            "revenue": 188093
        },
        "2017-04": {
            "month": "2017-04",
            "price": "149.53",
            "revenue": 173679
        },
        "2017-05": {
            "month": "2017-05",
            "price": "154.00",
            "revenue": 146856
        },
        "2017-06": {
            "month": "2017-06",
            "price": "157.57",
            "revenue": 209290
        },
        "2017-07": {
            "month": "2017-07",
            "price": "162.83",
            "revenue": 244323
        },
        "2017-08": {
            "month": "2017-08",
            "price": "144.35",
            "revenue": 198547
        },
        "2017-09": {
            "month": "2017-09",
            "price": "131.55",
            "revenue": 161888
        },
        "2017-10": {
            "month": "2017-10",
            "price": "125.34",
            "revenue": 173814
        },
        "2017-11": {
            "month": "2017-11",
            "price": "119.34",
            "revenue": 184796
        },
        "2017-12": {
            "month": "2017-12",
            "price": "107.39",
            "revenue": 164565
        },
        "2018-01": {
            "month": "2018-01",
            "price": "94.34",
            "revenue": 126576
        },
        "2018-02": {
            "month": "2018-02",
            "price": "85.58",
            "revenue": 133870
        },
        "2018-03": {
            "month": "2018-03",
            "price": "83.85",
            "revenue": 146182
        },
        "2018-04": {
            "month": "2018-04",
            "price": "74.99",
            "revenue": 146971
        },
        "2018-05": {
            "month": "2018-05",
            "price": "69.04",
            "revenue": 145034
        },
        "2018-06": {
            "month": "2018-06",
            "price": "69.80",
            "revenue": 117083
        },
        "2018-07": {
            "month": "2018-07",
            "price": "59.18",
            "revenue": 144738
        },
        "2018-08": {
            "month": "2018-08",
            "price": "63.53",
            "revenue": 127446
        },
        "2018-09": {
            "month": "2018-09",
            "price": "58.83",
            "revenue": 189280
        },
        "2018-10": {
            "month": "2018-10",
            "price": "59.06",
            "revenue": 196751
        },
        "2018-11": {
            "month": "2018-11",
            "price": "65.00",
            "revenue": 210368
        },
        "2018-12": {
            "month": "2018-12",
            "price": "70.34",
            "revenue": 191530
        },
        "2019-01": {
            "month": "2019-01",
            "price": "72.38",
            "revenue": 240715
        },
        "2019-02": {
            "month": "2019-02",
            "price": "81.84",
            "revenue": 169966
        },
        "2019-03": {
            "month": "2019-03",
            "price": "88.88",
            "revenue": 167919
        },
        "2019-04": {
            "month": "2019-04",
            "price": "88.25",
            "revenue": 215457
        },
        "2019-05": {
            "month": "2019-05",
            "price": "85.98",
            "revenue": 184793
        },
        "2019-06": {
            "month": "2019-06",
            "price": "88.57",
            "revenue": 153686
        },
        "2019-07": {
            "month": "2019-07",
            "price": "86.35",
            "revenue": 146427
        },
        "2019-08": {
            "month": "2019-08",
            "price": "79.37",
            "revenue": 150826
        },
        "2019-09": {
            "month": "2019-09",
            "price": "81.08",
            "revenue": 179941
        },
        "2019-10": {
            "month": "2019-10",
            "price": "80.45",
            "revenue": 220424
        },
        "2019-11": {
            "month": "2019-11",
            "price": "85.85",
            "revenue": 219929
        },
        "2019-12": {
            "month": "2019-12",
            "price": "85.22",
            "revenue": 189160
        },
        "2020-01": {
            "month": "2020-01",
            "price": "82.73",
            "revenue": 169633
        },
        "2020-02": {
            "month": "2020-02",
            "price": "79.47",
            "revenue": 176317
        },
        "2020-03": {
            "month": "2020-03",
            "price": "68.40",
            "revenue": 170453
        },
        "2020-04": {
            "month": "2020-04",
            "price": "73.19",
            "revenue": 156398
        },
        "2020-05": {
            "month": "2020-05",
            "price": "75.68",
            "revenue": 167900
        },
        "2020-06": {
            "month": "2020-06",
            "price": "78.52",
            "revenue": 141256
        },
        "2020-07": {
            "month": "2020-07",
            "price": "77.75",
            "revenue": 111270
        },
        "2020-08": {
            "month": "2020-08",
            "price": "65.62",
            "revenue": 122874
        },
        "2020-09": {
            "month": "2020-09",
            "price": "61.75",
            "revenue": 113981
        },
        "2020-10": {
            "month": "2020-10",
            "price": "59.46",
            "revenue": 104257
        },
        "2020-11": {
            "month": "2020-11",
            "price": "59.99",
            "revenue": 112678
        },
        "2020-12": {
            "month": "2020-12",
            "price": "57.55",
            "revenue": 111902
        },
        "2021-01": {
            "month": "2021-01",
            "price": "53.64",
            "revenue": 116507
        },
        "2021-02": {
            "month": "2021-02",
            "price": "51.58",
            "revenue": 125497
        },
        "2021-03": {
            "month": "2021-03",
            "price": "55.39",
            "revenue": 127558
        },
        "2021-04": {
            "month": "2021-04",
            "price": "52.35",
            "revenue": 129193
        },
        "2021-05": {
            "month": "2021-05",
            "price": "45.64",
            "revenue": 129233
        },
        "2021-06": {
            "month": "2021-06",
            "price": "49.77",
            "revenue": 131638
        },
        "2021-07": {
            "month": "2021-07",
            "price": "50.80",
            "revenue": 138750
        },
        "2021-08": {
            "month": "2021-08",
            "price": "52.74",
            "revenue": 142826
        },
        "2021-09": {
            "month": "2021-09",
            "price": "58.28",
            "revenue": 146771
        },
        "2021-10": {
            "month": "2021-10",
            "price": "60.38",
            "revenue": 154455
        },
        "2021-11": {
            "month": "2021-11",
            "price": "61.61",
            "revenue": 156406
        },
        "2021-12": {
            "month": "2021-12",
            "price": "61.75",
            "revenue": 162198
        },
        "2022-01": {
            "month": "2022-01",
            "price": "61.20",
            "revenue": 166157
        },
        "2022-02": {
            "month": "2022-02",
            "price": "64.00",
            "revenue": 134570
        },
        "2022-03": {
            "month": "2022-03",
            "price": "60.23",
            "revenue": 193777
        },
        "2022-04": {
            "month": "2022-04",
            "price": "69.42",
            "revenue": 176148
        },
        "2022-05": {
            "month": "2022-05",
            "price": "68.29",
            "revenue": 177487
        },
        "2022-06": {
            "month": "2022-06",
            "price": "63.94",
            "revenue": 179797
        },
        "2022-07": {
            "month": "2022-07",
            "price": "59.80",
            "revenue": 158380
        },
        "2022-08": {
            "month": "2022-08",
            "price": "59.62",
            "revenue": 184642
        },
        "2022-09": {
            "month": "2022-09",
            "price": "56.87",
            "revenue": 165818
        },
        "2022-10": {
            "month": "2022-10",
            "price": "51.77",
            "revenue": 146056
        },
        "2022-11": {
            "month": "2022-11",
            "price": "55.49",
            "revenue": 132842
        },
        "2022-12": {
            "month": "2022-12",
            "price": "53.79",
            "revenue": 145130
        },
        "2023-01": {
            "month": "2023-01",
            "price": "54.01",
            "revenue": 100885
        },
        "2023-02": {
            "month": "2023-02",
            "price": "56.32",
            "revenue": 128143
        },
        "2023-03": {
            "month": "2023-03",
            "price": "58.28",
            "revenue": 147276
        },
        "2023-04": {
            "month": "2023-04",
            "price": "60.32",
            "revenue": 104297
        },
        "2023-05": {
            "month": "2023-05",
            "price": "59.12",
            "revenue": 120323
        },
        "2023-06": {
            "month": "2023-06",
            "price": "55.80",
            "revenue": 127867
        },
        "2023-07": {
            "month": "2023-07",
            "price": "50.80",
            "revenue": 114011
        },
        "2023-08": {
            "month": "2023-08",
            "price": "41.60",
            "revenue": 154776
        },
        "2023-09": {
            "month": "2023-09",
            "price": "41.72",
            "revenue": 108622
        },
        "2023-10": {
            "month": "2023-10",
            "price": "39.45",
            "revenue": 86866
        },
        "2023-11": {
            "month": "2023-11",
            "price": "37.38",
            "revenue": 72881
        },
        "2023-12": {
            "month": "2023-12",
            "price": "39.73",
            "revenue": 77017
        }
    }
}
