{
    "summary": {
        "stock_name": "州巧",
        "stock_id": "3543",
        "category": "光電",
        "main_business": "光電電子零組件、模具、金屬傢俱及醫療用品製造加工與進出口業務",
        "website_url": "http://www.jochu.com/",
        "ceo": "李樹宗",
        "pe_ratio": -89,
        "report_year_from": 2006,
        "report_year_to": 2023,
        "age": 17,
        "eps_negative_percentage": 75,
        "eps_growth_avg": {
            "last_all": -100,
            "last_2y": null,
            "last_4y": null,
            "last_8y": null,
            "last_12y": null,
            "last_16y": null,
            "last_20y": null,
            "at_2006_last_3y": null,
            "at_2007_last_3y": null,
            "at_2008_last_3y": null,
            "at_2009_last_3y": null,
            "at_2010_last_3y": null,
            "at_2011_last_3y": null,
            "at_2012_last_3y": null,
            "at_2013_last_3y": null,
            "at_2014_last_3y": null,
            "at_2015_last_3y": null,
            "at_2016_last_3y": null,
            "at_2017_last_3y": null,
            "at_2018_last_3y": null,
            "at_2019_last_3y": null,
            "at_2020_last_3y": null,
            "at_2021_last_3y": null,
            "at_2022_last_3y": null,
            "at_2023_last_3y": null,
            "at_2006_last_all": null,
            "at_2007_last_all": null,
            "at_2008_last_all": null,
            "at_2009_last_all": null,
            "at_2010_last_all": null,
            "at_2011_last_all": null,
            "at_2012_last_all": null,
            "at_2013_last_all": null,
            "at_2014_last_all": null,
            "at_2015_last_all": null,
            "at_2016_last_all": null,
            "at_2017_last_all": null,
            "at_2018_last_all": null,
            "at_2019_last_all": null,
            "at_2020_last_all": null,
            "at_2021_last_all": null,
            "at_2022_last_all": -100,
            "at_2023_last_all": -100
        },
        "latest_eps": -0.24,
        "latest_price": 21.35,
        "latest_roe": -0.93,
        "latest_gross_margin": 16.75,
        "latest_equity": 2954074,
        "latest_revenue": 696557,
        "latest_gross_profit": 116696,
        "latest_net_income": -14457,
        "latest_debt_ratio": 34.92,
        "latest_current_ratio": 373.1,
        "latest_account_receivable_turnover_ratio": 0.69,
        "latest_inventory_turnover_ratio": 2.44,
        "latest_reinvestment_rate": null,
        "latest_research_to_sale_ratio": 1.42
    },
    "eps_dividends": {
        "2001": {
            "cash": 0,
            "stock": 0,
            "eps": 0
        },
        "2002": {
            "cash": 0,
            "stock": 0,
            "eps": 0
        },
        "2003": {
            "cash": 0,
            "stock": 0,
            "eps": 0
        },
        "2004": {
            "cash": 0,
            "stock": 0,
            "eps": 0
        },
        "2005": {
            "cash": 0,
            "stock": 0,
            "eps": 0
        },
        "2006": {
            "cash": 0,
            "stock": 0,
            "eps": 0
        },
        "2007": {
            "cash": 2.65,
            "stock": 1.35,
            "eps": 0
        },
        "2008": {
            "cash": 0,
            "stock": 0,
            "eps": 0
        },
        "2009": {
            "cash": 1.2,
            "stock": 0,
            "eps": 0
        },
        "2010": {
            "cash": 4.45,
            "stock": 0,
            "eps": 0
        },
        "2011": {
            "cash": 2.2,
            "stock": 0,
            "eps": 0
        },
        "2012": {
            "cash": 0.5,
            "stock": 0,
            "eps": 0
        },
        "2013": {
            "cash": 0,
            "stock": 0,
            "eps": 0
        },
        "2014": {
            "cash": 0.2,
            "stock": 0,
            "eps": 0
        },
        "2015": {
            "cash": 0.2,
            "stock": 0,
            "eps": 0
        },
        "2016": {
            "cash": 0.5,
            "stock": 0,
            "eps": 0
        },
        "2017": {
            "cash": 0.6,
            "stock": 0,
            "eps": 0
        },
        "2018": {
            "cash": 0.5,
            "stock": 0,
            "eps": 0
        },
        "2019": {
            "cash": 0.6,
            "stock": 0,
            "eps": 0
        },
        "2020": {
            "cash": 0.8,
            "stock": 0,
            "eps": -4.38
        },
        "2021": {
            "cash": 1.2,
            "stock": 0,
            "eps": 1.99
        },
        "2022": {
            "cash": 1.2,
            "stock": 0,
            "eps": -0.55
        },
        "2023": {
            "cash": 1,
            "stock": 0,
            "eps": -0.13
        }
    },
    "dividends": {
        "2007-04-02": {
            "cash": 2.65,
            "stock": 1.35
        },
        "2009-05-07": {
            "cash": 1.2,
            "stock": 0
        },
        "2010-04-29": {
            "cash": 4.45,
            "stock": 0
        },
        "2011-04-14": {
            "cash": 2.2,
            "stock": 0
        },
        "2012-05-14": {
            "cash": 0.5,
            "stock": 0
        },
        "2014-08-15": {
            "cash": 0.2,
            "stock": 0
        },
        "2015-09-03": {
            "cash": 0.2,
            "stock": 0
        },
        "2016-08-15": {
            "cash": 0.5,
            "stock": 0
        },
        "2017-08-15": {
            "cash": 0.6,
            "stock": 0
        },
        "2018-08-15": {
            "cash": 0.5,
            "stock": 0
        },
        "2019-08-15": {
            "cash": 0.6,
            "stock": 0
        },
        "2020-08-14": {
            "cash": 0.8,
            "stock": 0
        },
        "2021-08-26": {
            "cash": 1.2,
            "stock": 0
        },
        "2022-07-08": {
            "cash": 1.2,
            "stock": 0
        },
        "2023-07-10": {
            "cash": 1,
            "stock": 0
        }
    },
    "prices": {
        "200101": "無",
        "200102": "無",
        "200103": "無",
        "200104": "無",
        "200105": "無",
        "200106": "無",
        "200107": "無",
        "200108": "無",
        "200109": "無",
        "200110": "無",
        "200111": "無",
        "200112": "無",
        "200201": "無",
        "200202": "無",
        "200203": "無",
        "200204": "無",
        "200205": "無",
        "200206": "無",
        "200207": "無",
        "200208": "無",
        "200209": "無",
        "200210": "無",
        "200211": "無",
        "200212": "無",
        "200301": "無",
        "200302": "無",
        "200303": "無",
        "200304": "無",
        "200305": "無",
        "200306": "無",
        "200307": "無",
        "200308": "無",
        "200309": "無",
        "200310": "無",
        "200311": "無",
        "200312": "無",
        "200401": "無",
        "200402": "無",
        "200403": "無",
        "200404": "無",
        "200405": "無",
        "200406": "無",
        "200407": "無",
        "200408": "無",
        "200409": "無",
        "200410": "無",
        "200411": "無",
        "200412": "無",
        "200501": "無",
        "200502": "無",
        "200503": "無",
        "200504": "無",
        "200505": "無",
        "200506": "無",
        "200507": "無",
        "200508": "無",
        "200509": "無",
        "200510": "無",
        "200511": "無",
        "200512": "無",
        "200601": "無",
        "200602": "無",
        "200603": "無",
        "200604": "無",
        "200605": "無",
        "200606": "無",
        "200607": "無",
        "200608": "無",
        "200609": "無",
        "200610": "無",
        "200611": "121.56",
        "200612": "114.51",
        "200701": "104.32",
        "200702": "98.64",
        "200703": "90.50",
        "200704": "80.91",
        "200705": "81.33",
        "200706": "82.90",
        "200707": "66.98",
        "200708": "51.37",
        "200709": "37.13",
        "200710": "36.98",
        "200711": "34.07",
        "200712": "30.92",
        "200801": "25.15",
        "200802": "22.76",
        "200803": "23.83",
        "200804": "22.78",
        "200805": "27.99",
        "200806": "28.70",
        "200807": "23.72",
        "200808": "23.74",
        "200809": "21.45",
        "200810": "14.06",
        "200811": "7.88",
        "200812": "6.49",
        "200901": "6.39",
        "200902": "8.14",
        "200903": "10.45",
        "200904": "16.47",
        "200905": "29.65",
        "200906": "31.34",
        "200907": "39.54",
        "200908": "54.87",
        "200909": "65.63",
        "200910": "55.42",
        "200911": "49.86",
        "200912": "58.46",
        "201001": "57.99",
        "201002": "56.68",
        "201003": "50.86",
        "201004": "42.49",
        "201005": "43.78",
        "201006": "44.37",
        "201007": "42.63",
        "201008": "40.11",
        "201009": "36.06",
        "201010": "32.01",
        "201011": "30.83",
        "201012": "35.43",
        "201101": "39.08",
        "201102": "40.56",
        "201103": "39.00",
        "201104": "38.64",
        "201105": "37.12",
        "201106": "35.08",
        "201107": "28.35",
        "201108": "20.73",
        "201109": "22.56",
        "201110": "20.38",
        "201111": "19.15",
        "201112": "17.30",
        "201201": "16.87",
        "201202": "18.83",
        "201203": "17.62",
        "201204": "15.61",
        "201205": "13.40",
        "201206": "12.34",
        "201207": "12.17",
        "201208": "11.73",
        "201209": "13.46",
        "201210": "12.29",
        "201211": "10.97",
        "201212": "11.24",
        "201301": "11.04",
        "201302": "10.99",
        "201303": "11.46",
        "201304": "11.96",
        "201305": "11.05",
        "201306": "10.99",
        "201307": "10.78",
        "201308": "9.80",
        "201309": "9.21",
        "201310": "9.80",
        "201311": "11.05",
        "201312": "12.44",
        "201401": "12.31",
        "201402": "12.21",
        "201403": "12.37",
        "201404": "10.90",
        "201405": "10.46",
        "201406": "10.07",
        "201407": "11.32",
        "201408": "11.88",
        "201409": "10.16",
        "201410": "9.89",
        "201411": "9.89",
        "201412": "10.03",
        "201501": "11.80",
        "201502": "11.97",
        "201503": "12.08",
        "201504": "11.11",
        "201505": "11.30",
        "201506": "11.77",
        "201507": "12.18",
        "201508": "10.52",
        "201509": "10.83",
        "201510": "10.85",
        "201511": "10.68",
        "201512": "10.30",
        "201601": "9.94",
        "201602": "10.14",
        "201603": "10.27",
        "201604": "10.51",
        "201605": "10.66",
        "201606": "10.83",
        "201607": "10.85",
        "201608": "11.14",
        "201609": "12.94",
        "201610": "13.16",
        "201611": "13.01",
        "201612": "13.96",
        "201701": "13.92",
        "201702": "14.73",
        "201703": "14.14",
        "201704": "12.56",
        "201705": "12.34",
        "201706": "12.26",
        "201707": "11.84",
        "201708": "11.62",
        "201709": "15.38",
        "201710": "19.35",
        "201711": "24.48",
        "201712": "21.47",
        "201801": "17.65",
        "201802": "15.89",
        "201803": "14.87",
        "201804": "16.22",
        "201805": "15.89",
        "201806": "15.02",
        "201807": "14.54",
        "201808": "14.74",
        "201809": "15.22",
        "201810": "14.24",
        "201811": "13.50",
        "201812": "14.96",
        "201901": "14.54",
        "201902": "16.22",
        "201903": "17.98",
        "201904": "17.06",
        "201905": "17.20",
        "201906": "16.39",
        "201907": "15.99",
        "201908": "16.16",
        "201909": "17.27",
        "201910": "18.55",
        "201911": "20.04",
        "201912": "21.96",
        "202001": "23.90",
        "202002": "22.53",
        "202003": "19.14",
        "202004": "19.77",
        "202005": "17.80",
        "202006": "17.34",
        "202007": "17.62",
        "202008": "17.11",
        "202009": "18.60",
        "202010": "22.83",
        "202011": "23.21",
        "202012": "27.98",
        "202101": "30.70",
        "202102": "29.75",
        "202103": "30.06",
        "202104": "29.94",
        "202105": "27.67",
        "202106": "27.67",
        "202107": "28.39",
        "202108": "27.64",
        "202109": "27.62",
        "202110": "27.72",
        "202111": "27.41",
        "202112": "26.75",
        "202201": "25.72",
        "202202": "23.61",
        "202203": "23.21",
        "202204": "22.85",
        "202205": "21.50",
        "202206": "21.02",
        "202207": "19.36",
        "202208": "19.58",
        "202209": "20.45",
        "202210": "20.08",
        "202211": "19.82",
        "202212": "19.73",
        "202301": "19.57",
        "202302": "19.88",
        "202303": "20.22",
        "202304": "21.63",
        "202305": "21.57"
    },
    "quarters": {
        "20011": {
            "year_quarter": 20011,
            "year": 2001,
            "quarter": 1,
            "eps": null,
            "eps_growth_year": null,
            "eps_4q": null,
            "eps_4q_growth_year": null,
            "roe": null,
            "roe_4q": 0,
            "gross_profit": null,
            "gross_margin": null,
            "gross_margin_4q_avg": 0,
            "net_income": null,
            "revenue": null,
            "common_shares": null,
            "book_valuer_per_share": null,
            "book_valuer_per_share_4q_avg": 0,
            "equity": null,
            "current_ratio": null,
            "debt_ratio": null,
            "inventory_turnover_ratio": null,
            "account_receivable_turnover_ratio": null,
            "reinvestment_rate": null,
            "research_to_sale_ratio": null,
            "price_fair": 0,
            "eps_avg_yearly": 0,
            "eps_latest_yearly": 0,
            "eps_growth_yearly": 0
        },
        "20012": {
            "year_quarter": 20012,
            "year": 2001,
            "quarter": 2,
            "eps": null,
            "eps_growth_year": null,
            "eps_4q": null,
            "eps_4q_growth_year": null,
            "roe": null,
            "roe_4q": 0,
            "gross_profit": null,
            "gross_margin": null,
            "gross_margin_4q_avg": 0,
            "net_income": null,
            "revenue": null,
            "common_shares": null,
            "book_valuer_per_share": null,
            "book_valuer_per_share_4q_avg": 0,
            "equity": null,
            "current_ratio": null,
            "debt_ratio": null,
            "inventory_turnover_ratio": null,
            "account_receivable_turnover_ratio": null,
            "reinvestment_rate": null,
            "research_to_sale_ratio": null,
            "price_fair": 0,
            "eps_avg_yearly": 0,
            "eps_latest_yearly": 0,
            "eps_growth_yearly": 0
        },
        "20013": {
            "year_quarter": 20013,
            "year": 2001,
            "quarter": 3,
            "eps": null,
            "eps_growth_year": null,
            "eps_4q": null,
            "eps_4q_growth_year": null,
            "roe": null,
            "roe_4q": 0,
            "gross_profit": null,
            "gross_margin": null,
            "gross_margin_4q_avg": 0,
            "net_income": null,
            "revenue": null,
            "common_shares": null,
            "book_valuer_per_share": null,
            "book_valuer_per_share_4q_avg": 0,
            "equity": null,
            "current_ratio": null,
            "debt_ratio": null,
            "inventory_turnover_ratio": null,
            "account_receivable_turnover_ratio": null,
            "reinvestment_rate": null,
            "research_to_sale_ratio": null,
            "price_fair": 0,
            "eps_avg_yearly": 0,
            "eps_latest_yearly": 0,
            "eps_growth_yearly": 0
        },
        "20014": {
            "year_quarter": 20014,
            "year": 2001,
            "quarter": 4,
            "eps": null,
            "eps_growth_year": null,
            "eps_4q": null,
            "eps_4q_growth_year": null,
            "roe": null,
            "roe_4q": 0,
            "gross_profit": null,
            "gross_margin": null,
            "gross_margin_4q_avg": 0,
            "net_income": null,
            "revenue": null,
            "common_shares": null,
            "book_valuer_per_share": null,
            "book_valuer_per_share_4q_avg": 0,
            "equity": null,
            "current_ratio": null,
            "debt_ratio": null,
            "inventory_turnover_ratio": null,
            "account_receivable_turnover_ratio": null,
            "reinvestment_rate": null,
            "research_to_sale_ratio": null,
            "price_fair": 0,
            "eps_avg_yearly": 0,
            "eps_latest_yearly": 0,
            "eps_growth_yearly": 0
        },
        "20021": {
            "year_quarter": 20021,
            "year": 2002,
            "quarter": 1,
            "eps": null,
            "eps_growth_year": null,
            "eps_4q": null,
            "eps_4q_growth_year": null,
            "roe": null,
            "roe_4q": 0,
            "gross_profit": null,
            "gross_margin": null,
            "gross_margin_4q_avg": 0,
            "net_income": null,
            "revenue": null,
            "common_shares": null,
            "book_valuer_per_share": null,
            "book_valuer_per_share_4q_avg": 0,
            "equity": null,
            "current_ratio": null,
            "debt_ratio": null,
            "inventory_turnover_ratio": null,
            "account_receivable_turnover_ratio": null,
            "reinvestment_rate": null,
            "research_to_sale_ratio": null,
            "price_fair": 0,
            "eps_avg_yearly": 0,
            "eps_latest_yearly": 0,
            "eps_growth_yearly": 0
        },
        "20022": {
            "year_quarter": 20022,
            "year": 2002,
            "quarter": 2,
            "eps": null,
            "eps_growth_year": null,
            "eps_4q": null,
            "eps_4q_growth_year": null,
            "roe": null,
            "roe_4q": 0,
            "gross_profit": null,
            "gross_margin": null,
            "gross_margin_4q_avg": 0,
            "net_income": null,
            "revenue": null,
            "common_shares": null,
            "book_valuer_per_share": null,
            "book_valuer_per_share_4q_avg": 0,
            "equity": null,
            "current_ratio": null,
            "debt_ratio": null,
            "inventory_turnover_ratio": null,
            "account_receivable_turnover_ratio": null,
            "reinvestment_rate": null,
            "research_to_sale_ratio": null,
            "price_fair": 0,
            "eps_avg_yearly": 0,
            "eps_latest_yearly": 0,
            "eps_growth_yearly": 0
        },
        "20023": {
            "year_quarter": 20023,
            "year": 2002,
            "quarter": 3,
            "eps": null,
            "eps_growth_year": null,
            "eps_4q": null,
            "eps_4q_growth_year": null,
            "roe": null,
            "roe_4q": 0,
            "gross_profit": null,
            "gross_margin": null,
            "gross_margin_4q_avg": 0,
            "net_income": null,
            "revenue": null,
            "common_shares": null,
            "book_valuer_per_share": null,
            "book_valuer_per_share_4q_avg": 0,
            "equity": null,
            "current_ratio": null,
            "debt_ratio": null,
            "inventory_turnover_ratio": null,
            "account_receivable_turnover_ratio": null,
            "reinvestment_rate": null,
            "research_to_sale_ratio": null,
            "price_fair": 0,
            "eps_avg_yearly": 0,
            "eps_latest_yearly": 0,
            "eps_growth_yearly": 0
        },
        "20024": {
            "year_quarter": 20024,
            "year": 2002,
            "quarter": 4,
            "eps": null,
            "eps_growth_year": null,
            "eps_4q": null,
            "eps_4q_growth_year": null,
            "roe": null,
            "roe_4q": 0,
            "gross_profit": null,
            "gross_margin": null,
            "gross_margin_4q_avg": 0,
            "net_income": null,
            "revenue": null,
            "common_shares": null,
            "book_valuer_per_share": null,
            "book_valuer_per_share_4q_avg": 0,
            "equity": null,
            "current_ratio": null,
            "debt_ratio": null,
            "inventory_turnover_ratio": null,
            "account_receivable_turnover_ratio": null,
            "reinvestment_rate": null,
            "research_to_sale_ratio": null,
            "price_fair": 0,
            "eps_avg_yearly": 0,
            "eps_latest_yearly": 0,
            "eps_growth_yearly": 0
        },
        "20031": {
            "year_quarter": 20031,
            "year": 2003,
            "quarter": 1,
            "eps": null,
            "eps_growth_year": null,
            "eps_4q": null,
            "eps_4q_growth_year": null,
            "roe": null,
            "roe_4q": 0,
            "gross_profit": null,
            "gross_margin": null,
            "gross_margin_4q_avg": 0,
            "net_income": null,
            "revenue": null,
            "common_shares": null,
            "book_valuer_per_share": null,
            "book_valuer_per_share_4q_avg": 0,
            "equity": null,
            "current_ratio": null,
            "debt_ratio": null,
            "inventory_turnover_ratio": null,
            "account_receivable_turnover_ratio": null,
            "reinvestment_rate": null,
            "research_to_sale_ratio": null,
            "price_fair": 0,
            "eps_avg_yearly": 0,
            "eps_latest_yearly": 0,
            "eps_growth_yearly": 0
        },
        "20032": {
            "year_quarter": 20032,
            "year": 2003,
            "quarter": 2,
            "eps": null,
            "eps_growth_year": null,
            "eps_4q": null,
            "eps_4q_growth_year": null,
            "roe": null,
            "roe_4q": 0,
            "gross_profit": null,
            "gross_margin": null,
            "gross_margin_4q_avg": 0,
            "net_income": null,
            "revenue": null,
            "common_shares": null,
            "book_valuer_per_share": null,
            "book_valuer_per_share_4q_avg": 0,
            "equity": null,
            "current_ratio": null,
            "debt_ratio": null,
            "inventory_turnover_ratio": null,
            "account_receivable_turnover_ratio": null,
            "reinvestment_rate": null,
            "research_to_sale_ratio": null,
            "price_fair": 0,
            "eps_avg_yearly": 0,
            "eps_latest_yearly": 0,
            "eps_growth_yearly": 0
        },
        "20033": {
            "year_quarter": 20033,
            "year": 2003,
            "quarter": 3,
            "eps": null,
            "eps_growth_year": null,
            "eps_4q": null,
            "eps_4q_growth_year": null,
            "roe": null,
            "roe_4q": 0,
            "gross_profit": null,
            "gross_margin": null,
            "gross_margin_4q_avg": 0,
            "net_income": null,
            "revenue": null,
            "common_shares": null,
            "book_valuer_per_share": null,
            "book_valuer_per_share_4q_avg": 0,
            "equity": null,
            "current_ratio": null,
            "debt_ratio": null,
            "inventory_turnover_ratio": null,
            "account_receivable_turnover_ratio": null,
            "reinvestment_rate": null,
            "research_to_sale_ratio": null,
            "price_fair": 0,
            "eps_avg_yearly": 0,
            "eps_latest_yearly": 0,
            "eps_growth_yearly": 0
        },
        "20034": {
            "year_quarter": 20034,
            "year": 2003,
            "quarter": 4,
            "eps": null,
            "eps_growth_year": null,
            "eps_4q": null,
            "eps_4q_growth_year": null,
            "roe": null,
            "roe_4q": 0,
            "gross_profit": null,
            "gross_margin": null,
            "gross_margin_4q_avg": 0,
            "net_income": null,
            "revenue": null,
            "common_shares": null,
            "book_valuer_per_share": null,
            "book_valuer_per_share_4q_avg": 0,
            "equity": null,
            "current_ratio": null,
            "debt_ratio": null,
            "inventory_turnover_ratio": null,
            "account_receivable_turnover_ratio": null,
            "reinvestment_rate": null,
            "research_to_sale_ratio": null,
            "price_fair": 0,
            "eps_avg_yearly": 0,
            "eps_latest_yearly": 0,
            "eps_growth_yearly": 0
        },
        "20041": {
            "year_quarter": 20041,
            "year": 2004,
            "quarter": 1,
            "eps": null,
            "eps_growth_year": null,
            "eps_4q": null,
            "eps_4q_growth_year": null,
            "roe": null,
            "roe_4q": 0,
            "gross_profit": null,
            "gross_margin": null,
            "gross_margin_4q_avg": 0,
            "net_income": null,
            "revenue": null,
            "common_shares": null,
            "book_valuer_per_share": null,
            "book_valuer_per_share_4q_avg": 0,
            "equity": null,
            "current_ratio": null,
            "debt_ratio": null,
            "inventory_turnover_ratio": null,
            "account_receivable_turnover_ratio": null,
            "reinvestment_rate": null,
            "research_to_sale_ratio": null,
            "price_fair": 0,
            "eps_avg_yearly": 0,
            "eps_latest_yearly": 0,
            "eps_growth_yearly": 0
        },
        "20042": {
            "year_quarter": 20042,
            "year": 2004,
            "quarter": 2,
            "eps": null,
            "eps_growth_year": null,
            "eps_4q": null,
            "eps_4q_growth_year": null,
            "roe": null,
            "roe_4q": 0,
            "gross_profit": null,
            "gross_margin": null,
            "gross_margin_4q_avg": 0,
            "net_income": null,
            "revenue": null,
            "common_shares": null,
            "book_valuer_per_share": null,
            "book_valuer_per_share_4q_avg": 0,
            "equity": null,
            "current_ratio": null,
            "debt_ratio": null,
            "inventory_turnover_ratio": null,
            "account_receivable_turnover_ratio": null,
            "reinvestment_rate": null,
            "research_to_sale_ratio": null,
            "price_fair": 0,
            "eps_avg_yearly": 0,
            "eps_latest_yearly": 0,
            "eps_growth_yearly": 0
        },
        "20043": {
            "year_quarter": 20043,
            "year": 2004,
            "quarter": 3,
            "eps": null,
            "eps_growth_year": null,
            "eps_4q": null,
            "eps_4q_growth_year": null,
            "roe": null,
            "roe_4q": 0,
            "gross_profit": null,
            "gross_margin": null,
            "gross_margin_4q_avg": 0,
            "net_income": null,
            "revenue": null,
            "common_shares": null,
            "book_valuer_per_share": null,
            "book_valuer_per_share_4q_avg": 0,
            "equity": null,
            "current_ratio": null,
            "debt_ratio": null,
            "inventory_turnover_ratio": null,
            "account_receivable_turnover_ratio": null,
            "reinvestment_rate": null,
            "research_to_sale_ratio": null,
            "price_fair": 0,
            "eps_avg_yearly": 0,
            "eps_latest_yearly": 0,
            "eps_growth_yearly": 0
        },
        "20044": {
            "year_quarter": 20044,
            "year": 2004,
            "quarter": 4,
            "eps": null,
            "eps_growth_year": null,
            "eps_4q": null,
            "eps_4q_growth_year": null,
            "roe": null,
            "roe_4q": 0,
            "gross_profit": null,
            "gross_margin": null,
            "gross_margin_4q_avg": 0,
            "net_income": null,
            "revenue": null,
            "common_shares": null,
            "book_valuer_per_share": null,
            "book_valuer_per_share_4q_avg": 0,
            "equity": null,
            "current_ratio": null,
            "debt_ratio": null,
            "inventory_turnover_ratio": null,
            "account_receivable_turnover_ratio": null,
            "reinvestment_rate": null,
            "research_to_sale_ratio": null,
            "price_fair": 0,
            "eps_avg_yearly": 0,
            "eps_latest_yearly": 0,
            "eps_growth_yearly": 0
        },
        "20051": {
            "year_quarter": 20051,
            "year": 2005,
            "quarter": 1,
            "eps": null,
            "eps_growth_year": null,
            "eps_4q": null,
            "eps_4q_growth_year": null,
            "roe": null,
            "roe_4q": 0,
            "gross_profit": null,
            "gross_margin": null,
            "gross_margin_4q_avg": 0,
            "net_income": null,
            "revenue": null,
            "common_shares": null,
            "book_valuer_per_share": null,
            "book_valuer_per_share_4q_avg": 0,
            "equity": null,
            "current_ratio": null,
            "debt_ratio": null,
            "inventory_turnover_ratio": null,
            "account_receivable_turnover_ratio": null,
            "reinvestment_rate": null,
            "research_to_sale_ratio": null,
            "price_fair": 0,
            "eps_avg_yearly": 0,
            "eps_latest_yearly": 0,
            "eps_growth_yearly": 0
        },
        "20052": {
            "year_quarter": 20052,
            "year": 2005,
            "quarter": 2,
            "eps": null,
            "eps_growth_year": null,
            "eps_4q": null,
            "eps_4q_growth_year": null,
            "roe": null,
            "roe_4q": 0,
            "gross_profit": null,
            "gross_margin": null,
            "gross_margin_4q_avg": 0,
            "net_income": null,
            "revenue": null,
            "common_shares": null,
            "book_valuer_per_share": null,
            "book_valuer_per_share_4q_avg": 0,
            "equity": null,
            "current_ratio": null,
            "debt_ratio": null,
            "inventory_turnover_ratio": null,
            "account_receivable_turnover_ratio": null,
            "reinvestment_rate": null,
            "research_to_sale_ratio": null,
            "price_fair": 0,
            "eps_avg_yearly": 0,
            "eps_latest_yearly": 0,
            "eps_growth_yearly": 0
        },
        "20053": {
            "year_quarter": 20053,
            "year": 2005,
            "quarter": 3,
            "eps": null,
            "eps_growth_year": null,
            "eps_4q": null,
            "eps_4q_growth_year": null,
            "roe": null,
            "roe_4q": 0,
            "gross_profit": null,
            "gross_margin": null,
            "gross_margin_4q_avg": 0,
            "net_income": null,
            "revenue": null,
            "common_shares": null,
            "book_valuer_per_share": null,
            "book_valuer_per_share_4q_avg": 0,
            "equity": null,
            "current_ratio": null,
            "debt_ratio": null,
            "inventory_turnover_ratio": null,
            "account_receivable_turnover_ratio": null,
            "reinvestment_rate": null,
            "research_to_sale_ratio": null,
            "price_fair": 0,
            "eps_avg_yearly": 0,
            "eps_latest_yearly": 0,
            "eps_growth_yearly": 0
        },
        "20054": {
            "year_quarter": 20054,
            "year": 2005,
            "quarter": 4,
            "eps": null,
            "eps_growth_year": null,
            "eps_4q": null,
            "eps_4q_growth_year": null,
            "roe": null,
            "roe_4q": 0,
            "gross_profit": null,
            "gross_margin": null,
            "gross_margin_4q_avg": 0,
            "net_income": null,
            "revenue": null,
            "common_shares": null,
            "book_valuer_per_share": null,
            "book_valuer_per_share_4q_avg": 0,
            "equity": null,
            "current_ratio": null,
            "debt_ratio": null,
            "inventory_turnover_ratio": null,
            "account_receivable_turnover_ratio": null,
            "reinvestment_rate": null,
            "research_to_sale_ratio": null,
            "price_fair": 0,
            "eps_avg_yearly": 0,
            "eps_latest_yearly": 0,
            "eps_growth_yearly": 0
        },
        "20061": {
            "year_quarter": 20061,
            "year": 2006,
            "quarter": 1,
            "eps": null,
            "eps_growth_year": null,
            "eps_4q": null,
            "eps_4q_growth_year": null,
            "roe": null,
            "roe_4q": 0,
            "gross_profit": null,
            "gross_margin": null,
            "gross_margin_4q_avg": 0,
            "net_income": null,
            "revenue": null,
            "common_shares": null,
            "book_valuer_per_share": null,
            "book_valuer_per_share_4q_avg": 0,
            "equity": null,
            "current_ratio": null,
            "debt_ratio": null,
            "inventory_turnover_ratio": null,
            "account_receivable_turnover_ratio": null,
            "reinvestment_rate": null,
            "research_to_sale_ratio": null,
            "price_fair": 0,
            "eps_avg_yearly": 0,
            "eps_latest_yearly": 0,
            "eps_growth_yearly": 0
        },
        "20062": {
            "year_quarter": 20062,
            "year": 2006,
            "quarter": 2,
            "eps": null,
            "eps_growth_year": null,
            "eps_4q": null,
            "eps_4q_growth_year": null,
            "roe": null,
            "roe_4q": 0,
            "gross_profit": null,
            "gross_margin": null,
            "gross_margin_4q_avg": 0,
            "net_income": null,
            "revenue": null,
            "common_shares": null,
            "book_valuer_per_share": null,
            "book_valuer_per_share_4q_avg": 0,
            "equity": null,
            "current_ratio": null,
            "debt_ratio": null,
            "inventory_turnover_ratio": null,
            "account_receivable_turnover_ratio": null,
            "reinvestment_rate": null,
            "research_to_sale_ratio": null,
            "price_fair": 0,
            "eps_avg_yearly": 0,
            "eps_latest_yearly": 0,
            "eps_growth_yearly": 0
        },
        "20063": {
            "year_quarter": 20063,
            "year": 2006,
            "quarter": 3,
            "eps": null,
            "eps_growth_year": null,
            "eps_4q": null,
            "eps_4q_growth_year": null,
            "roe": null,
            "roe_4q": 0,
            "gross_profit": null,
            "gross_margin": null,
            "gross_margin_4q_avg": 0,
            "net_income": null,
            "revenue": null,
            "common_shares": null,
            "book_valuer_per_share": null,
            "book_valuer_per_share_4q_avg": 0,
            "equity": null,
            "current_ratio": null,
            "debt_ratio": null,
            "inventory_turnover_ratio": null,
            "account_receivable_turnover_ratio": null,
            "reinvestment_rate": null,
            "research_to_sale_ratio": null,
            "price_fair": 0,
            "eps_avg_yearly": 0,
            "eps_latest_yearly": 0,
            "eps_growth_yearly": 0
        },
        "20064": {
            "year_quarter": 20064,
            "year": 2006,
            "quarter": 4,
            "eps": null,
            "eps_growth_year": null,
            "eps_4q": null,
            "eps_4q_growth_year": null,
            "roe": null,
            "roe_4q": 0,
            "gross_profit": null,
            "gross_margin": null,
            "gross_margin_4q_avg": 0,
            "net_income": null,
            "revenue": null,
            "common_shares": null,
            "book_valuer_per_share": null,
            "book_valuer_per_share_4q_avg": 0,
            "equity": null,
            "current_ratio": null,
            "debt_ratio": null,
            "inventory_turnover_ratio": null,
            "account_receivable_turnover_ratio": null,
            "reinvestment_rate": null,
            "research_to_sale_ratio": null,
            "price_fair": 0,
            "eps_avg_yearly": 0,
            "eps_latest_yearly": 0,
            "eps_growth_yearly": 0
        },
        "20071": {
            "year_quarter": 20071,
            "year": 2007,
            "quarter": 1,
            "eps": null,
            "eps_growth_year": null,
            "eps_4q": null,
            "eps_4q_growth_year": null,
            "roe": null,
            "roe_4q": 0,
            "gross_profit": null,
            "gross_margin": null,
            "gross_margin_4q_avg": 0,
            "net_income": null,
            "revenue": null,
            "common_shares": null,
            "book_valuer_per_share": null,
            "book_valuer_per_share_4q_avg": 0,
            "equity": null,
            "current_ratio": null,
            "debt_ratio": null,
            "inventory_turnover_ratio": null,
            "account_receivable_turnover_ratio": null,
            "reinvestment_rate": null,
            "research_to_sale_ratio": null,
            "price_fair": 0,
            "eps_avg_yearly": 0,
            "eps_latest_yearly": 0,
            "eps_growth_yearly": 0
        },
        "20072": {
            "year_quarter": 20072,
            "year": 2007,
            "quarter": 2,
            "eps": null,
            "eps_growth_year": null,
            "eps_4q": null,
            "eps_4q_growth_year": null,
            "roe": null,
            "roe_4q": 0,
            "gross_profit": null,
            "gross_margin": null,
            "gross_margin_4q_avg": 0,
            "net_income": null,
            "revenue": null,
            "common_shares": null,
            "book_valuer_per_share": null,
            "book_valuer_per_share_4q_avg": 0,
            "equity": null,
            "current_ratio": null,
            "debt_ratio": null,
            "inventory_turnover_ratio": null,
            "account_receivable_turnover_ratio": null,
            "reinvestment_rate": null,
            "research_to_sale_ratio": null,
            "price_fair": 0,
            "eps_avg_yearly": 0,
            "eps_latest_yearly": 0,
            "eps_growth_yearly": 0
        },
        "20073": {
            "year_quarter": 20073,
            "year": 2007,
            "quarter": 3,
            "eps": null,
            "eps_growth_year": null,
            "eps_4q": null,
            "eps_4q_growth_year": null,
            "roe": null,
            "roe_4q": 0,
            "gross_profit": null,
            "gross_margin": null,
            "gross_margin_4q_avg": 0,
            "net_income": null,
            "revenue": null,
            "common_shares": null,
            "book_valuer_per_share": null,
            "book_valuer_per_share_4q_avg": 0,
            "equity": null,
            "current_ratio": null,
            "debt_ratio": null,
            "inventory_turnover_ratio": null,
            "account_receivable_turnover_ratio": null,
            "reinvestment_rate": null,
            "research_to_sale_ratio": null,
            "price_fair": 0,
            "eps_avg_yearly": 0,
            "eps_latest_yearly": 0,
            "eps_growth_yearly": 0
        },
        "20074": {
            "year_quarter": 20074,
            "year": 2007,
            "quarter": 4,
            "eps": null,
            "eps_growth_year": null,
            "eps_4q": null,
            "eps_4q_growth_year": null,
            "roe": null,
            "roe_4q": 0,
            "gross_profit": null,
            "gross_margin": null,
            "gross_margin_4q_avg": 0,
            "net_income": null,
            "revenue": null,
            "common_shares": null,
            "book_valuer_per_share": null,
            "book_valuer_per_share_4q_avg": 0,
            "equity": null,
            "current_ratio": null,
            "debt_ratio": null,
            "inventory_turnover_ratio": null,
            "account_receivable_turnover_ratio": null,
            "reinvestment_rate": null,
            "research_to_sale_ratio": null,
            "price_fair": 0,
            "eps_avg_yearly": 0,
            "eps_latest_yearly": 0,
            "eps_growth_yearly": 0
        },
        "20081": {
            "year_quarter": 20081,
            "year": 2008,
            "quarter": 1,
            "eps": null,
            "eps_growth_year": null,
            "eps_4q": null,
            "eps_4q_growth_year": null,
            "roe": null,
            "roe_4q": 0,
            "gross_profit": null,
            "gross_margin": null,
            "gross_margin_4q_avg": 0,
            "net_income": null,
            "revenue": null,
            "common_shares": null,
            "book_valuer_per_share": null,
            "book_valuer_per_share_4q_avg": 0,
            "equity": null,
            "current_ratio": null,
            "debt_ratio": null,
            "inventory_turnover_ratio": null,
            "account_receivable_turnover_ratio": null,
            "reinvestment_rate": null,
            "research_to_sale_ratio": null,
            "price_fair": 0,
            "eps_avg_yearly": 0,
            "eps_latest_yearly": 0,
            "eps_growth_yearly": 0
        },
        "20082": {
            "year_quarter": 20082,
            "year": 2008,
            "quarter": 2,
            "eps": null,
            "eps_growth_year": null,
            "eps_4q": null,
            "eps_4q_growth_year": null,
            "roe": null,
            "roe_4q": 0,
            "gross_profit": null,
            "gross_margin": null,
            "gross_margin_4q_avg": 0,
            "net_income": null,
            "revenue": null,
            "common_shares": null,
            "book_valuer_per_share": null,
            "book_valuer_per_share_4q_avg": 0,
            "equity": null,
            "current_ratio": null,
            "debt_ratio": null,
            "inventory_turnover_ratio": null,
            "account_receivable_turnover_ratio": null,
            "reinvestment_rate": null,
            "research_to_sale_ratio": null,
            "price_fair": 0,
            "eps_avg_yearly": 0,
            "eps_latest_yearly": 0,
            "eps_growth_yearly": 0
        },
        "20083": {
            "year_quarter": 20083,
            "year": 2008,
            "quarter": 3,
            "eps": null,
            "eps_growth_year": null,
            "eps_4q": null,
            "eps_4q_growth_year": null,
            "roe": null,
            "roe_4q": 0,
            "gross_profit": null,
            "gross_margin": null,
            "gross_margin_4q_avg": 0,
            "net_income": null,
            "revenue": null,
            "common_shares": null,
            "book_valuer_per_share": null,
            "book_valuer_per_share_4q_avg": 0,
            "equity": null,
            "current_ratio": null,
            "debt_ratio": null,
            "inventory_turnover_ratio": null,
            "account_receivable_turnover_ratio": null,
            "reinvestment_rate": null,
            "research_to_sale_ratio": null,
            "price_fair": 0,
            "eps_avg_yearly": 0,
            "eps_latest_yearly": 0,
            "eps_growth_yearly": 0
        },
        "20084": {
            "year_quarter": 20084,
            "year": 2008,
            "quarter": 4,
            "eps": null,
            "eps_growth_year": null,
            "eps_4q": null,
            "eps_4q_growth_year": null,
            "roe": null,
            "roe_4q": 0,
            "gross_profit": null,
            "gross_margin": null,
            "gross_margin_4q_avg": 0,
            "net_income": null,
            "revenue": null,
            "common_shares": 722261,
            "book_valuer_per_share": null,
            "book_valuer_per_share_4q_avg": 0,
            "equity": 2535061,
            "current_ratio": null,
            "debt_ratio": null,
            "inventory_turnover_ratio": null,
            "account_receivable_turnover_ratio": null,
            "reinvestment_rate": null,
            "research_to_sale_ratio": null,
            "price_fair": 0,
            "eps_avg_yearly": 0,
            "eps_latest_yearly": 0,
            "eps_growth_yearly": 0
        },
        "20091": {
            "year_quarter": 20091,
            "year": 2009,
            "quarter": 1,
            "eps": null,
            "eps_growth_year": null,
            "eps_4q": null,
            "eps_4q_growth_year": null,
            "roe": null,
            "roe_4q": 0,
            "gross_profit": null,
            "gross_margin": null,
            "gross_margin_4q_avg": 0,
            "net_income": null,
            "revenue": null,
            "common_shares": null,
            "book_valuer_per_share": null,
            "book_valuer_per_share_4q_avg": 0,
            "equity": null,
            "current_ratio": null,
            "debt_ratio": null,
            "inventory_turnover_ratio": null,
            "account_receivable_turnover_ratio": null,
            "reinvestment_rate": null,
            "research_to_sale_ratio": null,
            "price_fair": 0,
            "eps_avg_yearly": 0,
            "eps_latest_yearly": 0,
            "eps_growth_yearly": 0
        },
        "20092": {
            "year_quarter": 20092,
            "year": 2009,
            "quarter": 2,
            "eps": null,
            "eps_growth_year": null,
            "eps_4q": null,
            "eps_4q_growth_year": null,
            "roe": null,
            "roe_4q": 0,
            "gross_profit": null,
            "gross_margin": null,
            "gross_margin_4q_avg": 0,
            "net_income": null,
            "revenue": null,
            "common_shares": 722261,
            "book_valuer_per_share": null,
            "book_valuer_per_share_4q_avg": 0,
            "equity": 2646331,
            "current_ratio": null,
            "debt_ratio": null,
            "inventory_turnover_ratio": null,
            "account_receivable_turnover_ratio": null,
            "reinvestment_rate": null,
            "research_to_sale_ratio": null,
            "price_fair": 0,
            "eps_avg_yearly": 0,
            "eps_latest_yearly": 0,
            "eps_growth_yearly": 0
        },
        "20093": {
            "year_quarter": 20093,
            "year": 2009,
            "quarter": 3,
            "eps": null,
            "eps_growth_year": null,
            "eps_4q": null,
            "eps_4q_growth_year": null,
            "roe": null,
            "roe_4q": 0,
            "gross_profit": null,
            "gross_margin": null,
            "gross_margin_4q_avg": 0,
            "net_income": null,
            "revenue": null,
            "common_shares": null,
            "book_valuer_per_share": null,
            "book_valuer_per_share_4q_avg": 0,
            "equity": null,
            "current_ratio": null,
            "debt_ratio": null,
            "inventory_turnover_ratio": null,
            "account_receivable_turnover_ratio": null,
            "reinvestment_rate": null,
            "research_to_sale_ratio": null,
            "price_fair": 0,
            "eps_avg_yearly": 0,
            "eps_latest_yearly": 0,
            "eps_growth_yearly": 0
        },
        "20094": {
            "year_quarter": 20094,
            "year": 2009,
            "quarter": 4,
            "eps": null,
            "eps_growth_year": null,
            "eps_4q": null,
            "eps_4q_growth_year": null,
            "roe": null,
            "roe_4q": 0,
            "gross_profit": null,
            "gross_margin": null,
            "gross_margin_4q_avg": 0,
            "net_income": null,
            "revenue": null,
            "common_shares": 722261,
            "book_valuer_per_share": 40.76,
            "book_valuer_per_share_4q_avg": 10.19,
            "equity": 2943788,
            "current_ratio": 169.05,
            "debt_ratio": 52.33,
            "inventory_turnover_ratio": null,
            "account_receivable_turnover_ratio": null,
            "reinvestment_rate": null,
            "research_to_sale_ratio": null,
            "price_fair": 0,
            "eps_avg_yearly": 0,
            "eps_latest_yearly": 0,
            "eps_growth_yearly": 0
        },
        "20101": {
            "year_quarter": 20101,
            "year": 2010,
            "quarter": 1,
            "eps": null,
            "eps_growth_year": null,
            "eps_4q": null,
            "eps_4q_growth_year": null,
            "roe": null,
            "roe_4q": 0,
            "gross_profit": null,
            "gross_margin": null,
            "gross_margin_4q_avg": 0,
            "net_income": null,
            "revenue": null,
            "common_shares": null,
            "book_valuer_per_share": null,
            "book_valuer_per_share_4q_avg": 10.19,
            "equity": null,
            "current_ratio": null,
            "debt_ratio": null,
            "inventory_turnover_ratio": null,
            "account_receivable_turnover_ratio": null,
            "reinvestment_rate": null,
            "research_to_sale_ratio": null,
            "price_fair": 0,
            "eps_avg_yearly": 0,
            "eps_latest_yearly": 0,
            "eps_growth_yearly": 0
        },
        "20102": {
            "year_quarter": 20102,
            "year": 2010,
            "quarter": 2,
            "eps": null,
            "eps_growth_year": null,
            "eps_4q": null,
            "eps_4q_growth_year": null,
            "roe": null,
            "roe_4q": 0,
            "gross_profit": null,
            "gross_margin": null,
            "gross_margin_4q_avg": 0,
            "net_income": null,
            "revenue": null,
            "common_shares": 782261,
            "book_valuer_per_share": 40.22,
            "book_valuer_per_share_4q_avg": 20.25,
            "equity": 3146504,
            "current_ratio": 130.25,
            "debt_ratio": 59,
            "inventory_turnover_ratio": null,
            "account_receivable_turnover_ratio": null,
            "reinvestment_rate": null,
            "research_to_sale_ratio": null,
            "price_fair": 0,
            "eps_avg_yearly": 0,
            "eps_latest_yearly": 0,
            "eps_growth_yearly": 0
        },
        "20103": {
            "year_quarter": 20103,
            "year": 2010,
            "quarter": 3,
            "eps": null,
            "eps_growth_year": null,
            "eps_4q": null,
            "eps_4q_growth_year": null,
            "roe": null,
            "roe_4q": 0,
            "gross_profit": null,
            "gross_margin": null,
            "gross_margin_4q_avg": 0,
            "net_income": null,
            "revenue": null,
            "common_shares": null,
            "book_valuer_per_share": null,
            "book_valuer_per_share_4q_avg": 20.25,
            "equity": null,
            "current_ratio": null,
            "debt_ratio": null,
            "inventory_turnover_ratio": null,
            "account_receivable_turnover_ratio": null,
            "reinvestment_rate": null,
            "research_to_sale_ratio": null,
            "price_fair": 0,
            "eps_avg_yearly": 0,
            "eps_latest_yearly": 0,
            "eps_growth_yearly": 0
        },
        "20104": {
            "year_quarter": 20104,
            "year": 2010,
            "quarter": 4,
            "eps": null,
            "eps_growth_year": null,
            "eps_4q": null,
            "eps_4q_growth_year": null,
            "roe": null,
            "roe_4q": 0,
            "gross_profit": null,
            "gross_margin": null,
            "gross_margin_4q_avg": 0,
            "net_income": null,
            "revenue": null,
            "common_shares": 782261,
            "book_valuer_per_share": 41.99,
            "book_valuer_per_share_4q_avg": 20.55,
            "equity": 3284325,
            "current_ratio": 128.36,
            "debt_ratio": 57.4,
            "inventory_turnover_ratio": null,
            "account_receivable_turnover_ratio": null,
            "reinvestment_rate": null,
            "research_to_sale_ratio": null,
            "price_fair": 0,
            "eps_avg_yearly": 0,
            "eps_latest_yearly": 0,
            "eps_growth_yearly": 0
        },
        "20111": {
            "year_quarter": 20111,
            "year": 2011,
            "quarter": 1,
            "eps": null,
            "eps_growth_year": null,
            "eps_4q": null,
            "eps_4q_growth_year": null,
            "roe": null,
            "roe_4q": 0,
            "gross_profit": null,
            "gross_margin": null,
            "gross_margin_4q_avg": 0,
            "net_income": null,
            "revenue": null,
            "common_shares": null,
            "book_valuer_per_share": null,
            "book_valuer_per_share_4q_avg": 20.55,
            "equity": null,
            "current_ratio": null,
            "debt_ratio": null,
            "inventory_turnover_ratio": null,
            "account_receivable_turnover_ratio": null,
            "reinvestment_rate": null,
            "research_to_sale_ratio": null,
            "price_fair": 0,
            "eps_avg_yearly": 0,
            "eps_latest_yearly": 0,
            "eps_growth_yearly": 0
        },
        "20112": {
            "year_quarter": 20112,
            "year": 2011,
            "quarter": 2,
            "eps": null,
            "eps_growth_year": null,
            "eps_4q": null,
            "eps_4q_growth_year": null,
            "roe": null,
            "roe_4q": 0,
            "gross_profit": null,
            "gross_margin": null,
            "gross_margin_4q_avg": 0,
            "net_income": null,
            "revenue": null,
            "common_shares": 832261,
            "book_valuer_per_share": 40.57,
            "book_valuer_per_share_4q_avg": 20.64,
            "equity": 3467938,
            "current_ratio": 131.53,
            "debt_ratio": 53.11,
            "inventory_turnover_ratio": null,
            "account_receivable_turnover_ratio": null,
            "reinvestment_rate": null,
            "research_to_sale_ratio": null,
            "price_fair": 0,
            "eps_avg_yearly": 0,
            "eps_latest_yearly": 0,
            "eps_growth_yearly": 0
        },
        "20113": {
            "year_quarter": 20113,
            "year": 2011,
            "quarter": 3,
            "eps": null,
            "eps_growth_year": null,
            "eps_4q": null,
            "eps_4q_growth_year": null,
            "roe": null,
            "roe_4q": 0,
            "gross_profit": null,
            "gross_margin": null,
            "gross_margin_4q_avg": 0,
            "net_income": null,
            "revenue": null,
            "common_shares": null,
            "book_valuer_per_share": null,
            "book_valuer_per_share_4q_avg": 20.64,
            "equity": null,
            "current_ratio": null,
            "debt_ratio": null,
            "inventory_turnover_ratio": null,
            "account_receivable_turnover_ratio": null,
            "reinvestment_rate": null,
            "research_to_sale_ratio": null,
            "price_fair": 0,
            "eps_avg_yearly": 0,
            "eps_latest_yearly": 0,
            "eps_growth_yearly": 0
        },
        "20114": {
            "year_quarter": 20114,
            "year": 2011,
            "quarter": 4,
            "eps": null,
            "eps_growth_year": null,
            "eps_4q": null,
            "eps_4q_growth_year": null,
            "roe": null,
            "roe_4q": 0,
            "gross_profit": null,
            "gross_margin": null,
            "gross_margin_4q_avg": 0,
            "net_income": null,
            "revenue": null,
            "common_shares": 832261,
            "book_valuer_per_share": 42.36,
            "book_valuer_per_share_4q_avg": 20.73,
            "equity": 3563748,
            "current_ratio": 132.91,
            "debt_ratio": 52.5,
            "inventory_turnover_ratio": null,
            "account_receivable_turnover_ratio": null,
            "reinvestment_rate": null,
            "research_to_sale_ratio": null,
            "price_fair": 0,
            "eps_avg_yearly": 0,
            "eps_latest_yearly": 0,
            "eps_growth_yearly": 0
        },
        "20121": {
            "year_quarter": 20121,
            "year": 2012,
            "quarter": 1,
            "eps": null,
            "eps_growth_year": null,
            "eps_4q": null,
            "eps_4q_growth_year": null,
            "roe": null,
            "roe_4q": 0,
            "gross_profit": null,
            "gross_margin": null,
            "gross_margin_4q_avg": 0,
            "net_income": null,
            "revenue": null,
            "common_shares": null,
            "book_valuer_per_share": null,
            "book_valuer_per_share_4q_avg": 20.73,
            "equity": null,
            "current_ratio": null,
            "debt_ratio": null,
            "inventory_turnover_ratio": null,
            "account_receivable_turnover_ratio": null,
            "reinvestment_rate": null,
            "research_to_sale_ratio": null,
            "price_fair": 0,
            "eps_avg_yearly": 0,
            "eps_latest_yearly": 0,
            "eps_growth_yearly": 0
        },
        "20122": {
            "year_quarter": 20122,
            "year": 2012,
            "quarter": 2,
            "eps": null,
            "eps_growth_year": null,
            "eps_4q": null,
            "eps_4q_growth_year": null,
            "roe": null,
            "roe_4q": 0,
            "gross_profit": null,
            "gross_margin": null,
            "gross_margin_4q_avg": 0,
            "net_income": null,
            "revenue": null,
            "common_shares": 832261,
            "book_valuer_per_share": 42.42,
            "book_valuer_per_share_4q_avg": 21.2,
            "equity": 3567709,
            "current_ratio": 120.74,
            "debt_ratio": 56.49,
            "inventory_turnover_ratio": null,
            "account_receivable_turnover_ratio": null,
            "reinvestment_rate": null,
            "research_to_sale_ratio": null,
            "price_fair": 0,
            "eps_avg_yearly": 0,
            "eps_latest_yearly": 0,
            "eps_growth_yearly": 0
        },
        "20123": {
            "year_quarter": 20123,
            "year": 2012,
            "quarter": 3,
            "eps": null,
            "eps_growth_year": null,
            "eps_4q": null,
            "eps_4q_growth_year": null,
            "roe": null,
            "roe_4q": 0,
            "gross_profit": null,
            "gross_margin": null,
            "gross_margin_4q_avg": 0,
            "net_income": null,
            "revenue": null,
            "common_shares": null,
            "book_valuer_per_share": null,
            "book_valuer_per_share_4q_avg": 21.2,
            "equity": null,
            "current_ratio": null,
            "debt_ratio": null,
            "inventory_turnover_ratio": null,
            "account_receivable_turnover_ratio": null,
            "reinvestment_rate": null,
            "research_to_sale_ratio": null,
            "price_fair": 0,
            "eps_avg_yearly": 0,
            "eps_latest_yearly": 0,
            "eps_growth_yearly": 0
        },
        "20124": {
            "year_quarter": 20124,
            "year": 2012,
            "quarter": 4,
            "eps": null,
            "eps_growth_year": null,
            "eps_4q": null,
            "eps_4q_growth_year": null,
            "roe": null,
            "roe_4q": 0,
            "gross_profit": null,
            "gross_margin": null,
            "gross_margin_4q_avg": 0,
            "net_income": null,
            "revenue": null,
            "common_shares": 832261,
            "book_valuer_per_share": 41.6,
            "book_valuer_per_share_4q_avg": 21.01,
            "equity": 3499505,
            "current_ratio": 133.75,
            "debt_ratio": 48.18,
            "inventory_turnover_ratio": null,
            "account_receivable_turnover_ratio": null,
            "reinvestment_rate": null,
            "research_to_sale_ratio": null,
            "price_fair": 0,
            "eps_avg_yearly": 0,
            "eps_latest_yearly": 0,
            "eps_growth_yearly": 0
        },
        "20131": {
            "year_quarter": 20131,
            "year": 2013,
            "quarter": 1,
            "eps": null,
            "eps_growth_year": null,
            "eps_4q": null,
            "eps_4q_growth_year": null,
            "roe": null,
            "roe_4q": 0,
            "gross_profit": null,
            "gross_margin": null,
            "gross_margin_4q_avg": 0,
            "net_income": null,
            "revenue": null,
            "common_shares": null,
            "book_valuer_per_share": null,
            "book_valuer_per_share_4q_avg": 21.01,
            "equity": null,
            "current_ratio": null,
            "debt_ratio": null,
            "inventory_turnover_ratio": null,
            "account_receivable_turnover_ratio": null,
            "reinvestment_rate": null,
            "research_to_sale_ratio": null,
            "price_fair": 0,
            "eps_avg_yearly": 0,
            "eps_latest_yearly": 0,
            "eps_growth_yearly": 0
        },
        "20132": {
            "year_quarter": 20132,
            "year": 2013,
            "quarter": 2,
            "eps": null,
            "eps_growth_year": null,
            "eps_4q": null,
            "eps_4q_growth_year": null,
            "roe": null,
            "roe_4q": 0,
            "gross_profit": null,
            "gross_margin": null,
            "gross_margin_4q_avg": 0,
            "net_income": null,
            "revenue": null,
            "common_shares": 832261,
            "book_valuer_per_share": 41.92,
            "book_valuer_per_share_4q_avg": 20.88,
            "equity": 3489143,
            "current_ratio": 137.34,
            "debt_ratio": 46.68,
            "inventory_turnover_ratio": null,
            "account_receivable_turnover_ratio": null,
            "reinvestment_rate": null,
            "research_to_sale_ratio": null,
            "price_fair": 0,
            "eps_avg_yearly": 0,
            "eps_latest_yearly": 0,
            "eps_growth_yearly": 0
        },
        "20133": {
            "year_quarter": 20133,
            "year": 2013,
            "quarter": 3,
            "eps": null,
            "eps_growth_year": null,
            "eps_4q": null,
            "eps_4q_growth_year": null,
            "roe": null,
            "roe_4q": 0,
            "gross_profit": null,
            "gross_margin": null,
            "gross_margin_4q_avg": 0,
            "net_income": null,
            "revenue": null,
            "common_shares": null,
            "book_valuer_per_share": null,
            "book_valuer_per_share_4q_avg": 20.88,
            "equity": null,
            "current_ratio": null,
            "debt_ratio": null,
            "inventory_turnover_ratio": null,
            "account_receivable_turnover_ratio": null,
            "reinvestment_rate": null,
            "research_to_sale_ratio": null,
            "price_fair": 0,
            "eps_avg_yearly": 0,
            "eps_latest_yearly": 0,
            "eps_growth_yearly": 0
        },
        "20134": {
            "year_quarter": 20134,
            "year": 2013,
            "quarter": 4,
            "eps": null,
            "eps_growth_year": null,
            "eps_4q": null,
            "eps_4q_growth_year": null,
            "roe": null,
            "roe_4q": 0,
            "gross_profit": null,
            "gross_margin": null,
            "gross_margin_4q_avg": 0,
            "net_income": null,
            "revenue": null,
            "common_shares": 832261,
            "book_valuer_per_share": 43.92,
            "book_valuer_per_share_4q_avg": 21.46,
            "equity": 3587253,
            "current_ratio": 143.92,
            "debt_ratio": 46.84,
            "inventory_turnover_ratio": null,
            "account_receivable_turnover_ratio": null,
            "reinvestment_rate": null,
            "research_to_sale_ratio": null,
            "price_fair": 0,
            "eps_avg_yearly": 0,
            "eps_latest_yearly": 0,
            "eps_growth_yearly": 0
        },
        "20141": {
            "year_quarter": 20141,
            "year": 2014,
            "quarter": 1,
            "eps": null,
            "eps_growth_year": null,
            "eps_4q": null,
            "eps_4q_growth_year": null,
            "roe": null,
            "roe_4q": 0,
            "gross_profit": null,
            "gross_margin": null,
            "gross_margin_4q_avg": 0,
            "net_income": null,
            "revenue": null,
            "common_shares": null,
            "book_valuer_per_share": null,
            "book_valuer_per_share_4q_avg": 21.46,
            "equity": null,
            "current_ratio": null,
            "debt_ratio": null,
            "inventory_turnover_ratio": null,
            "account_receivable_turnover_ratio": null,
            "reinvestment_rate": null,
            "research_to_sale_ratio": null,
            "price_fair": 0,
            "eps_avg_yearly": 0,
            "eps_latest_yearly": 0,
            "eps_growth_yearly": 0
        },
        "20142": {
            "year_quarter": 20142,
            "year": 2014,
            "quarter": 2,
            "eps": null,
            "eps_growth_year": null,
            "eps_4q": null,
            "eps_4q_growth_year": null,
            "roe": null,
            "roe_4q": 0,
            "gross_profit": null,
            "gross_margin": null,
            "gross_margin_4q_avg": 0,
            "net_income": null,
            "revenue": null,
            "common_shares": 832261,
            "book_valuer_per_share": 43.14,
            "book_valuer_per_share_4q_avg": 21.77,
            "equity": 3513359,
            "current_ratio": 157.77,
            "debt_ratio": 43.77,
            "inventory_turnover_ratio": null,
            "account_receivable_turnover_ratio": null,
            "reinvestment_rate": null,
            "research_to_sale_ratio": null,
            "price_fair": 0,
            "eps_avg_yearly": 0,
            "eps_latest_yearly": 0,
            "eps_growth_yearly": 0
        },
        "20143": {
            "year_quarter": 20143,
            "year": 2014,
            "quarter": 3,
            "eps": null,
            "eps_growth_year": null,
            "eps_4q": null,
            "eps_4q_growth_year": null,
            "roe": null,
            "roe_4q": 0,
            "gross_profit": null,
            "gross_margin": null,
            "gross_margin_4q_avg": 0,
            "net_income": null,
            "revenue": null,
            "common_shares": null,
            "book_valuer_per_share": null,
            "book_valuer_per_share_4q_avg": 21.77,
            "equity": null,
            "current_ratio": null,
            "debt_ratio": null,
            "inventory_turnover_ratio": null,
            "account_receivable_turnover_ratio": null,
            "reinvestment_rate": null,
            "research_to_sale_ratio": null,
            "price_fair": 0,
            "eps_avg_yearly": 0,
            "eps_latest_yearly": 0,
            "eps_growth_yearly": 0
        },
        "20144": {
            "year_quarter": 20144,
            "year": 2014,
            "quarter": 4,
            "eps": null,
            "eps_growth_year": null,
            "eps_4q": null,
            "eps_4q_growth_year": null,
            "roe": null,
            "roe_4q": 0,
            "gross_profit": null,
            "gross_margin": null,
            "gross_margin_4q_avg": 0,
            "net_income": null,
            "revenue": null,
            "common_shares": 832261,
            "book_valuer_per_share": 46.26,
            "book_valuer_per_share_4q_avg": 22.35,
            "equity": 3766974,
            "current_ratio": 167.64,
            "debt_ratio": 41.63,
            "inventory_turnover_ratio": null,
            "account_receivable_turnover_ratio": null,
            "reinvestment_rate": null,
            "research_to_sale_ratio": null,
            "price_fair": 0,
            "eps_avg_yearly": 0,
            "eps_latest_yearly": 0,
            "eps_growth_yearly": 0
        },
        "20151": {
            "year_quarter": 20151,
            "year": 2015,
            "quarter": 1,
            "eps": null,
            "eps_growth_year": null,
            "eps_4q": null,
            "eps_4q_growth_year": null,
            "roe": null,
            "roe_4q": 0,
            "gross_profit": null,
            "gross_margin": null,
            "gross_margin_4q_avg": 0,
            "net_income": null,
            "revenue": null,
            "common_shares": null,
            "book_valuer_per_share": null,
            "book_valuer_per_share_4q_avg": 22.35,
            "equity": null,
            "current_ratio": null,
            "debt_ratio": null,
            "inventory_turnover_ratio": null,
            "account_receivable_turnover_ratio": null,
            "reinvestment_rate": null,
            "research_to_sale_ratio": null,
            "price_fair": 0,
            "eps_avg_yearly": 0,
            "eps_latest_yearly": 0,
            "eps_growth_yearly": 0
        },
        "20152": {
            "year_quarter": 20152,
            "year": 2015,
            "quarter": 2,
            "eps": null,
            "eps_growth_year": null,
            "eps_4q": null,
            "eps_4q_growth_year": null,
            "roe": null,
            "roe_4q": 0,
            "gross_profit": null,
            "gross_margin": null,
            "gross_margin_4q_avg": 0,
            "net_income": null,
            "revenue": null,
            "common_shares": 832261,
            "book_valuer_per_share": 45.1,
            "book_valuer_per_share_4q_avg": 22.84,
            "equity": 3639950,
            "current_ratio": 180.14,
            "debt_ratio": 40.46,
            "inventory_turnover_ratio": null,
            "account_receivable_turnover_ratio": null,
            "reinvestment_rate": null,
            "research_to_sale_ratio": null,
            "price_fair": 0,
            "eps_avg_yearly": 0,
            "eps_latest_yearly": 0,
            "eps_growth_yearly": 0
        },
        "20153": {
            "year_quarter": 20153,
            "year": 2015,
            "quarter": 3,
            "eps": null,
            "eps_growth_year": null,
            "eps_4q": null,
            "eps_4q_growth_year": null,
            "roe": null,
            "roe_4q": 0,
            "gross_profit": null,
            "gross_margin": null,
            "gross_margin_4q_avg": 0,
            "net_income": null,
            "revenue": null,
            "common_shares": null,
            "book_valuer_per_share": null,
            "book_valuer_per_share_4q_avg": 22.84,
            "equity": null,
            "current_ratio": null,
            "debt_ratio": null,
            "inventory_turnover_ratio": null,
            "account_receivable_turnover_ratio": null,
            "reinvestment_rate": null,
            "research_to_sale_ratio": null,
            "price_fair": 0,
            "eps_avg_yearly": 0,
            "eps_latest_yearly": 0,
            "eps_growth_yearly": 0
        },
        "20154": {
            "year_quarter": 20154,
            "year": 2015,
            "quarter": 4,
            "eps": null,
            "eps_growth_year": null,
            "eps_4q": null,
            "eps_4q_growth_year": null,
            "roe": null,
            "roe_4q": 0,
            "gross_profit": null,
            "gross_margin": null,
            "gross_margin_4q_avg": 0,
            "net_income": null,
            "revenue": null,
            "common_shares": 832261,
            "book_valuer_per_share": 45.57,
            "book_valuer_per_share_4q_avg": 22.67,
            "equity": 3619985,
            "current_ratio": 179.54,
            "debt_ratio": 42.51,
            "inventory_turnover_ratio": null,
            "account_receivable_turnover_ratio": null,
            "reinvestment_rate": null,
            "research_to_sale_ratio": null,
            "price_fair": 0,
            "eps_avg_yearly": 0,
            "eps_latest_yearly": 0,
            "eps_growth_yearly": 0
        },
        "20161": {
            "year_quarter": 20161,
            "year": 2016,
            "quarter": 1,
            "eps": null,
            "eps_growth_year": null,
            "eps_4q": null,
            "eps_4q_growth_year": null,
            "roe": null,
            "roe_4q": 0,
            "gross_profit": null,
            "gross_margin": null,
            "gross_margin_4q_avg": 0,
            "net_income": null,
            "revenue": null,
            "common_shares": null,
            "book_valuer_per_share": null,
            "book_valuer_per_share_4q_avg": 22.67,
            "equity": null,
            "current_ratio": null,
            "debt_ratio": null,
            "inventory_turnover_ratio": null,
            "account_receivable_turnover_ratio": null,
            "reinvestment_rate": null,
            "research_to_sale_ratio": null,
            "price_fair": 0,
            "eps_avg_yearly": 0,
            "eps_latest_yearly": 0,
            "eps_growth_yearly": 0
        },
        "20162": {
            "year_quarter": 20162,
            "year": 2016,
            "quarter": 2,
            "eps": null,
            "eps_growth_year": null,
            "eps_4q": null,
            "eps_4q_growth_year": null,
            "roe": null,
            "roe_4q": 0,
            "gross_profit": null,
            "gross_margin": null,
            "gross_margin_4q_avg": 0,
            "net_income": null,
            "revenue": null,
            "common_shares": 832261,
            "book_valuer_per_share": 44.22,
            "book_valuer_per_share_4q_avg": 22.45,
            "equity": 3512958,
            "current_ratio": 188.1,
            "debt_ratio": 40.4,
            "inventory_turnover_ratio": null,
            "account_receivable_turnover_ratio": null,
            "reinvestment_rate": null,
            "research_to_sale_ratio": null,
            "price_fair": 0,
            "eps_avg_yearly": 0,
            "eps_latest_yearly": 0,
            "eps_growth_yearly": 0
        },
        "20163": {
            "year_quarter": 20163,
            "year": 2016,
            "quarter": 3,
            "eps": null,
            "eps_growth_year": null,
            "eps_4q": null,
            "eps_4q_growth_year": null,
            "roe": null,
            "roe_4q": 0,
            "gross_profit": null,
            "gross_margin": null,
            "gross_margin_4q_avg": 0,
            "net_income": null,
            "revenue": null,
            "common_shares": null,
            "book_valuer_per_share": null,
            "book_valuer_per_share_4q_avg": 22.45,
            "equity": null,
            "current_ratio": null,
            "debt_ratio": null,
            "inventory_turnover_ratio": null,
            "account_receivable_turnover_ratio": null,
            "reinvestment_rate": null,
            "research_to_sale_ratio": null,
            "price_fair": 0,
            "eps_avg_yearly": 0,
            "eps_latest_yearly": 0,
            "eps_growth_yearly": 0
        },
        "20164": {
            "year_quarter": 20164,
            "year": 2016,
            "quarter": 4,
            "eps": null,
            "eps_growth_year": null,
            "eps_4q": null,
            "eps_4q_growth_year": null,
            "roe": null,
            "roe_4q": 0,
            "gross_profit": null,
            "gross_margin": null,
            "gross_margin_4q_avg": 0,
            "net_income": null,
            "revenue": null,
            "common_shares": null,
            "book_valuer_per_share": null,
            "book_valuer_per_share_4q_avg": 11.06,
            "equity": null,
            "current_ratio": null,
            "debt_ratio": null,
            "inventory_turnover_ratio": null,
            "account_receivable_turnover_ratio": null,
            "reinvestment_rate": null,
            "research_to_sale_ratio": null,
            "price_fair": 0,
            "eps_avg_yearly": 0,
            "eps_latest_yearly": 0,
            "eps_growth_yearly": 0
        },
        "20171": {
            "year_quarter": 20171,
            "year": 2017,
            "quarter": 1,
            "eps": null,
            "eps_growth_year": null,
            "eps_4q": null,
            "eps_4q_growth_year": null,
            "roe": null,
            "roe_4q": 0,
            "gross_profit": null,
            "gross_margin": null,
            "gross_margin_4q_avg": 0,
            "net_income": null,
            "revenue": null,
            "common_shares": null,
            "book_valuer_per_share": null,
            "book_valuer_per_share_4q_avg": 11.06,
            "equity": null,
            "current_ratio": null,
            "debt_ratio": null,
            "inventory_turnover_ratio": null,
            "account_receivable_turnover_ratio": null,
            "reinvestment_rate": null,
            "research_to_sale_ratio": null,
            "price_fair": 0,
            "eps_avg_yearly": 0,
            "eps_latest_yearly": 0,
            "eps_growth_yearly": 0
        },
        "20172": {
            "year_quarter": 20172,
            "year": 2017,
            "quarter": 2,
            "eps": null,
            "eps_growth_year": null,
            "eps_4q": null,
            "eps_4q_growth_year": null,
            "roe": null,
            "roe_4q": 0,
            "gross_profit": null,
            "gross_margin": null,
            "gross_margin_4q_avg": 0,
            "net_income": null,
            "revenue": null,
            "common_shares": 814361,
            "book_valuer_per_share": 40.71,
            "book_valuer_per_share_4q_avg": 10.18,
            "equity": 3233994,
            "current_ratio": 209.71,
            "debt_ratio": 40.65,
            "inventory_turnover_ratio": null,
            "account_receivable_turnover_ratio": null,
            "reinvestment_rate": null,
            "research_to_sale_ratio": null,
            "price_fair": 0,
            "eps_avg_yearly": 0,
            "eps_latest_yearly": 0,
            "eps_growth_yearly": 0
        },
        "20173": {
            "year_quarter": 20173,
            "year": 2017,
            "quarter": 3,
            "eps": null,
            "eps_growth_year": null,
            "eps_4q": null,
            "eps_4q_growth_year": null,
            "roe": null,
            "roe_4q": 0,
            "gross_profit": null,
            "gross_margin": null,
            "gross_margin_4q_avg": 0,
            "net_income": null,
            "revenue": null,
            "common_shares": null,
            "book_valuer_per_share": null,
            "book_valuer_per_share_4q_avg": 10.18,
            "equity": null,
            "current_ratio": null,
            "debt_ratio": null,
            "inventory_turnover_ratio": null,
            "account_receivable_turnover_ratio": null,
            "reinvestment_rate": null,
            "research_to_sale_ratio": null,
            "price_fair": 0,
            "eps_avg_yearly": 0,
            "eps_latest_yearly": 0,
            "eps_growth_yearly": 0
        },
        "20174": {
            "year_quarter": 20174,
            "year": 2017,
            "quarter": 4,
            "eps": null,
            "eps_growth_year": null,
            "eps_4q": null,
            "eps_4q_growth_year": null,
            "roe": null,
            "roe_4q": 0,
            "gross_profit": null,
            "gross_margin": null,
            "gross_margin_4q_avg": 0,
            "net_income": null,
            "revenue": null,
            "common_shares": 814361,
            "book_valuer_per_share": 41.39,
            "book_valuer_per_share_4q_avg": 20.53,
            "equity": 3288027,
            "current_ratio": 200.77,
            "debt_ratio": 41.8,
            "inventory_turnover_ratio": null,
            "account_receivable_turnover_ratio": null,
            "reinvestment_rate": null,
            "research_to_sale_ratio": null,
            "price_fair": 0,
            "eps_avg_yearly": 0,
            "eps_latest_yearly": 0,
            "eps_growth_yearly": 0
        },
        "20181": {
            "year_quarter": 20181,
            "year": 2018,
            "quarter": 1,
            "eps": null,
            "eps_growth_year": null,
            "eps_4q": null,
            "eps_4q_growth_year": null,
            "roe": null,
            "roe_4q": 0,
            "gross_profit": null,
            "gross_margin": null,
            "gross_margin_4q_avg": 0,
            "net_income": null,
            "revenue": null,
            "common_shares": null,
            "book_valuer_per_share": null,
            "book_valuer_per_share_4q_avg": 20.53,
            "equity": null,
            "current_ratio": null,
            "debt_ratio": null,
            "inventory_turnover_ratio": null,
            "account_receivable_turnover_ratio": null,
            "reinvestment_rate": null,
            "research_to_sale_ratio": null,
            "price_fair": 0,
            "eps_avg_yearly": 0,
            "eps_latest_yearly": 0,
            "eps_growth_yearly": 0
        },
        "20182": {
            "year_quarter": 20182,
            "year": 2018,
            "quarter": 2,
            "eps": null,
            "eps_growth_year": null,
            "eps_4q": null,
            "eps_4q_growth_year": null,
            "roe": null,
            "roe_4q": 0,
            "gross_profit": null,
            "gross_margin": null,
            "gross_margin_4q_avg": 0,
            "net_income": null,
            "revenue": null,
            "common_shares": 814361,
            "book_valuer_per_share": 41.85,
            "book_valuer_per_share_4q_avg": 20.81,
            "equity": 3324272,
            "current_ratio": 204.65,
            "debt_ratio": 40.78,
            "inventory_turnover_ratio": null,
            "account_receivable_turnover_ratio": null,
            "reinvestment_rate": null,
            "research_to_sale_ratio": null,
            "price_fair": 0,
            "eps_avg_yearly": 0,
            "eps_latest_yearly": 0,
            "eps_growth_yearly": 0
        },
        "20183": {
            "year_quarter": 20183,
            "year": 2018,
            "quarter": 3,
            "eps": null,
            "eps_growth_year": null,
            "eps_4q": null,
            "eps_4q_growth_year": null,
            "roe": null,
            "roe_4q": 0,
            "gross_profit": null,
            "gross_margin": null,
            "gross_margin_4q_avg": 0,
            "net_income": null,
            "revenue": null,
            "common_shares": null,
            "book_valuer_per_share": null,
            "book_valuer_per_share_4q_avg": 20.81,
            "equity": null,
            "current_ratio": null,
            "debt_ratio": null,
            "inventory_turnover_ratio": null,
            "account_receivable_turnover_ratio": null,
            "reinvestment_rate": null,
            "research_to_sale_ratio": null,
            "price_fair": 0,
            "eps_avg_yearly": 0,
            "eps_latest_yearly": 0,
            "eps_growth_yearly": 0
        },
        "20184": {
            "year_quarter": 20184,
            "year": 2018,
            "quarter": 4,
            "eps": null,
            "eps_growth_year": null,
            "eps_4q": null,
            "eps_4q_growth_year": null,
            "roe": null,
            "roe_4q": 0,
            "gross_profit": null,
            "gross_margin": null,
            "gross_margin_4q_avg": 0,
            "net_income": null,
            "revenue": null,
            "common_shares": 794361,
            "book_valuer_per_share": 40.93,
            "book_valuer_per_share_4q_avg": 20.7,
            "equity": 3251571,
            "current_ratio": 212.09,
            "debt_ratio": 41.02,
            "inventory_turnover_ratio": null,
            "account_receivable_turnover_ratio": null,
            "reinvestment_rate": null,
            "research_to_sale_ratio": null,
            "price_fair": 0,
            "eps_avg_yearly": 0,
            "eps_latest_yearly": 0,
            "eps_growth_yearly": 0
        },
        "20191": {
            "year_quarter": 20191,
            "year": 2019,
            "quarter": 1,
            "eps": null,
            "eps_growth_year": null,
            "eps_4q": null,
            "eps_4q_growth_year": null,
            "roe": null,
            "roe_4q": 0,
            "gross_profit": null,
            "gross_margin": null,
            "gross_margin_4q_avg": 0,
            "net_income": null,
            "revenue": null,
            "common_shares": null,
            "book_valuer_per_share": null,
            "book_valuer_per_share_4q_avg": 20.7,
            "equity": null,
            "current_ratio": null,
            "debt_ratio": null,
            "inventory_turnover_ratio": null,
            "account_receivable_turnover_ratio": null,
            "reinvestment_rate": null,
            "research_to_sale_ratio": null,
            "price_fair": 0,
            "eps_avg_yearly": 0,
            "eps_latest_yearly": 0,
            "eps_growth_yearly": 0
        },
        "20192": {
            "year_quarter": 20192,
            "year": 2019,
            "quarter": 2,
            "eps": null,
            "eps_growth_year": null,
            "eps_4q": null,
            "eps_4q_growth_year": null,
            "roe": null,
            "roe_4q": 0,
            "gross_profit": null,
            "gross_margin": null,
            "gross_margin_4q_avg": 0,
            "net_income": null,
            "revenue": null,
            "common_shares": 794361,
            "book_valuer_per_share": 42.6,
            "book_valuer_per_share_4q_avg": 20.88,
            "equity": 3256470,
            "current_ratio": 217.98,
            "debt_ratio": 41.02,
            "inventory_turnover_ratio": null,
            "account_receivable_turnover_ratio": null,
            "reinvestment_rate": null,
            "research_to_sale_ratio": null,
            "price_fair": 0,
            "eps_avg_yearly": 0,
            "eps_latest_yearly": 0,
            "eps_growth_yearly": 0
        },
        "20193": {
            "year_quarter": 20193,
            "year": 2019,
            "quarter": 3,
            "eps": null,
            "eps_growth_year": null,
            "eps_4q": null,
            "eps_4q_growth_year": null,
            "roe": null,
            "roe_4q": 0,
            "gross_profit": null,
            "gross_margin": null,
            "gross_margin_4q_avg": 0,
            "net_income": null,
            "revenue": null,
            "common_shares": null,
            "book_valuer_per_share": null,
            "book_valuer_per_share_4q_avg": 20.88,
            "equity": null,
            "current_ratio": null,
            "debt_ratio": null,
            "inventory_turnover_ratio": null,
            "account_receivable_turnover_ratio": null,
            "reinvestment_rate": null,
            "research_to_sale_ratio": null,
            "price_fair": 0,
            "eps_avg_yearly": 0,
            "eps_latest_yearly": 0,
            "eps_growth_yearly": 0
        },
        "20194": {
            "year_quarter": 20194,
            "year": 2019,
            "quarter": 4,
            "eps": null,
            "eps_growth_year": null,
            "eps_4q": null,
            "eps_4q_growth_year": null,
            "roe": null,
            "roe_4q": 0,
            "gross_profit": null,
            "gross_margin": null,
            "gross_margin_4q_avg": 0,
            "net_income": null,
            "revenue": null,
            "common_shares": 794361,
            "book_valuer_per_share": 40.08,
            "book_valuer_per_share_4q_avg": 20.67,
            "equity": 3155300,
            "current_ratio": 203.42,
            "debt_ratio": 43.33,
            "inventory_turnover_ratio": null,
            "account_receivable_turnover_ratio": null,
            "reinvestment_rate": null,
            "research_to_sale_ratio": null,
            "price_fair": 0,
            "eps_avg_yearly": 0,
            "eps_latest_yearly": 0,
            "eps_growth_yearly": 0
        },
        "20201": {
            "year_quarter": 20201,
            "year": 2020,
            "quarter": 1,
            "eps": -0.31,
            "eps_growth_year": null,
            "eps_4q": null,
            "eps_4q_growth_year": null,
            "roe": -0.8,
            "roe_4q": -0.8,
            "gross_profit": 67625,
            "gross_margin": 10.1,
            "gross_margin_4q_avg": 2.53,
            "net_income": -24974,
            "revenue": 669575,
            "common_shares": 794361,
            "book_valuer_per_share": 39.5,
            "book_valuer_per_share_4q_avg": 30.55,
            "equity": 3112647,
            "current_ratio": 200.55,
            "debt_ratio": 43.06,
            "inventory_turnover_ratio": 3.05,
            "account_receivable_turnover_ratio": 0.7,
            "reinvestment_rate": null,
            "research_to_sale_ratio": 1.28,
            "price_fair": 0,
            "eps_avg_yearly": 0,
            "eps_latest_yearly": 0,
            "eps_growth_yearly": 0
        },
        "20202": {
            "year_quarter": 20202,
            "year": 2020,
            "quarter": 2,
            "eps": 0.15,
            "eps_growth_year": null,
            "eps_4q": null,
            "eps_4q_growth_year": null,
            "roe": 0.43,
            "roe_4q": -0.37000000000000005,
            "gross_profit": 87258,
            "gross_margin": 13.11,
            "gross_margin_4q_avg": 5.8,
            "net_income": 13600,
            "revenue": 665463,
            "common_shares": 900281,
            "book_valuer_per_share": 35.15,
            "book_valuer_per_share_4q_avg": 28.68,
            "equity": 3142989,
            "current_ratio": 207.59,
            "debt_ratio": 42.06,
            "inventory_turnover_ratio": 2.77,
            "account_receivable_turnover_ratio": 0.73,
            "reinvestment_rate": null,
            "research_to_sale_ratio": 0.94,
            "price_fair": 0,
            "eps_avg_yearly": 0,
            "eps_latest_yearly": 0,
            "eps_growth_yearly": 0
        },
        "20203": {
            "year_quarter": 20203,
            "year": 2020,
            "quarter": 3,
            "eps": -4.75,
            "eps_growth_year": null,
            "eps_4q": null,
            "eps_4q_growth_year": null,
            "roe": -14.05,
            "roe_4q": -14.420000000000002,
            "gross_profit": 152479,
            "gross_margin": 17.14,
            "gross_margin_4q_avg": 10.09,
            "net_income": -421269,
            "revenue": 889368,
            "common_shares": 900281,
            "book_valuer_per_share": 31.2,
            "book_valuer_per_share_4q_avg": 36.48,
            "equity": 2854079,
            "current_ratio": 197.01,
            "debt_ratio": 50.42,
            "inventory_turnover_ratio": 3.14,
            "account_receivable_turnover_ratio": 0.92,
            "reinvestment_rate": null,
            "research_to_sale_ratio": 0.58,
            "price_fair": 0,
            "eps_avg_yearly": 0,
            "eps_latest_yearly": 0,
            "eps_growth_yearly": 0
        },
        "20204": {
            "year_quarter": 20204,
            "year": 2020,
            "quarter": 4,
            "eps": 0.53,
            "eps_growth_year": null,
            "eps_4q": -4.31,
            "eps_4q_growth_year": null,
            "roe": 1.6,
            "roe_4q": -12.820000000000002,
            "gross_profit": 129596,
            "gross_margin": 14.46,
            "gross_margin_4q_avg": 13.7,
            "net_income": 46252,
            "revenue": 896046,
            "common_shares": 892631,
            "book_valuer_per_share": 31.98,
            "book_valuer_per_share_4q_avg": 34.46,
            "equity": 2943763,
            "current_ratio": 205.53,
            "debt_ratio": 49.26,
            "inventory_turnover_ratio": 3.1,
            "account_receivable_turnover_ratio": 0.84,
            "reinvestment_rate": null,
            "research_to_sale_ratio": 0.66,
            "price_fair": 0,
            "eps_avg_yearly": 0,
            "eps_latest_yearly": 0,
            "eps_growth_yearly": 0
        },
        "20211": {
            "year_quarter": 20211,
            "year": 2021,
            "quarter": 1,
            "eps": 1.56,
            "eps_growth_year": null,
            "eps_4q": -2.47,
            "eps_4q_growth_year": null,
            "roe": 4.59,
            "roe_4q": -7.4300000000000015,
            "gross_profit": 86278,
            "gross_margin": 10.47,
            "gross_margin_4q_avg": 13.8,
            "net_income": 139328,
            "revenue": 823990,
            "common_shares": 892631,
            "book_valuer_per_share": 33.35,
            "book_valuer_per_share_4q_avg": 32.92,
            "equity": 3126335,
            "current_ratio": 216.37,
            "debt_ratio": 45.49,
            "inventory_turnover_ratio": 2.77,
            "account_receivable_turnover_ratio": 0.74,
            "reinvestment_rate": null,
            "research_to_sale_ratio": 0.71,
            "price_fair": 218.4,
            "eps_avg_yearly": 6.24,
            "eps_latest_yearly": 6.24,
            "eps_growth_yearly": 777.36
        },
        "20212": {
            "year_quarter": 20212,
            "year": 2021,
            "quarter": 2,
            "eps": 0.33,
            "eps_growth_year": 120,
            "eps_4q": -2.29,
            "eps_4q_growth_year": null,
            "roe": 0.91,
            "roe_4q": -6.950000000000001,
            "gross_profit": 107624,
            "gross_margin": 13.2,
            "gross_margin_4q_avg": 13.82,
            "net_income": 28494,
            "revenue": 815522,
            "common_shares": 892631,
            "book_valuer_per_share": 33.4,
            "book_valuer_per_share_4q_avg": 32.48,
            "equity": 3126921,
            "current_ratio": 223.18,
            "debt_ratio": 44.13,
            "inventory_turnover_ratio": 2.52,
            "account_receivable_turnover_ratio": 0.75,
            "reinvestment_rate": null,
            "research_to_sale_ratio": 0.82,
            "price_fair": 132.3,
            "eps_avg_yearly": 3.78,
            "eps_latest_yearly": 1.32,
            "eps_growth_yearly": 230.99
        },
        "20213": {
            "year_quarter": 20213,
            "year": 2021,
            "quarter": 3,
            "eps": 0.27,
            "eps_growth_year": null,
            "eps_4q": 2.68,
            "eps_4q_growth_year": null,
            "roe": 0.72,
            "roe_4q": 7.82,
            "gross_profit": 144167,
            "gross_margin": 15.02,
            "gross_margin_4q_avg": 13.29,
            "net_income": 22204,
            "revenue": 959688,
            "common_shares": 892631,
            "book_valuer_per_share": 32.36,
            "book_valuer_per_share_4q_avg": 32.77,
            "equity": 3033252,
            "current_ratio": 220.24,
            "debt_ratio": 44.44,
            "inventory_turnover_ratio": 2.86,
            "account_receivable_turnover_ratio": 0.88,
            "reinvestment_rate": null,
            "research_to_sale_ratio": 0.7,
            "price_fair": 100.8,
            "eps_avg_yearly": 2.88,
            "eps_latest_yearly": 1.08,
            "eps_growth_yearly": 129.75
        },
        "20214": {
            "year_quarter": 20214,
            "year": 2021,
            "quarter": 4,
            "eps": -0.17,
            "eps_growth_year": -131.87,
            "eps_4q": 1.99,
            "eps_4q_growth_year": null,
            "roe": -0.53,
            "roe_4q": 5.6899999999999995,
            "gross_profit": 104983,
            "gross_margin": 11.22,
            "gross_margin_4q_avg": 12.48,
            "net_income": -16037,
            "revenue": 935876,
            "common_shares": 892631,
            "book_valuer_per_share": 32.34,
            "book_valuer_per_share_4q_avg": 32.86,
            "equity": 3029566,
            "current_ratio": 293.37,
            "debt_ratio": 41.66,
            "inventory_turnover_ratio": 2.81,
            "account_receivable_turnover_ratio": 0.81,
            "reinvestment_rate": null,
            "research_to_sale_ratio": 0.76,
            "price_fair": 100.8,
            "eps_avg_yearly": 2.88,
            "eps_latest_yearly": 1.08,
            "eps_growth_yearly": 129.75
        },
        "20221": {
            "year_quarter": 20221,
            "year": 2022,
            "quarter": 1,
            "eps": -0.44,
            "eps_growth_year": -128.21,
            "eps_4q": -0.01,
            "eps_4q_growth_year": null,
            "roe": -1.39,
            "roe_4q": -0.2899999999999999,
            "gross_profit": 64275,
            "gross_margin": 7.78,
            "gross_margin_4q_avg": 11.81,
            "net_income": -42432,
            "revenue": 826223,
            "common_shares": 892631,
            "book_valuer_per_share": 32.99,
            "book_valuer_per_share_4q_avg": 32.77,
            "equity": 3089329,
            "current_ratio": 342.52,
            "debt_ratio": 37.94,
            "inventory_turnover_ratio": 2.61,
            "account_receivable_turnover_ratio": 0.7,
            "reinvestment_rate": null,
            "research_to_sale_ratio": 1.06,
            "price_fair": 100.8,
            "eps_avg_yearly": 2.88,
            "eps_latest_yearly": 1.08,
            "eps_growth_yearly": 129.75
        },
        "20222": {
            "year_quarter": 20222,
            "year": 2022,
            "quarter": 2,
            "eps": -0.28,
            "eps_growth_year": -184.85,
            "eps_4q": -0.63,
            "eps_4q_growth_year": null,
            "roe": -0.87,
            "roe_4q": -2.0700000000000003,
            "gross_profit": 73076,
            "gross_margin": 9.59,
            "gross_margin_4q_avg": 10.9,
            "net_income": -26048,
            "revenue": 762035,
            "common_shares": 892631,
            "book_valuer_per_share": 31.17,
            "book_valuer_per_share_4q_avg": 32.22,
            "equity": 2930697,
            "current_ratio": 342.15,
            "debt_ratio": 37.95,
            "inventory_turnover_ratio": 2.55,
            "account_receivable_turnover_ratio": 0.68,
            "reinvestment_rate": null,
            "research_to_sale_ratio": 1.41,
            "price_fair": 100.8,
            "eps_avg_yearly": 2.88,
            "eps_latest_yearly": 1.08,
            "eps_growth_yearly": 129.75
        },
        "20223": {
            "year_quarter": 20223,
            "year": 2022,
            "quarter": 3,
            "eps": 0.36,
            "eps_growth_year": 33.33,
            "eps_4q": -0.53,
            "eps_4q_growth_year": -119.84,
            "roe": 1.01,
            "roe_4q": -1.78,
            "gross_profit": 109207,
            "gross_margin": 14.59,
            "gross_margin_4q_avg": 10.8,
            "net_income": 29897,
            "revenue": 748377,
            "common_shares": 892631,
            "book_valuer_per_share": 31.97,
            "book_valuer_per_share_4q_avg": 32.12,
            "equity": 3008721,
            "current_ratio": 335.93,
            "debt_ratio": 36.61,
            "inventory_turnover_ratio": 2.64,
            "account_receivable_turnover_ratio": 0.67,
            "reinvestment_rate": null,
            "research_to_sale_ratio": 1.25,
            "price_fair": 100.8,
            "eps_avg_yearly": 2.88,
            "eps_latest_yearly": 1.08,
            "eps_growth_yearly": 129.75
        },
        "20224": {
            "year_quarter": 20224,
            "year": 2022,
            "quarter": 4,
            "eps": -0.19,
            "eps_growth_year": null,
            "eps_4q": -0.55,
            "eps_4q_growth_year": -127.74,
            "roe": -0.59,
            "roe_4q": -1.8399999999999999,
            "gross_profit": 123581,
            "gross_margin": 17.42,
            "gross_margin_4q_avg": 12.35,
            "net_income": -17568,
            "revenue": 709264,
            "common_shares": 892631,
            "book_valuer_per_share": 31.29,
            "book_valuer_per_share_4q_avg": 31.86,
            "equity": 2940929,
            "current_ratio": 353.98,
            "debt_ratio": 35.73,
            "inventory_turnover_ratio": 2.43,
            "account_receivable_turnover_ratio": 0.64,
            "reinvestment_rate": null,
            "research_to_sale_ratio": 1.36,
            "price_fair": 100.8,
            "eps_avg_yearly": 2.88,
            "eps_latest_yearly": 1.08,
            "eps_growth_yearly": 129.75
        },
        "20231": {
            "year_quarter": 20231,
            "year": 2023,
            "quarter": 1,
            "eps": -0.13,
            "eps_growth_year": null,
            "eps_4q": -0.24,
            "eps_4q_growth_year": null,
            "roe": -0.49,
            "roe_4q": -0.9400000000000001,
            "gross_profit": 116696,
            "gross_margin": 16.75,
            "gross_margin_4q_avg": 14.59,
            "net_income": -14457,
            "revenue": 696557,
            "common_shares": 892631,
            "book_valuer_per_share": 31.33,
            "book_valuer_per_share_4q_avg": 31.44,
            "equity": 2954074,
            "current_ratio": 373.1,
            "debt_ratio": 34.92,
            "inventory_turnover_ratio": 2.44,
            "account_receivable_turnover_ratio": 0.69,
            "reinvestment_rate": null,
            "research_to_sale_ratio": 1.42,
            "price_fair": 100.8,
            "eps_avg_yearly": 2.88,
            "eps_latest_yearly": 1.08,
            "eps_growth_yearly": 129.75
        }
    },
    "months": {
        "2006-11": {
            "month": "2006-11",
            "price": "121.56",
            "revenue": 273194
        },
        "2006-12": {
            "month": "2006-12",
            "price": "114.51",
            "revenue": 238858
        },
        "2007-01": {
            "month": "2007-01",
            "price": "104.32",
            "revenue": 288481
        },
        "2007-02": {
            "month": "2007-02",
            "price": "98.64",
            "revenue": 187861
        },
        "2007-03": {
            "month": "2007-03",
            "price": "90.50",
            "revenue": 187825
        },
        "2007-04": {
            "month": "2007-04",
            "price": "80.91",
            "revenue": 248750
        },
        "2007-05": {
            "month": "2007-05",
            "price": "81.33",
            "revenue": 275876
        },
        "2007-06": {
            "month": "2007-06",
            "price": "82.90",
            "revenue": 258455
        },
        "2007-07": {
            "month": "2007-07",
            "price": "66.98",
            "revenue": 360895
        },
        "2007-08": {
            "month": "2007-08",
            "price": "51.37",
            "revenue": 344582
        },
        "2007-09": {
            "month": "2007-09",
            "price": "37.13",
            "revenue": 394458
        },
        "2007-10": {
            "month": "2007-10",
            "price": "36.98",
            "revenue": 411478
        },
        "2007-11": {
            "month": "2007-11",
            "price": "34.07",
            "revenue": 396968
        },
        "2007-12": {
            "month": "2007-12",
            "price": "30.92",
            "revenue": 361696
        },
        "2008-01": {
            "month": "2008-01",
            "price": "25.15",
            "revenue": 362708
        },
        "2008-02": {
            "month": "2008-02",
            "price": "22.76",
            "revenue": 346439
        },
        "2008-03": {
            "month": "2008-03",
            "price": "23.83",
            "revenue": 449158
        },
        "2008-04": {
            "month": "2008-04",
            "price": "22.78",
            "revenue": 437678
        },
        "2008-05": {
            "month": "2008-05",
            "price": "27.99",
            "revenue": 421811
        },
        "2008-06": {
            "month": "2008-06",
            "price": "28.70",
            "revenue": 426098
        },
        "2008-07": {
            "month": "2008-07",
            "price": "23.72",
            "revenue": 486463
        },
        "2008-08": {
            "month": "2008-08",
            "price": "23.74",
            "revenue": 526790
        },
        "2008-09": {
            "month": "2008-09",
            "price": "21.45",
            "revenue": 584524
        },
        "2008-10": {
            "month": "2008-10",
            "price": "14.06",
            "revenue": 369063
        },
        "2008-11": {
            "month": "2008-11",
            "price": "7.88",
            "revenue": 168718
        },
        "2008-12": {
            "month": "2008-12",
            "price": "6.49",
            "revenue": 165095
        },
        "2009-01": {
            "month": "2009-01",
            "price": "6.39",
            "revenue": 201850
        },
        "2009-02": {
            "month": "2009-02",
            "price": "8.14",
            "revenue": 256791
        },
        "2009-03": {
            "month": "2009-03",
            "price": "10.45",
            "revenue": 367281
        },
        "2009-04": {
            "month": "2009-04",
            "price": "16.47",
            "revenue": 432433
        },
        "2009-05": {
            "month": "2009-05",
            "price": "29.65",
            "revenue": 480532
        },
        "2009-06": {
            "month": "2009-06",
            "price": "31.34",
            "revenue": 420715
        },
        "2009-07": {
            "month": "2009-07",
            "price": "39.54",
            "revenue": 472479
        },
        "2009-08": {
            "month": "2009-08",
            "price": "54.87",
            "revenue": 592006
        },
        "2009-09": {
            "month": "2009-09",
            "price": "65.63",
            "revenue": 569272
        },
        "2009-10": {
            "month": "2009-10",
            "price": "55.42",
            "revenue": 557076
        },
        "2009-11": {
            "month": "2009-11",
            "price": "49.86",
            "revenue": 571746
        },
        "2009-12": {
            "month": "2009-12",
            "price": "58.46",
            "revenue": 571932
        },
        "2010-01": {
            "month": "2010-01",
            "price": "57.99",
            "revenue": 531615
        },
        "2010-02": {
            "month": "2010-02",
            "price": "56.68",
            "revenue": 434151
        },
        "2010-03": {
            "month": "2010-03",
            "price": "50.86",
            "revenue": 520044
        },
        "2010-04": {
            "month": "2010-04",
            "price": "42.49",
            "revenue": 609863
        },
        "2010-05": {
            "month": "2010-05",
            "price": "43.78",
            "revenue": 548256
        },
        "2010-06": {
            "month": "2010-06",
            "price": "44.37",
            "revenue": 552806
        },
        "2010-07": {
            "month": "2010-07",
            "price": "42.63",
            "revenue": 600022
        },
        "2010-08": {
            "month": "2010-08",
            "price": "40.11",
            "revenue": 640215
        },
        "2010-09": {
            "month": "2010-09",
            "price": "36.06",
            "revenue": 623695
        },
        "2010-10": {
            "month": "2010-10",
            "price": "32.01",
            "revenue": 566717
        },
        "2010-11": {
            "month": "2010-11",
            "price": "30.83",
            "revenue": 547746
        },
        "2010-12": {
            "month": "2010-12",
            "price": "35.43",
            "revenue": 500358
        },
        "2011-01": {
            "month": "2011-01",
            "price": "39.08",
            "revenue": 563516
        },
        "2011-02": {
            "month": "2011-02",
            "price": "40.56",
            "revenue": 527252
        },
        "2011-03": {
            "month": "2011-03",
            "price": "39.00",
            "revenue": 676191
        },
        "2011-04": {
            "month": "2011-04",
            "price": "38.64",
            "revenue": 479313
        },
        "2011-05": {
            "month": "2011-05",
            "price": "37.12",
            "revenue": 551184
        },
        "2011-06": {
            "month": "2011-06",
            "price": "35.08",
            "revenue": 425207
        },
        "2011-07": {
            "month": "2011-07",
            "price": "28.35",
            "revenue": 527919
        },
        "2011-08": {
            "month": "2011-08",
            "price": "20.73",
            "revenue": 528007
        },
        "2011-09": {
            "month": "2011-09",
            "price": "22.56",
            "revenue": 515633
        },
        "2011-10": {
            "month": "2011-10",
            "price": "20.38",
            "revenue": 452737
        },
        "2011-11": {
            "month": "2011-11",
            "price": "19.15",
            "revenue": 422708
        },
        "2011-12": {
            "month": "2011-12",
            "price": "17.30",
            "revenue": 441527
        },
        "2012-01": {
            "month": "2012-01",
            "price": "16.87",
            "revenue": 410381
        },
        "2012-02": {
            "month": "2012-02",
            "price": "18.83",
            "revenue": 419897
        },
        "2012-03": {
            "month": "2012-03",
            "price": "17.62",
            "revenue": 506164
        },
        "2012-04": {
            "month": "2012-04",
            "price": "15.61",
            "revenue": 524146
        },
        "2012-05": {
            "month": "2012-05",
            "price": "13.40",
            "revenue": 493917
        },
        "2012-06": {
            "month": "2012-06",
            "price": "12.34",
            "revenue": 475508
        },
        "2012-07": {
            "month": "2012-07",
            "price": "12.17",
            "revenue": 444501
        },
        "2012-08": {
            "month": "2012-08",
            "price": "11.73",
            "revenue": 463633
        },
        "2012-09": {
            "month": "2012-09",
            "price": "13.46",
            "revenue": 465786
        },
        "2012-10": {
            "month": "2012-10",
            "price": "12.29",
            "revenue": 449446
        },
        "2012-11": {
            "month": "2012-11",
            "price": "10.97",
            "revenue": 393729
        },
        "2012-12": {
            "month": "2012-12",
            "price": "11.24",
            "revenue": 342085
        },
        "2013-01": {
            "month": "2013-01",
            "price": "11.04",
            "revenue": 391810
        },
        "2013-02": {
            "month": "2013-02",
            "price": "10.99",
            "revenue": 352669
        },
        "2013-03": {
            "month": "2013-03",
            "price": "11.46",
            "revenue": 446368
        },
        "2013-04": {
            "month": "2013-04",
            "price": "11.96",
            "revenue": 401089
        },
        "2013-05": {
            "month": "2013-05",
            "price": "11.05",
            "revenue": 411328
        },
        "2013-06": {
            "month": "2013-06",
            "price": "10.99",
            "revenue": 414338
        },
        "2013-07": {
            "month": "2013-07",
            "price": "10.78",
            "revenue": 434795
        },
        "2013-08": {
            "month": "2013-08",
            "price": "9.80",
            "revenue": 438561
        },
        "2013-09": {
            "month": "2013-09",
            "price": "9.21",
            "revenue": 441793
        },
        "2013-10": {
            "month": "2013-10",
            "price": "9.80",
            "revenue": 433797
        },
        "2013-11": {
            "month": "2013-11",
            "price": "11.05",
            "revenue": 486354
        },
        "2013-12": {
            "month": "2013-12",
            "price": "12.44",
            "revenue": 460274
        },
        "2014-01": {
            "month": "2014-01",
            "price": "12.31",
            "revenue": 388489
        },
        "2014-02": {
            "month": "2014-02",
            "price": "12.21",
            "revenue": 280456
        },
        "2014-03": {
            "month": "2014-03",
            "price": "12.37",
            "revenue": 395063
        },
        "2014-04": {
            "month": "2014-04",
            "price": "10.90",
            "revenue": 431131
        },
        "2014-05": {
            "month": "2014-05",
            "price": "10.46",
            "revenue": 364839
        },
        "2014-06": {
            "month": "2014-06",
            "price": "10.07",
            "revenue": 308350
        },
        "2014-07": {
            "month": "2014-07",
            "price": "11.32",
            "revenue": 384573
        },
        "2014-08": {
            "month": "2014-08",
            "price": "11.88",
            "revenue": 382902
        },
        "2014-09": {
            "month": "2014-09",
            "price": "10.16",
            "revenue": 402613
        },
        "2014-10": {
            "month": "2014-10",
            "price": "9.89",
            "revenue": 386457
        },
        "2014-11": {
            "month": "2014-11",
            "price": "9.89",
            "revenue": 358453
        },
        "2014-12": {
            "month": "2014-12",
            "price": "10.03",
            "revenue": 335588
        },
        "2015-01": {
            "month": "2015-01",
            "price": "11.80",
            "revenue": 341589
        },
        "2015-02": {
            "month": "2015-02",
            "price": "11.97",
            "revenue": 242322
        },
        "2015-03": {
            "month": "2015-03",
            "price": "12.08",
            "revenue": 368057
        },
        "2015-04": {
            "month": "2015-04",
            "price": "11.11",
            "revenue": 407803
        },
        "2015-05": {
            "month": "2015-05",
            "price": "11.30",
            "revenue": 366545
        },
        "2015-06": {
            "month": "2015-06",
            "price": "11.77",
            "revenue": 352676
        },
        "2015-07": {
            "month": "2015-07",
            "price": "12.18",
            "revenue": 403604
        },
        "2015-08": {
            "month": "2015-08",
            "price": "10.52",
            "revenue": 420690
        },
        "2015-09": {
            "month": "2015-09",
            "price": "10.83",
            "revenue": 457497
        },
        "2015-10": {
            "month": "2015-10",
            "price": "10.85",
            "revenue": 371864
        },
        "2015-11": {
            "month": "2015-11",
            "price": "10.68",
            "revenue": 370508
        },
        "2015-12": {
            "month": "2015-12",
            "price": "10.30",
            "revenue": 377683
        },
        "2016-01": {
            "month": "2016-01",
            "price": "9.94",
            "revenue": 383560
        },
        "2016-02": {
            "month": "2016-02",
            "price": "10.14",
            "revenue": 265464
        },
        "2016-03": {
            "month": "2016-03",
            "price": "10.27",
            "revenue": 378139
        },
        "2016-04": {
            "month": "2016-04",
            "price": "10.51",
            "revenue": 360413
        },
        "2016-05": {
            "month": "2016-05",
            "price": "10.66",
            "revenue": 383743
        },
        "2016-06": {
            "month": "2016-06",
            "price": "10.83",
            "revenue": 377764
        },
        "2016-07": {
            "month": "2016-07",
            "price": "10.85",
            "revenue": 421850
        },
        "2016-08": {
            "month": "2016-08",
            "price": "11.14",
            "revenue": 468053
        },
        "2016-09": {
            "month": "2016-09",
            "price": "12.94",
            "revenue": 414951
        },
        "2016-10": {
            "month": "2016-10",
            "price": "13.16",
            "revenue": 403719
        },
        "2016-11": {
            "month": "2016-11",
            "price": "13.01",
            "revenue": 408518
        },
        "2016-12": {
            "month": "2016-12",
            "price": "13.96",
            "revenue": 370942
        },
        "2017-01": {
            "month": "2017-01",
            "price": "13.92",
            "revenue": 317119
        },
        "2017-02": {
            "month": "2017-02",
            "price": "14.73",
            "revenue": 279724
        },
        "2017-03": {
            "month": "2017-03",
            "price": "14.14",
            "revenue": 316479
        },
        "2017-04": {
            "month": "2017-04",
            "price": "12.56",
            "revenue": 279356
        },
        "2017-05": {
            "month": "2017-05",
            "price": "12.34",
            "revenue": 281073
        },
        "2017-06": {
            "month": "2017-06",
            "price": "12.26",
            "revenue": 265310
        },
        "2017-07": {
            "month": "2017-07",
            "price": "11.84",
            "revenue": 276047
        },
        "2017-08": {
            "month": "2017-08",
            "price": "11.62",
            "revenue": 269869
        },
        "2017-09": {
            "month": "2017-09",
            "price": "15.38",
            "revenue": 265138
        },
        "2017-10": {
            "month": "2017-10",
            "price": "19.35",
            "revenue": 296604
        },
        "2017-11": {
            "month": "2017-11",
            "price": "24.48",
            "revenue": 316830
        },
        "2017-12": {
            "month": "2017-12",
            "price": "21.47",
            "revenue": 330511
        },
        "2018-01": {
            "month": "2018-01",
            "price": "17.65",
            "revenue": 366982
        },
        "2018-02": {
            "month": "2018-02",
            "price": "15.89",
            "revenue": 245425
        },
        "2018-03": {
            "month": "2018-03",
            "price": "14.87",
            "revenue": 276056
        },
        "2018-04": {
            "month": "2018-04",
            "price": "16.22",
            "revenue": 291759
        },
        "2018-05": {
            "month": "2018-05",
            "price": "15.89",
            "revenue": 297602
        },
        "2018-06": {
            "month": "2018-06",
            "price": "15.02",
            "revenue": 261033
        },
        "2018-07": {
            "month": "2018-07",
            "price": "14.54",
            "revenue": 327146
        },
        "2018-08": {
            "month": "2018-08",
            "price": "14.74",
            "revenue": 325129
        },
        "2018-09": {
            "month": "2018-09",
            "price": "15.22",
            "revenue": 312595
        },
        "2018-10": {
            "month": "2018-10",
            "price": "14.24",
            "revenue": 289138
        },
        "2018-11": {
            "month": "2018-11",
            "price": "13.50",
            "revenue": 264696
        },
        "2018-12": {
            "month": "2018-12",
            "price": "14.96",
            "revenue": 259793
        },
        "2019-01": {
            "month": "2019-01",
            "price": "14.54",
            "revenue": 278819
        },
        "2019-02": {
            "month": "2019-02",
            "price": "16.22",
            "revenue": 174937
        },
        "2019-03": {
            "month": "2019-03",
            "price": "17.98",
            "revenue": 239760
        },
        "2019-04": {
            "month": "2019-04",
            "price": "17.06",
            "revenue": 258234
        },
        "2019-05": {
            "month": "2019-05",
            "price": "17.20",
            "revenue": 247242
        },
        "2019-06": {
            "month": "2019-06",
            "price": "16.39",
            "revenue": 245646
        },
        "2019-07": {
            "month": "2019-07",
            "price": "15.99",
            "revenue": 252017
        },
        "2019-08": {
            "month": "2019-08",
            "price": "16.16",
            "revenue": 242202
        },
        "2019-09": {
            "month": "2019-09",
            "price": "17.27",
            "revenue": 284261
        },
        "2019-10": {
            "month": "2019-10",
            "price": "18.55",
            "revenue": 207814
        },
        "2019-11": {
            "month": "2019-11",
            "price": "20.04",
            "revenue": 278006
        },
        "2019-12": {
            "month": "2019-12",
            "price": "21.96",
            "revenue": 258639
        },
        "2020-01": {
            "month": "2020-01",
            "price": "23.90",
            "revenue": 226114
        },
        "2020-02": {
            "month": "2020-02",
            "price": "22.53",
            "revenue": 195430
        },
        "2020-03": {
            "month": "2020-03",
            "price": "19.14",
            "revenue": 248031
        },
        "2020-04": {
            "month": "2020-04",
            "price": "19.77",
            "revenue": 207889
        },
        "2020-05": {
            "month": "2020-05",
            "price": "17.80",
            "revenue": 217364
        },
        "2020-06": {
            "month": "2020-06",
            "price": "17.34",
            "revenue": 240209
        },
        "2020-07": {
            "month": "2020-07",
            "price": "17.62",
            "revenue": 286186
        },
        "2020-08": {
            "month": "2020-08",
            "price": "17.11",
            "revenue": 288203
        },
        "2020-09": {
            "month": "2020-09",
            "price": "18.60",
            "revenue": 314979
        },
        "2020-10": {
            "month": "2020-10",
            "price": "22.83",
            "revenue": 272027
        },
        "2020-11": {
            "month": "2020-11",
            "price": "23.21",
            "revenue": 313459
        },
        "2020-12": {
            "month": "2020-12",
            "price": "27.98",
            "revenue": 310560
        },
        "2021-01": {
            "month": "2021-01",
            "price": "30.70",
            "revenue": 313540
        },
        "2021-02": {
            "month": "2021-02",
            "price": "29.75",
            "revenue": 211397
        },
        "2021-03": {
            "month": "2021-03",
            "price": "30.06",
            "revenue": 299052
        },
        "2021-04": {
            "month": "2021-04",
            "price": "29.94",
            "revenue": 278227
        },
        "2021-05": {
            "month": "2021-05",
            "price": "27.67",
            "revenue": 271693
        },
        "2021-06": {
            "month": "2021-06",
            "price": "27.67",
            "revenue": 265602
        },
        "2021-07": {
            "month": "2021-07",
            "price": "28.39",
            "revenue": 301059
        },
        "2021-08": {
            "month": "2021-08",
            "price": "27.64",
            "revenue": 339867
        },
        "2021-09": {
            "month": "2021-09",
            "price": "27.62",
            "revenue": 318762
        },
        "2021-10": {
            "month": "2021-10",
            "price": "27.72",
            "revenue": 320770
        },
        "2021-11": {
            "month": "2021-11",
            "price": "27.41",
            "revenue": 309688
        },
        "2021-12": {
            "month": "2021-12",
            "price": "26.75",
            "revenue": 305418
        },
        "2022-01": {
            "month": "2022-01",
            "price": "25.72",
            "revenue": 299151
        },
        "2022-02": {
            "month": "2022-02",
            "price": "23.61",
            "revenue": 222307
        },
        "2022-03": {
            "month": "2022-03",
            "price": "23.21",
            "revenue": 304765
        },
        "2022-04": {
            "month": "2022-04",
            "price": "22.85",
            "revenue": 242856
        },
        "2022-05": {
            "month": "2022-05",
            "price": "21.50",
            "revenue": 267445
        },
        "2022-06": {
            "month": "2022-06",
            "price": "21.02",
            "revenue": 251734
        },
        "2022-07": {
            "month": "2022-07",
            "price": "19.36",
            "revenue": 281091
        },
        "2022-08": {
            "month": "2022-08",
            "price": "19.58",
            "revenue": 237089
        },
        "2022-09": {
            "month": "2022-09",
            "price": "20.45",
            "revenue": 230197
        },
        "2022-10": {
            "month": "2022-10",
            "price": "20.08",
            "revenue": 245070
        },
        "2022-11": {
            "month": "2022-11",
            "price": "19.82",
            "revenue": 227824
        },
        "2022-12": {
            "month": "2022-12",
            "price": "19.73",
            "revenue": 236370
        },
        "2023-01": {
            "month": "2023-01",
            "price": "19.57",
            "revenue": 222716
        },
        "2023-02": {
            "month": "2023-02",
            "price": "19.88",
            "revenue": 195475
        },
        "2023-03": {
            "month": "2023-03",
            "price": "20.22",
            "revenue": 278366
        },
        "2023-04": {
            "month": "2023-04",
            "price": "21.63",
            "revenue": 275243
        }
    }
}
