{
    "summary": {
        "stock_name": "敦泰",
        "stock_id": "3545",
        "category": "半導體",
        "main_business": "研究、開發、設計、製造及銷售手持式行動裝置應用晶片",
        "website_url": "http://www.focaltech-electronics.com",
        "ceo": "胡正大",
        "pe_ratio": 57,
        "report_year_from": 2006,
        "report_year_to": 2023,
        "age": 18,
        "eps_negative_percentage": 22,
        "eps_growth_avg": {
            "last_all": -8.72,
            "last_2y": 0,
            "last_4y": 0,
            "last_8y": -24.77,
            "last_12y": -18.39,
            "last_16y": -8.72,
            "last_20y": null,
            "at_2006_last_3y": null,
            "at_2007_last_3y": null,
            "at_2008_last_3y": null,
            "at_2009_last_3y": null,
            "at_2010_last_3y": 13.03,
            "at_2011_last_3y": -8.17,
            "at_2012_last_3y": -3.78,
            "at_2013_last_3y": 19.06,
            "at_2014_last_3y": -10.41,
            "at_2015_last_3y": -2.75,
            "at_2016_last_3y": 4.05,
            "at_2017_last_3y": -45.95,
            "at_2018_last_3y": -41.29,
            "at_2019_last_3y": -40.98,
            "at_2020_last_3y": -100,
            "at_2021_last_3y": 100,
            "at_2022_last_3y": 0,
            "at_2023_last_3y": 0,
            "at_2024_last_3y": 0,
            "at_2006_last_all": null,
            "at_2007_last_all": null,
            "at_2008_last_all": -7.25,
            "at_2009_last_all": -1.95,
            "at_2010_last_all": 13.03,
            "at_2011_last_all": -4.09,
            "at_2012_last_all": -4.94,
            "at_2013_last_all": 10.05,
            "at_2014_last_all": 1.31,
            "at_2015_last_all": -3.49,
            "at_2016_last_all": -1.34,
            "at_2017_last_all": -10.31,
            "at_2018_last_all": -10.31,
            "at_2019_last_all": -10.31,
            "at_2020_last_all": -10.31,
            "at_2021_last_all": -1.12,
            "at_2022_last_all": -8.72,
            "at_2023_last_all": -8.72,
            "at_2024_last_all": -8.72
        },
        "latest_eps": 1.67,
        "latest_price": 94.8,
        "latest_roe": 3.89,
        "latest_gross_margin": 20.84,
        "latest_equity": 9314100,
        "latest_revenue": 3632334,
        "latest_gross_profit": 756917,
        "latest_net_income": 75898,
        "latest_debt_ratio": 49.53,
        "latest_current_ratio": 273.21,
        "latest_account_receivable_turnover_ratio": 2.24,
        "latest_inventory_turnover_ratio": 0.96,
        "latest_reinvestment_rate": 24.89,
        "latest_research_to_sale_ratio": 13.91
    },
    "eps_dividends": {
        "2001": {
            "cash": 0,
            "stock": 0,
            "eps": 0
        },
        "2002": {
            "cash": 0,
            "stock": 0,
            "eps": 0
        },
        "2003": {
            "cash": 0,
            "stock": 0,
            "eps": 0
        },
        "2004": {
            "cash": 0,
            "stock": 0,
            "eps": 0
        },
        "2005": {
            "cash": 0,
            "stock": 0,
            "eps": 0
        },
        "2006": {
            "cash": 0,
            "stock": 0,
            "eps": 2.53
        },
        "2007": {
            "cash": 0.6,
            "stock": 0.3,
            "eps": 2.84
        },
        "2008": {
            "cash": 1.2,
            "stock": 0.5,
            "eps": 2.08
        },
        "2009": {
            "cash": 1.2,
            "stock": 0,
            "eps": 2.26
        },
        "2010": {
            "cash": 1.88,
            "stock": 0,
            "eps": 3.57
        },
        "2011": {
            "cash": 3.5700000000000003,
            "stock": 0,
            "eps": 0.98
        },
        "2012": {
            "cash": 0,
            "stock": 0,
            "eps": 0.89
        },
        "2013": {
            "cash": 0.7,
            "stock": 0,
            "eps": 2.62
        },
        "2014": {
            "cash": 2,
            "stock": 0,
            "eps": 1.05
        },
        "2015": {
            "cash": 0.31,
            "stock": 0,
            "eps": 0.61
        },
        "2016": {
            "cash": 0.72,
            "stock": 0,
            "eps": 0.72
        },
        "2017": {
            "cash": 0.64,
            "stock": 0,
            "eps": -0.25
        },
        "2018": {
            "cash": 0.5,
            "stock": 0,
            "eps": -8.68
        },
        "2019": {
            "cash": 0.5,
            "stock": 0,
            "eps": -0.65
        },
        "2020": {
            "cash": 0.5,
            "stock": 0,
            "eps": 4.37
        },
        "2021": {
            "cash": 3.32,
            "stock": 0,
            "eps": 29.83
        },
        "2022": {
            "cash": 15.71,
            "stock": 0,
            "eps": -9.42
        },
        "2023": {
            "cash": 0.5,
            "stock": 0,
            "eps": 1.73
        },
        "2024": {
            "cash": 1,
            "stock": 0,
            "eps": 0
        }
    },
    "dividends": {
        "2007-03-29": {
            "cash": 0.6,
            "stock": 0.3
        },
        "2008-04-24": {
            "cash": 1.2,
            "stock": 0.5
        },
        "2009-04-21": {
            "cash": 1.2,
            "stock": 0
        },
        "2010-04-22": {
            "cash": 1.88,
            "stock": 0
        },
        "2011-01-01": {
            "cash": 0.8,
            "stock": 0
        },
        "2011-04-21": {
            "cash": 2.77,
            "stock": 0
        },
        "2013-04-25": {
            "cash": 0.7,
            "stock": 0
        },
        "2014-09-15": {
            "cash": 2,
            "stock": 0
        },
        "2015-09-30": {
            "cash": 0.31,
            "stock": 0
        },
        "2016-09-30": {
            "cash": 0.72,
            "stock": 0
        },
        "2017-09-13": {
            "cash": 0.64,
            "stock": 0
        },
        "2018-08-17": {
            "cash": 0.5,
            "stock": 0
        },
        "2019-08-09": {
            "cash": 0.5,
            "stock": 0
        },
        "2020-05-08": {
            "cash": 0.5,
            "stock": 0
        },
        "2021-10-14": {
            "cash": 3.32,
            "stock": 0
        },
        "2022-08-24": {
            "cash": 15.71,
            "stock": 0
        },
        "2023-07-28": {
            "cash": 0.5,
            "stock": 0
        },
        "2024-02-23": {
            "cash": 1,
            "stock": 0
        }
    },
    "prices": {
        "200101": "無",
        "200102": "無",
        "200103": "無",
        "200104": "無",
        "200105": "無",
        "200106": "無",
        "200107": "無",
        "200108": "無",
        "200109": "無",
        "200110": "無",
        "200111": "無",
        "200112": "無",
        "200201": "無",
        "200202": "無",
        "200203": "無",
        "200204": "無",
        "200205": "無",
        "200206": "無",
        "200207": "無",
        "200208": "無",
        "200209": "無",
        "200210": "無",
        "200211": "無",
        "200212": "無",
        "200301": "無",
        "200302": "無",
        "200303": "無",
        "200304": "無",
        "200305": "無",
        "200306": "無",
        "200307": "無",
        "200308": "無",
        "200309": "無",
        "200310": "無",
        "200311": "無",
        "200312": "無",
        "200401": "無",
        "200402": "無",
        "200403": "無",
        "200404": "無",
        "200405": "無",
        "200406": "無",
        "200407": "無",
        "200408": "無",
        "200409": "無",
        "200410": "無",
        "200411": "無",
        "200412": "無",
        "200501": "無",
        "200502": "無",
        "200503": "無",
        "200504": "無",
        "200505": "無",
        "200506": "無",
        "200507": "無",
        "200508": "無",
        "200509": "無",
        "200510": "無",
        "200511": "無",
        "200512": "無",
        "200601": "無",
        "200602": "無",
        "200603": "無",
        "200604": "無",
        "200605": "無",
        "200606": "無",
        "200607": "無",
        "200608": "無",
        "200609": "無",
        "200610": "無",
        "200611": "無",
        "200612": "無",
        "200701": "無",
        "200702": "無",
        "200703": "無",
        "200704": "無",
        "200705": "無",
        "200706": "無",
        "200707": "136.60",
        "200708": "111.59",
        "200709": "89.37",
        "200710": "96.30",
        "200711": "102.84",
        "200712": "88.54",
        "200801": "69.64",
        "200802": "51.19",
        "200803": "67.50",
        "200804": "74.06",
        "200805": "89.13",
        "200806": "73.64",
        "200807": "60.00",
        "200808": "68.29",
        "200809": "50.13",
        "200810": "36.12",
        "200811": "24.14",
        "200812": "21.77",
        "200901": "25.22",
        "200902": "29.58",
        "200903": "37.00",
        "200904": "39.86",
        "200905": "47.96",
        "200906": "53.22",
        "200907": "55.68",
        "200908": "51.01",
        "200909": "50.48",
        "200910": "58.28",
        "200911": "56.68",
        "200912": "69.42",
        "201001": "67.97",
        "201002": "56.66",
        "201003": "60.10",
        "201004": "59.35",
        "201005": "51.60",
        "201006": "49.70",
        "201007": "50.36",
        "201008": "51.12",
        "201009": "61.79",
        "201010": "66.01",
        "201011": "69.42",
        "201012": "69.50",
        "201101": "63.91",
        "201102": "63.71",
        "201103": "57.85",
        "201104": "62.38",
        "201105": "63.30",
        "201106": "58.06",
        "201107": "44.99",
        "201108": "33.33",
        "201109": "31.94",
        "201110": "37.21",
        "201111": "35.92",
        "201112": "27.30",
        "201201": "29.55",
        "201202": "36.41",
        "201203": "38.35",
        "201204": "33.63",
        "201205": "32.03",
        "201206": "30.25",
        "201207": "28.69",
        "201208": "32.98",
        "201209": "38.23",
        "201210": "35.14",
        "201211": "34.87",
        "201212": "38.47",
        "201301": "39.24",
        "201302": "40.65",
        "201303": "45.87",
        "201304": "50.10",
        "201305": "53.60",
        "201306": "59.11",
        "201307": "61.47",
        "201308": "58.82",
        "201309": "57.02",
        "201310": "47.49",
        "201311": "46.01",
        "201312": "42.41",
        "201401": "47.03",
        "201402": "44.42",
        "201403": "52.14",
        "201404": "53.54",
        "201405": "53.77",
        "201406": "51.02",
        "201407": "50.66",
        "201408": "44.73",
        "201409": "42.44",
        "201410": "39.59",
        "201411": "32.96",
        "201412": "34.33",
        "201501": "36.38",
        "201502": "36.11",
        "201503": "36.47",
        "201504": "33.40",
        "201505": "30.82",
        "201506": "33.24",
        "201507": "29.92",
        "201508": "22.24",
        "201509": "24.62",
        "201510": "25.04",
        "201511": "28.17",
        "201512": "33.92",
        "201601": "28.92",
        "201602": "29.23",
        "201603": "30.54",
        "201604": "27.87",
        "201605": "26.35",
        "201606": "26.91",
        "201607": "27.18",
        "201608": "30.91",
        "201609": "35.11",
        "201610": "33.94",
        "201611": "34.75",
        "201612": "33.94",
        "201701": "35.45",
        "201702": "38.89",
        "201703": "41.72",
        "201704": "39.33",
        "201705": "32.41",
        "201706": "34.32",
        "201707": "38.96",
        "201708": "39.88",
        "201709": "39.22",
        "201710": "34.33",
        "201711": "30.10",
        "201712": "30.05",
        "201801": "31.09",
        "201802": "28.15",
        "201803": "30.46",
        "201804": "29.30",
        "201805": "26.37",
        "201806": "27.69",
        "201807": "25.75",
        "201808": "24.91",
        "201809": "25.18",
        "201810": "22.72",
        "201811": "24.27",
        "201812": "27.15",
        "201901": "22.92",
        "201902": "22.25",
        "201903": "23.64",
        "201904": "25.42",
        "201905": "22.15",
        "201906": "22.53",
        "201907": "23.42",
        "201908": "22.14",
        "201909": "22.48",
        "201910": "22.42",
        "201911": "24.84",
        "201912": "24.77",
        "202001": "25.11",
        "202002": "28.21",
        "202003": "28.57",
        "202004": "31.49",
        "202005": "32.08",
        "202006": "32.31",
        "202007": "36.43",
        "202008": "35.52",
        "202009": "32.63",
        "202010": "40.42",
        "202011": "56.80",
        "202012": "76.43",
        "202101": "95.96",
        "202102": "95.55",
        "202103": "134.95",
        "202104": "203.18",
        "202105": "179.31",
        "202106": "227.24",
        "202107": "238.39",
        "202108": "224.23",
        "202109": "170.80",
        "202110": "147.10",
        "202111": "159.52",
        "202112": "169.82",
        "202201": "157.53",
        "202202": "150.83",
        "202203": "148.76",
        "202204": "125.37",
        "202205": "114.76",
        "202206": "106.16",
        "202207": "90.83",
        "202208": "73.59",
        "202209": "67.94",
        "202210": "68.32",
        "202211": "68.26",
        "202212": "61.70",
        "202301": "63.44",
        "202302": "71.43",
        "202303": "76.85",
        "202304": "83.71",
        "202305": "79.29",
        "202306": "81.71",
        "202307": "72.71",
        "202308": "70.16",
        "202309": "77.08",
        "202310": "79.58",
        "202311": "104.62",
        "202312": "115.81",
        "202401": "102.46",
        "202402": "101.95",
        "202403": "93.93",
        "202404": "無"
    },
    "quarters": {
        "20011": {
            "year_quarter": 20011,
            "year": 2001,
            "quarter": 1,
            "eps": null,
            "eps_growth_year": null,
            "eps_4q": null,
            "eps_4q_growth_year": null,
            "roe": null,
            "roe_4q": 0,
            "gross_profit": null,
            "gross_margin": null,
            "gross_margin_4q_avg": 0,
            "net_income": null,
            "net_income_4q": null,
            "revenue": null,
            "revenue_4q": null,
            "common_shares": null,
            "book_valuer_per_share": null,
            "book_valuer_per_share_4q_avg": 0,
            "equity": null,
            "current_ratio": null,
            "debt_ratio": null,
            "inventory_turnover_ratio": null,
            "account_receivable_turnover_ratio": null,
            "reinvestment_rate": null,
            "research_to_sale_ratio": null,
            "price_fair": 0,
            "eps_avg_yearly": 0,
            "eps_latest_yearly": 0,
            "eps_growth_yearly": 0
        },
        "20012": {
            "year_quarter": 20012,
            "year": 2001,
            "quarter": 2,
            "eps": null,
            "eps_growth_year": null,
            "eps_4q": null,
            "eps_4q_growth_year": null,
            "roe": null,
            "roe_4q": 0,
            "gross_profit": null,
            "gross_margin": null,
            "gross_margin_4q_avg": 0,
            "net_income": null,
            "net_income_4q": null,
            "revenue": null,
            "revenue_4q": null,
            "common_shares": null,
            "book_valuer_per_share": null,
            "book_valuer_per_share_4q_avg": 0,
            "equity": null,
            "current_ratio": null,
            "debt_ratio": null,
            "inventory_turnover_ratio": null,
            "account_receivable_turnover_ratio": null,
            "reinvestment_rate": null,
            "research_to_sale_ratio": null,
            "price_fair": 0,
            "eps_avg_yearly": 0,
            "eps_latest_yearly": 0,
            "eps_growth_yearly": 0
        },
        "20013": {
            "year_quarter": 20013,
            "year": 2001,
            "quarter": 3,
            "eps": null,
            "eps_growth_year": null,
            "eps_4q": null,
            "eps_4q_growth_year": null,
            "roe": null,
            "roe_4q": 0,
            "gross_profit": null,
            "gross_margin": null,
            "gross_margin_4q_avg": 0,
            "net_income": null,
            "net_income_4q": null,
            "revenue": null,
            "revenue_4q": null,
            "common_shares": null,
            "book_valuer_per_share": null,
            "book_valuer_per_share_4q_avg": 0,
            "equity": null,
            "current_ratio": null,
            "debt_ratio": null,
            "inventory_turnover_ratio": null,
            "account_receivable_turnover_ratio": null,
            "reinvestment_rate": null,
            "research_to_sale_ratio": null,
            "price_fair": 0,
            "eps_avg_yearly": 0,
            "eps_latest_yearly": 0,
            "eps_growth_yearly": 0
        },
        "20014": {
            "year_quarter": 20014,
            "year": 2001,
            "quarter": 4,
            "eps": null,
            "eps_growth_year": null,
            "eps_4q": null,
            "eps_4q_growth_year": null,
            "roe": null,
            "roe_4q": 0,
            "gross_profit": null,
            "gross_margin": null,
            "gross_margin_4q_avg": 0,
            "net_income": null,
            "net_income_4q": null,
            "revenue": null,
            "revenue_4q": null,
            "common_shares": null,
            "book_valuer_per_share": null,
            "book_valuer_per_share_4q_avg": 0,
            "equity": null,
            "current_ratio": null,
            "debt_ratio": null,
            "inventory_turnover_ratio": null,
            "account_receivable_turnover_ratio": null,
            "reinvestment_rate": null,
            "research_to_sale_ratio": null,
            "price_fair": 0,
            "eps_avg_yearly": 0,
            "eps_latest_yearly": 0,
            "eps_growth_yearly": 0
        },
        "20021": {
            "year_quarter": 20021,
            "year": 2002,
            "quarter": 1,
            "eps": null,
            "eps_growth_year": null,
            "eps_4q": null,
            "eps_4q_growth_year": null,
            "roe": null,
            "roe_4q": 0,
            "gross_profit": null,
            "gross_margin": null,
            "gross_margin_4q_avg": 0,
            "net_income": null,
            "net_income_4q": null,
            "revenue": null,
            "revenue_4q": null,
            "common_shares": null,
            "book_valuer_per_share": null,
            "book_valuer_per_share_4q_avg": 0,
            "equity": null,
            "current_ratio": null,
            "debt_ratio": null,
            "inventory_turnover_ratio": null,
            "account_receivable_turnover_ratio": null,
            "reinvestment_rate": null,
            "research_to_sale_ratio": null,
            "price_fair": 0,
            "eps_avg_yearly": 0,
            "eps_latest_yearly": 0,
            "eps_growth_yearly": 0
        },
        "20022": {
            "year_quarter": 20022,
            "year": 2002,
            "quarter": 2,
            "eps": null,
            "eps_growth_year": null,
            "eps_4q": null,
            "eps_4q_growth_year": null,
            "roe": null,
            "roe_4q": 0,
            "gross_profit": null,
            "gross_margin": null,
            "gross_margin_4q_avg": 0,
            "net_income": null,
            "net_income_4q": null,
            "revenue": null,
            "revenue_4q": null,
            "common_shares": null,
            "book_valuer_per_share": null,
            "book_valuer_per_share_4q_avg": 0,
            "equity": null,
            "current_ratio": null,
            "debt_ratio": null,
            "inventory_turnover_ratio": null,
            "account_receivable_turnover_ratio": null,
            "reinvestment_rate": null,
            "research_to_sale_ratio": null,
            "price_fair": 0,
            "eps_avg_yearly": 0,
            "eps_latest_yearly": 0,
            "eps_growth_yearly": 0
        },
        "20023": {
            "year_quarter": 20023,
            "year": 2002,
            "quarter": 3,
            "eps": null,
            "eps_growth_year": null,
            "eps_4q": null,
            "eps_4q_growth_year": null,
            "roe": null,
            "roe_4q": 0,
            "gross_profit": null,
            "gross_margin": null,
            "gross_margin_4q_avg": 0,
            "net_income": null,
            "net_income_4q": null,
            "revenue": null,
            "revenue_4q": null,
            "common_shares": null,
            "book_valuer_per_share": null,
            "book_valuer_per_share_4q_avg": 0,
            "equity": null,
            "current_ratio": null,
            "debt_ratio": null,
            "inventory_turnover_ratio": null,
            "account_receivable_turnover_ratio": null,
            "reinvestment_rate": null,
            "research_to_sale_ratio": null,
            "price_fair": 0,
            "eps_avg_yearly": 0,
            "eps_latest_yearly": 0,
            "eps_growth_yearly": 0
        },
        "20024": {
            "year_quarter": 20024,
            "year": 2002,
            "quarter": 4,
            "eps": null,
            "eps_growth_year": null,
            "eps_4q": null,
            "eps_4q_growth_year": null,
            "roe": null,
            "roe_4q": 0,
            "gross_profit": null,
            "gross_margin": null,
            "gross_margin_4q_avg": 0,
            "net_income": null,
            "net_income_4q": null,
            "revenue": null,
            "revenue_4q": null,
            "common_shares": null,
            "book_valuer_per_share": null,
            "book_valuer_per_share_4q_avg": 0,
            "equity": null,
            "current_ratio": null,
            "debt_ratio": null,
            "inventory_turnover_ratio": null,
            "account_receivable_turnover_ratio": null,
            "reinvestment_rate": null,
            "research_to_sale_ratio": null,
            "price_fair": 0,
            "eps_avg_yearly": 0,
            "eps_latest_yearly": 0,
            "eps_growth_yearly": 0
        },
        "20031": {
            "year_quarter": 20031,
            "year": 2003,
            "quarter": 1,
            "eps": null,
            "eps_growth_year": null,
            "eps_4q": null,
            "eps_4q_growth_year": null,
            "roe": null,
            "roe_4q": 0,
            "gross_profit": null,
            "gross_margin": null,
            "gross_margin_4q_avg": 0,
            "net_income": null,
            "net_income_4q": null,
            "revenue": null,
            "revenue_4q": null,
            "common_shares": null,
            "book_valuer_per_share": null,
            "book_valuer_per_share_4q_avg": 0,
            "equity": null,
            "current_ratio": null,
            "debt_ratio": null,
            "inventory_turnover_ratio": null,
            "account_receivable_turnover_ratio": null,
            "reinvestment_rate": null,
            "research_to_sale_ratio": null,
            "price_fair": 0,
            "eps_avg_yearly": 0,
            "eps_latest_yearly": 0,
            "eps_growth_yearly": 0
        },
        "20032": {
            "year_quarter": 20032,
            "year": 2003,
            "quarter": 2,
            "eps": null,
            "eps_growth_year": null,
            "eps_4q": null,
            "eps_4q_growth_year": null,
            "roe": null,
            "roe_4q": 0,
            "gross_profit": null,
            "gross_margin": null,
            "gross_margin_4q_avg": 0,
            "net_income": null,
            "net_income_4q": null,
            "revenue": null,
            "revenue_4q": null,
            "common_shares": null,
            "book_valuer_per_share": null,
            "book_valuer_per_share_4q_avg": 0,
            "equity": null,
            "current_ratio": null,
            "debt_ratio": null,
            "inventory_turnover_ratio": null,
            "account_receivable_turnover_ratio": null,
            "reinvestment_rate": null,
            "research_to_sale_ratio": null,
            "price_fair": 0,
            "eps_avg_yearly": 0,
            "eps_latest_yearly": 0,
            "eps_growth_yearly": 0
        },
        "20033": {
            "year_quarter": 20033,
            "year": 2003,
            "quarter": 3,
            "eps": null,
            "eps_growth_year": null,
            "eps_4q": null,
            "eps_4q_growth_year": null,
            "roe": null,
            "roe_4q": 0,
            "gross_profit": null,
            "gross_margin": null,
            "gross_margin_4q_avg": 0,
            "net_income": null,
            "net_income_4q": null,
            "revenue": null,
            "revenue_4q": null,
            "common_shares": null,
            "book_valuer_per_share": null,
            "book_valuer_per_share_4q_avg": 0,
            "equity": null,
            "current_ratio": null,
            "debt_ratio": null,
            "inventory_turnover_ratio": null,
            "account_receivable_turnover_ratio": null,
            "reinvestment_rate": null,
            "research_to_sale_ratio": null,
            "price_fair": 0,
            "eps_avg_yearly": 0,
            "eps_latest_yearly": 0,
            "eps_growth_yearly": 0
        },
        "20034": {
            "year_quarter": 20034,
            "year": 2003,
            "quarter": 4,
            "eps": null,
            "eps_growth_year": null,
            "eps_4q": null,
            "eps_4q_growth_year": null,
            "roe": null,
            "roe_4q": 0,
            "gross_profit": null,
            "gross_margin": null,
            "gross_margin_4q_avg": 0,
            "net_income": null,
            "net_income_4q": null,
            "revenue": null,
            "revenue_4q": null,
            "common_shares": null,
            "book_valuer_per_share": null,
            "book_valuer_per_share_4q_avg": 0,
            "equity": null,
            "current_ratio": null,
            "debt_ratio": null,
            "inventory_turnover_ratio": null,
            "account_receivable_turnover_ratio": null,
            "reinvestment_rate": null,
            "research_to_sale_ratio": null,
            "price_fair": 0,
            "eps_avg_yearly": 0,
            "eps_latest_yearly": 0,
            "eps_growth_yearly": 0
        },
        "20041": {
            "year_quarter": 20041,
            "year": 2004,
            "quarter": 1,
            "eps": null,
            "eps_growth_year": null,
            "eps_4q": null,
            "eps_4q_growth_year": null,
            "roe": null,
            "roe_4q": 0,
            "gross_profit": null,
            "gross_margin": null,
            "gross_margin_4q_avg": 0,
            "net_income": null,
            "net_income_4q": null,
            "revenue": null,
            "revenue_4q": null,
            "common_shares": null,
            "book_valuer_per_share": null,
            "book_valuer_per_share_4q_avg": 0,
            "equity": null,
            "current_ratio": null,
            "debt_ratio": null,
            "inventory_turnover_ratio": null,
            "account_receivable_turnover_ratio": null,
            "reinvestment_rate": null,
            "research_to_sale_ratio": null,
            "price_fair": 0,
            "eps_avg_yearly": 0,
            "eps_latest_yearly": 0,
            "eps_growth_yearly": 0
        },
        "20042": {
            "year_quarter": 20042,
            "year": 2004,
            "quarter": 2,
            "eps": null,
            "eps_growth_year": null,
            "eps_4q": null,
            "eps_4q_growth_year": null,
            "roe": null,
            "roe_4q": 0,
            "gross_profit": null,
            "gross_margin": null,
            "gross_margin_4q_avg": 0,
            "net_income": null,
            "net_income_4q": null,
            "revenue": null,
            "revenue_4q": null,
            "common_shares": null,
            "book_valuer_per_share": null,
            "book_valuer_per_share_4q_avg": 0,
            "equity": null,
            "current_ratio": null,
            "debt_ratio": null,
            "inventory_turnover_ratio": null,
            "account_receivable_turnover_ratio": null,
            "reinvestment_rate": null,
            "research_to_sale_ratio": null,
            "price_fair": 0,
            "eps_avg_yearly": 0,
            "eps_latest_yearly": 0,
            "eps_growth_yearly": 0
        },
        "20043": {
            "year_quarter": 20043,
            "year": 2004,
            "quarter": 3,
            "eps": null,
            "eps_growth_year": null,
            "eps_4q": null,
            "eps_4q_growth_year": null,
            "roe": null,
            "roe_4q": 0,
            "gross_profit": null,
            "gross_margin": null,
            "gross_margin_4q_avg": 0,
            "net_income": null,
            "net_income_4q": null,
            "revenue": null,
            "revenue_4q": null,
            "common_shares": null,
            "book_valuer_per_share": null,
            "book_valuer_per_share_4q_avg": 0,
            "equity": null,
            "current_ratio": null,
            "debt_ratio": null,
            "inventory_turnover_ratio": null,
            "account_receivable_turnover_ratio": null,
            "reinvestment_rate": null,
            "research_to_sale_ratio": null,
            "price_fair": 0,
            "eps_avg_yearly": 0,
            "eps_latest_yearly": 0,
            "eps_growth_yearly": 0
        },
        "20044": {
            "year_quarter": 20044,
            "year": 2004,
            "quarter": 4,
            "eps": null,
            "eps_growth_year": null,
            "eps_4q": null,
            "eps_4q_growth_year": null,
            "roe": null,
            "roe_4q": 0,
            "gross_profit": null,
            "gross_margin": null,
            "gross_margin_4q_avg": 0,
            "net_income": null,
            "net_income_4q": null,
            "revenue": null,
            "revenue_4q": null,
            "common_shares": 852509,
            "book_valuer_per_share": 14.76,
            "book_valuer_per_share_4q_avg": 3.69,
            "equity": 1257920,
            "current_ratio": 745.12,
            "debt_ratio": 15.71,
            "inventory_turnover_ratio": null,
            "account_receivable_turnover_ratio": null,
            "reinvestment_rate": null,
            "research_to_sale_ratio": null,
            "price_fair": 0,
            "eps_avg_yearly": 0,
            "eps_latest_yearly": 0,
            "eps_growth_yearly": 0
        },
        "20051": {
            "year_quarter": 20051,
            "year": 2005,
            "quarter": 1,
            "eps": null,
            "eps_growth_year": null,
            "eps_4q": null,
            "eps_4q_growth_year": null,
            "roe": null,
            "roe_4q": 0,
            "gross_profit": null,
            "gross_margin": null,
            "gross_margin_4q_avg": 0,
            "net_income": null,
            "net_income_4q": null,
            "revenue": null,
            "revenue_4q": null,
            "common_shares": null,
            "book_valuer_per_share": null,
            "book_valuer_per_share_4q_avg": 3.69,
            "equity": null,
            "current_ratio": null,
            "debt_ratio": null,
            "inventory_turnover_ratio": null,
            "account_receivable_turnover_ratio": null,
            "reinvestment_rate": null,
            "research_to_sale_ratio": null,
            "price_fair": 0,
            "eps_avg_yearly": 0,
            "eps_latest_yearly": 0,
            "eps_growth_yearly": 0
        },
        "20052": {
            "year_quarter": 20052,
            "year": 2005,
            "quarter": 2,
            "eps": null,
            "eps_growth_year": null,
            "eps_4q": null,
            "eps_4q_growth_year": null,
            "roe": null,
            "roe_4q": 0,
            "gross_profit": null,
            "gross_margin": null,
            "gross_margin_4q_avg": 0,
            "net_income": null,
            "net_income_4q": null,
            "revenue": null,
            "revenue_4q": null,
            "common_shares": null,
            "book_valuer_per_share": null,
            "book_valuer_per_share_4q_avg": 3.69,
            "equity": null,
            "current_ratio": null,
            "debt_ratio": null,
            "inventory_turnover_ratio": null,
            "account_receivable_turnover_ratio": null,
            "reinvestment_rate": null,
            "research_to_sale_ratio": null,
            "price_fair": 0,
            "eps_avg_yearly": 0,
            "eps_latest_yearly": 0,
            "eps_growth_yearly": 0
        },
        "20053": {
            "year_quarter": 20053,
            "year": 2005,
            "quarter": 3,
            "eps": null,
            "eps_growth_year": null,
            "eps_4q": null,
            "eps_4q_growth_year": null,
            "roe": null,
            "roe_4q": 0,
            "gross_profit": null,
            "gross_margin": null,
            "gross_margin_4q_avg": 0,
            "net_income": null,
            "net_income_4q": null,
            "revenue": null,
            "revenue_4q": null,
            "common_shares": null,
            "book_valuer_per_share": null,
            "book_valuer_per_share_4q_avg": 3.69,
            "equity": null,
            "current_ratio": null,
            "debt_ratio": null,
            "inventory_turnover_ratio": null,
            "account_receivable_turnover_ratio": null,
            "reinvestment_rate": null,
            "research_to_sale_ratio": null,
            "price_fair": 0,
            "eps_avg_yearly": 0,
            "eps_latest_yearly": 0,
            "eps_growth_yearly": 0
        },
        "20054": {
            "year_quarter": 20054,
            "year": 2005,
            "quarter": 4,
            "eps": null,
            "eps_growth_year": null,
            "eps_4q": null,
            "eps_4q_growth_year": null,
            "roe": null,
            "roe_4q": 0,
            "gross_profit": null,
            "gross_margin": null,
            "gross_margin_4q_avg": 0,
            "net_income": null,
            "net_income_4q": null,
            "revenue": null,
            "revenue_4q": null,
            "common_shares": 900000,
            "book_valuer_per_share": 15.9,
            "book_valuer_per_share_4q_avg": 3.98,
            "equity": 1430837,
            "current_ratio": 294.79,
            "debt_ratio": 35.62,
            "inventory_turnover_ratio": null,
            "account_receivable_turnover_ratio": null,
            "reinvestment_rate": null,
            "research_to_sale_ratio": null,
            "price_fair": 0,
            "eps_avg_yearly": 0,
            "eps_latest_yearly": 0,
            "eps_growth_yearly": 0
        },
        "20061": {
            "year_quarter": 20061,
            "year": 2006,
            "quarter": 1,
            "eps": 0,
            "eps_growth_year": null,
            "eps_4q": null,
            "eps_4q_growth_year": null,
            "roe": 0,
            "roe_4q": 0,
            "gross_profit": 0,
            "gross_margin": null,
            "gross_margin_4q_avg": 0,
            "net_income": 0,
            "net_income_4q": null,
            "revenue": 0,
            "revenue_4q": null,
            "common_shares": 901000,
            "book_valuer_per_share": 12.22,
            "book_valuer_per_share_4q_avg": 7.03,
            "equity": 1100800,
            "current_ratio": 309.23,
            "debt_ratio": 34.64,
            "inventory_turnover_ratio": 0,
            "account_receivable_turnover_ratio": null,
            "reinvestment_rate": null,
            "research_to_sale_ratio": null,
            "price_fair": 0,
            "eps_avg_yearly": 0,
            "eps_latest_yearly": 0,
            "eps_growth_yearly": 0
        },
        "20062": {
            "year_quarter": 20062,
            "year": 2006,
            "quarter": 2,
            "eps": 0.2,
            "eps_growth_year": null,
            "eps_4q": null,
            "eps_4q_growth_year": null,
            "roe": 0.83,
            "roe_4q": 0.83,
            "gross_profit": 162437,
            "gross_margin": 22.15,
            "gross_margin_4q_avg": 5.54,
            "net_income": 9147,
            "net_income_4q": null,
            "revenue": 733348,
            "revenue_4q": null,
            "common_shares": 901000,
            "book_valuer_per_share": 12.32,
            "book_valuer_per_share_4q_avg": 10.11,
            "equity": 1109947,
            "current_ratio": 212.56,
            "debt_ratio": 48.22,
            "inventory_turnover_ratio": 0.53,
            "account_receivable_turnover_ratio": null,
            "reinvestment_rate": null,
            "research_to_sale_ratio": null,
            "price_fair": 0,
            "eps_avg_yearly": 0,
            "eps_latest_yearly": 0,
            "eps_growth_yearly": 0
        },
        "20063": {
            "year_quarter": 20063,
            "year": 2006,
            "quarter": 3,
            "eps": 1.29,
            "eps_growth_year": null,
            "eps_4q": null,
            "eps_4q_growth_year": null,
            "roe": 7.23,
            "roe_4q": 8.06,
            "gross_profit": 210472,
            "gross_margin": 20.54,
            "gross_margin_4q_avg": 10.67,
            "net_income": 89497,
            "net_income_4q": null,
            "revenue": 1024549,
            "revenue_4q": null,
            "common_shares": 1030000,
            "book_valuer_per_share": 13.27,
            "book_valuer_per_share_4q_avg": 13.43,
            "equity": 1367144,
            "current_ratio": 269.45,
            "debt_ratio": 38.05,
            "inventory_turnover_ratio": 0.84,
            "account_receivable_turnover_ratio": null,
            "reinvestment_rate": null,
            "research_to_sale_ratio": null,
            "price_fair": 180.6,
            "eps_avg_yearly": 5.16,
            "eps_latest_yearly": 5.16,
            "eps_growth_yearly": 2180
        },
        "20064": {
            "year_quarter": 20064,
            "year": 2006,
            "quarter": 4,
            "eps": 1.04,
            "eps_growth_year": null,
            "eps_4q": 2.36,
            "eps_4q_growth_year": null,
            "roe": 5.52,
            "roe_4q": 13.58,
            "gross_profit": 237219,
            "gross_margin": 21.83,
            "gross_margin_4q_avg": 16.13,
            "net_income": 77631,
            "net_income_4q": null,
            "revenue": 1086515,
            "revenue_4q": null,
            "common_shares": 1030000,
            "book_valuer_per_share": 14.03,
            "book_valuer_per_share_4q_avg": 12.96,
            "equity": 1444888,
            "current_ratio": 217.54,
            "debt_ratio": 46.54,
            "inventory_turnover_ratio": 0.95,
            "account_receivable_turnover_ratio": null,
            "reinvestment_rate": null,
            "research_to_sale_ratio": null,
            "price_fair": 163.1,
            "eps_avg_yearly": 4.66,
            "eps_latest_yearly": 4.16,
            "eps_growth_yearly": 1051.24
        },
        "20071": {
            "year_quarter": 20071,
            "year": 2007,
            "quarter": 1,
            "eps": 0.25,
            "eps_growth_year": null,
            "eps_4q": 1.97,
            "eps_4q_growth_year": null,
            "roe": 1.75,
            "roe_4q": 15.33,
            "gross_profit": 144885,
            "gross_margin": 20.22,
            "gross_margin_4q_avg": 21.19,
            "net_income": 25559,
            "net_income_4q": null,
            "revenue": 716589,
            "revenue_4q": null,
            "common_shares": 1030000,
            "book_valuer_per_share": 14.28,
            "book_valuer_per_share_4q_avg": 13.48,
            "equity": 1470636,
            "current_ratio": 289,
            "debt_ratio": 35.52,
            "inventory_turnover_ratio": 0.66,
            "account_receivable_turnover_ratio": null,
            "reinvestment_rate": null,
            "research_to_sale_ratio": null,
            "price_fair": 120.4,
            "eps_avg_yearly": 3.44,
            "eps_latest_yearly": 1,
            "eps_growth_yearly": 599.54
        },
        "20072": {
            "year_quarter": 20072,
            "year": 2007,
            "quarter": 2,
            "eps": 0.45,
            "eps_growth_year": 125,
            "eps_4q": 2.23,
            "eps_4q_growth_year": null,
            "roe": 3.25,
            "roe_4q": 17.75,
            "gross_profit": 175681,
            "gross_margin": 19.21,
            "gross_margin_4q_avg": 20.45,
            "net_income": 48644,
            "net_income_4q": null,
            "revenue": 914706,
            "revenue_4q": null,
            "common_shares": 1089900,
            "book_valuer_per_share": 13.98,
            "book_valuer_per_share_4q_avg": 13.89,
            "equity": 1523375,
            "current_ratio": 258.31,
            "debt_ratio": 39.33,
            "inventory_turnover_ratio": 1.04,
            "account_receivable_turnover_ratio": null,
            "reinvestment_rate": null,
            "research_to_sale_ratio": null,
            "price_fair": 106.05,
            "eps_avg_yearly": 3.03,
            "eps_latest_yearly": 1.8,
            "eps_growth_yearly": 529.66
        },
        "20073": {
            "year_quarter": 20073,
            "year": 2007,
            "quarter": 3,
            "eps": 1.11,
            "eps_growth_year": -13.95,
            "eps_4q": 2.43,
            "eps_4q_growth_year": null,
            "roe": 7.18,
            "roe_4q": 17.7,
            "gross_profit": 250455,
            "gross_margin": 22.5,
            "gross_margin_4q_avg": 20.94,
            "net_income": 127551,
            "net_income_4q": null,
            "revenue": 1112893,
            "revenue_4q": null,
            "common_shares": 1235220,
            "book_valuer_per_share": 16.44,
            "book_valuer_per_share_4q_avg": 14.68,
            "equity": 2031175,
            "current_ratio": 368.35,
            "debt_ratio": 28.05,
            "inventory_turnover_ratio": 1.26,
            "account_receivable_turnover_ratio": null,
            "reinvestment_rate": null,
            "research_to_sale_ratio": null,
            "price_fair": 115.92,
            "eps_avg_yearly": 3.31,
            "eps_latest_yearly": 4.44,
            "eps_growth_yearly": 541.06
        },
        "20074": {
            "year_quarter": 20074,
            "year": 2007,
            "quarter": 4,
            "eps": 1.03,
            "eps_growth_year": -0.96,
            "eps_4q": 2.75,
            "eps_4q_growth_year": 16.32,
            "roe": 5.79,
            "roe_4q": 17.97,
            "gross_profit": 252325,
            "gross_margin": 20.6,
            "gross_margin_4q_avg": 20.63,
            "net_income": 121034,
            "net_income_4q": null,
            "revenue": 1224649,
            "revenue_4q": null,
            "common_shares": 1235220,
            "book_valuer_per_share": 17.42,
            "book_valuer_per_share_4q_avg": 15.53,
            "equity": 2151958,
            "current_ratio": 362.71,
            "debt_ratio": 28.38,
            "inventory_turnover_ratio": 1.34,
            "account_receivable_turnover_ratio": null,
            "reinvestment_rate": null,
            "research_to_sale_ratio": null,
            "price_fair": 120.63,
            "eps_avg_yearly": 3.45,
            "eps_latest_yearly": 4.12,
            "eps_growth_yearly": 446.08
        },
        "20081": {
            "year_quarter": 20081,
            "year": 2008,
            "quarter": 1,
            "eps": 0.53,
            "eps_growth_year": 112,
            "eps_4q": 2.94,
            "eps_4q_growth_year": 48.91,
            "roe": 2.99,
            "roe_4q": 19.21,
            "gross_profit": 211182,
            "gross_margin": 18.24,
            "gross_margin_4q_avg": 20.14,
            "net_income": 65371,
            "net_income_4q": null,
            "revenue": 1158042,
            "revenue_4q": null,
            "common_shares": 1235220,
            "book_valuer_per_share": 17.95,
            "book_valuer_per_share_4q_avg": 16.45,
            "equity": 2217287,
            "current_ratio": 386.93,
            "debt_ratio": 26.72,
            "inventory_turnover_ratio": 1.18,
            "account_receivable_turnover_ratio": null,
            "reinvestment_rate": null,
            "research_to_sale_ratio": null,
            "price_fair": 114,
            "eps_avg_yearly": 3.26,
            "eps_latest_yearly": 2.12,
            "eps_growth_yearly": 354.61
        },
        "20082": {
            "year_quarter": 20082,
            "year": 2008,
            "quarter": 2,
            "eps": 0.37,
            "eps_growth_year": -17.78,
            "eps_4q": 2.9,
            "eps_4q_growth_year": 29.71,
            "roe": 2.13,
            "roe_4q": 18.09,
            "gross_profit": 204276,
            "gross_margin": 16.89,
            "gross_margin_4q_avg": 19.56,
            "net_income": 45991,
            "net_income_4q": null,
            "revenue": 1209656,
            "revenue_4q": null,
            "common_shares": 1235220,
            "book_valuer_per_share": 17.09,
            "book_valuer_per_share_4q_avg": 17.23,
            "equity": 2110704,
            "current_ratio": 353.07,
            "debt_ratio": 29.11,
            "inventory_turnover_ratio": 1.24,
            "account_receivable_turnover_ratio": null,
            "reinvestment_rate": null,
            "research_to_sale_ratio": null,
            "price_fair": 106.23,
            "eps_avg_yearly": 3.04,
            "eps_latest_yearly": 1.48,
            "eps_growth_yearly": 295.19
        },
        "20083": {
            "year_quarter": 20083,
            "year": 2008,
            "quarter": 3,
            "eps": 1,
            "eps_growth_year": -9.91,
            "eps_4q": 2.78,
            "eps_4q_growth_year": 14.42,
            "roe": 5.99,
            "roe_4q": 16.900000000000002,
            "gross_profit": 277981,
            "gross_margin": 19.43,
            "gross_margin_4q_avg": 18.79,
            "net_income": 130420,
            "net_income_4q": null,
            "revenue": 1430589,
            "revenue_4q": null,
            "common_shares": 1307981,
            "book_valuer_per_share": 17.13,
            "book_valuer_per_share_4q_avg": 17.4,
            "equity": 2241126,
            "current_ratio": 313.62,
            "debt_ratio": 32.65,
            "inventory_turnover_ratio": 1.41,
            "account_receivable_turnover_ratio": null,
            "reinvestment_rate": null,
            "research_to_sale_ratio": null,
            "price_fair": 109.98,
            "eps_avg_yearly": 3.14,
            "eps_latest_yearly": 4,
            "eps_growth_yearly": 338.07
        },
        "20084": {
            "year_quarter": 20084,
            "year": 2008,
            "quarter": 4,
            "eps": 0.18,
            "eps_growth_year": -82.52,
            "eps_4q": 2.02,
            "eps_4q_growth_year": -26.5,
            "roe": 1.05,
            "roe_4q": 12.16,
            "gross_profit": 152222,
            "gross_margin": 19.8,
            "gross_margin_4q_avg": 18.59,
            "net_income": 23665,
            "net_income_4q": null,
            "revenue": 768927,
            "revenue_4q": null,
            "common_shares": 1312156,
            "book_valuer_per_share": 17.31,
            "book_valuer_per_share_4q_avg": 17.37,
            "equity": 2271174,
            "current_ratio": 674.32,
            "debt_ratio": 16.21,
            "inventory_turnover_ratio": 0.69,
            "account_receivable_turnover_ratio": 1.61,
            "reinvestment_rate": null,
            "research_to_sale_ratio": null,
            "price_fair": 101.5,
            "eps_avg_yearly": 2.9,
            "eps_latest_yearly": 0.72,
            "eps_growth_yearly": 271.46
        },
        "20091": {
            "year_quarter": 20091,
            "year": 2009,
            "quarter": 1,
            "eps": 0.32,
            "eps_growth_year": -39.62,
            "eps_4q": 1.85,
            "eps_4q_growth_year": -37.15,
            "roe": 1.82,
            "roe_4q": 10.989999999999998,
            "gross_profit": 104133,
            "gross_margin": 16.18,
            "gross_margin_4q_avg": 18.08,
            "net_income": 41909,
            "net_income_4q": null,
            "revenue": 643702,
            "revenue_4q": null,
            "common_shares": 1325601,
            "book_valuer_per_share": 17.6,
            "book_valuer_per_share_4q_avg": 17.28,
            "equity": 2333055,
            "current_ratio": 605.49,
            "debt_ratio": 17.75,
            "inventory_turnover_ratio": 0.67,
            "account_receivable_turnover_ratio": 0.81,
            "reinvestment_rate": null,
            "research_to_sale_ratio": null,
            "price_fair": 96.35,
            "eps_avg_yearly": 2.75,
            "eps_latest_yearly": 1.28,
            "eps_growth_yearly": 275.07
        },
        "20092": {
            "year_quarter": 20092,
            "year": 2009,
            "quarter": 2,
            "eps": 0.64,
            "eps_growth_year": 72.97,
            "eps_4q": 2.12,
            "eps_4q_growth_year": -26.95,
            "roe": 3.69,
            "roe_4q": 12.55,
            "gross_profit": 259591,
            "gross_margin": 21.43,
            "gross_margin_4q_avg": 19.21,
            "net_income": 85022,
            "net_income_4q": null,
            "revenue": 1211294,
            "revenue_4q": null,
            "common_shares": 1331571,
            "book_valuer_per_share": 17.04,
            "book_valuer_per_share_4q_avg": 17.27,
            "equity": 2269553,
            "current_ratio": 291.97,
            "debt_ratio": 34.73,
            "inventory_turnover_ratio": 1.22,
            "account_receivable_turnover_ratio": 1.45,
            "reinvestment_rate": null,
            "research_to_sale_ratio": null,
            "price_fair": 95.78,
            "eps_avg_yearly": 2.74,
            "eps_latest_yearly": 2.56,
            "eps_growth_yearly": 285.48
        },
        "20093": {
            "year_quarter": 20093,
            "year": 2009,
            "quarter": 3,
            "eps": 0.83,
            "eps_growth_year": -17,
            "eps_4q": 1.96,
            "eps_4q_growth_year": -29.47,
            "roe": 4.72,
            "roe_4q": 11.280000000000001,
            "gross_profit": 292636,
            "gross_margin": 20.19,
            "gross_margin_4q_avg": 19.4,
            "net_income": 110423,
            "net_income_4q": null,
            "revenue": 1449632,
            "revenue_4q": null,
            "common_shares": 1343306,
            "book_valuer_per_share": 17.97,
            "book_valuer_per_share_4q_avg": 17.48,
            "equity": 2413706,
            "current_ratio": 350.57,
            "debt_ratio": 29.15,
            "inventory_turnover_ratio": 1.27,
            "account_receivable_turnover_ratio": 1.24,
            "reinvestment_rate": null,
            "research_to_sale_ratio": null,
            "price_fair": 97.35,
            "eps_avg_yearly": 2.78,
            "eps_latest_yearly": 3.32,
            "eps_growth_yearly": 272.65
        },
        "20094": {
            "year_quarter": 20094,
            "year": 2009,
            "quarter": 4,
            "eps": 0.47,
            "eps_growth_year": 161.11,
            "eps_4q": 2.22,
            "eps_4q_growth_year": 9.72,
            "roe": 2.53,
            "roe_4q": 12.76,
            "gross_profit": 200417,
            "gross_margin": 17.43,
            "gross_margin_4q_avg": 18.81,
            "net_income": 62005,
            "net_income_4q": null,
            "revenue": 1149604,
            "revenue_4q": null,
            "common_shares": 1351329,
            "book_valuer_per_share": 18.45,
            "book_valuer_per_share_4q_avg": 17.77,
            "equity": 2493677,
            "current_ratio": 446.96,
            "debt_ratio": 23.23,
            "inventory_turnover_ratio": 1.09,
            "account_receivable_turnover_ratio": 1.72,
            "reinvestment_rate": 3.06,
            "research_to_sale_ratio": null,
            "price_fair": 95.1,
            "eps_avg_yearly": 2.72,
            "eps_latest_yearly": 1.88,
            "eps_growth_yearly": 240.79
        },
        "20101": {
            "year_quarter": 20101,
            "year": 2010,
            "quarter": 1,
            "eps": 0.74,
            "eps_growth_year": 131.25,
            "eps_4q": 2.63,
            "eps_4q_growth_year": 42.6,
            "roe": 3.94,
            "roe_4q": 14.879999999999999,
            "gross_profit": 248348,
            "gross_margin": 20.52,
            "gross_margin_4q_avg": 19.89,
            "net_income": 100408,
            "net_income_4q": null,
            "revenue": 1210521,
            "revenue_4q": null,
            "common_shares": 1358181,
            "book_valuer_per_share": 19.19,
            "book_valuer_per_share_4q_avg": 18.16,
            "equity": 2606090,
            "current_ratio": 399.74,
            "debt_ratio": 25.89,
            "inventory_turnover_ratio": 1.23,
            "account_receivable_turnover_ratio": 0.94,
            "reinvestment_rate": 2.31,
            "research_to_sale_ratio": 8.29,
            "price_fair": 95.67,
            "eps_avg_yearly": 2.73,
            "eps_latest_yearly": 2.96,
            "eps_growth_yearly": 240.05
        },
        "20102": {
            "year_quarter": 20102,
            "year": 2010,
            "quarter": 2,
            "eps": 1.15,
            "eps_growth_year": 79.74,
            "eps_4q": 3.16,
            "eps_4q_growth_year": 49.19,
            "roe": 6.12,
            "roe_4q": 17.31,
            "gross_profit": 331691,
            "gross_margin": 23.13,
            "gross_margin_4q_avg": 20.32,
            "net_income": 156492,
            "net_income_4q": null,
            "revenue": 1433979,
            "revenue_4q": null,
            "common_shares": 1360396,
            "book_valuer_per_share": 18.46,
            "book_valuer_per_share_4q_avg": 18.52,
            "equity": 2511273,
            "current_ratio": 270.65,
            "debt_ratio": 37.5,
            "inventory_turnover_ratio": 1.21,
            "account_receivable_turnover_ratio": 1.03,
            "reinvestment_rate": -0.16,
            "research_to_sale_ratio": 8.17,
            "price_fair": 99.75,
            "eps_avg_yearly": 2.85,
            "eps_latest_yearly": 4.6,
            "eps_growth_yearly": 238.9
        },
        "20103": {
            "year_quarter": 20103,
            "year": 2010,
            "quarter": 3,
            "eps": 1.32,
            "eps_growth_year": 58.64,
            "eps_4q": 3.65,
            "eps_4q_growth_year": 86.16,
            "roe": 6.89,
            "roe_4q": 19.48,
            "gross_profit": 391739,
            "gross_margin": 24.36,
            "gross_margin_4q_avg": 21.36,
            "net_income": 179769,
            "net_income_4q": null,
            "revenue": 1608248,
            "revenue_4q": null,
            "common_shares": 1365321,
            "book_valuer_per_share": 19.81,
            "book_valuer_per_share_4q_avg": 18.98,
            "equity": 2704440,
            "current_ratio": 325.92,
            "debt_ratio": 31.34,
            "inventory_turnover_ratio": 1.06,
            "account_receivable_turnover_ratio": 0.94,
            "reinvestment_rate": -1.74,
            "research_to_sale_ratio": 8.44,
            "price_fair": 100.01,
            "eps_avg_yearly": 2.86,
            "eps_latest_yearly": 5.28,
            "eps_growth_yearly": 106.35
        },
        "20104": {
            "year_quarter": 20104,
            "year": 2010,
            "quarter": 4,
            "eps": 0.36,
            "eps_growth_year": -24.31,
            "eps_4q": 3.55,
            "eps_4q_growth_year": 60.29,
            "roe": 1.78,
            "roe_4q": 18.73,
            "gross_profit": 249635,
            "gross_margin": 18.92,
            "gross_margin_4q_avg": 21.73,
            "net_income": 48621,
            "net_income_4q": null,
            "revenue": 1319508,
            "revenue_4q": null,
            "common_shares": 1366679,
            "book_valuer_per_share": 20.17,
            "book_valuer_per_share_4q_avg": 19.41,
            "equity": 2755970,
            "current_ratio": 390.19,
            "debt_ratio": 26.4,
            "inventory_turnover_ratio": 0.89,
            "account_receivable_turnover_ratio": 0.76,
            "reinvestment_rate": -0.61,
            "research_to_sale_ratio": 8.31,
            "price_fair": 94.06,
            "eps_avg_yearly": 2.69,
            "eps_latest_yearly": 1.44,
            "eps_growth_yearly": 93.01
        },
        "20111": {
            "year_quarter": 20111,
            "year": 2011,
            "quarter": 1,
            "eps": 0.56,
            "eps_growth_year": -24.32,
            "eps_4q": 3.36,
            "eps_4q_growth_year": 27.57,
            "roe": 2.76,
            "roe_4q": 17.55,
            "gross_profit": 211413,
            "gross_margin": 18.1,
            "gross_margin_4q_avg": 21.13,
            "net_income": 77303,
            "net_income_4q": null,
            "revenue": 1168018,
            "revenue_4q": null,
            "common_shares": 1375061,
            "book_valuer_per_share": 20.71,
            "book_valuer_per_share_4q_avg": 19.79,
            "equity": 2848290,
            "current_ratio": 422.06,
            "debt_ratio": 24.45,
            "inventory_turnover_ratio": 0.84,
            "account_receivable_turnover_ratio": 0.77,
            "reinvestment_rate": -0.49,
            "research_to_sale_ratio": 9.65,
            "price_fair": 96.78,
            "eps_avg_yearly": 2.77,
            "eps_latest_yearly": 2.24,
            "eps_growth_yearly": 125.89
        },
        "20112": {
            "year_quarter": 20112,
            "year": 2011,
            "quarter": 2,
            "eps": 0.14,
            "eps_growth_year": -87.75,
            "eps_4q": 2.36,
            "eps_4q_growth_year": -25.25,
            "roe": 0.73,
            "roe_4q": 12.16,
            "gross_profit": 186773,
            "gross_margin": 17.43,
            "gross_margin_4q_avg": 19.7,
            "net_income": 19427,
            "net_income_4q": null,
            "revenue": 1071855,
            "revenue_4q": null,
            "common_shares": 1378206,
            "book_valuer_per_share": 18.09,
            "book_valuer_per_share_4q_avg": 19.7,
            "equity": 2493723,
            "current_ratio": 334.33,
            "debt_ratio": 30.46,
            "inventory_turnover_ratio": 0.82,
            "account_receivable_turnover_ratio": 0.76,
            "reinvestment_rate": -0.6,
            "research_to_sale_ratio": 10.15,
            "price_fair": 94.06,
            "eps_avg_yearly": 2.69,
            "eps_latest_yearly": 0.56,
            "eps_growth_yearly": 87.14
        },
        "20113": {
            "year_quarter": 20113,
            "year": 2011,
            "quarter": 3,
            "eps": 0.21,
            "eps_growth_year": -83.78,
            "eps_4q": 1.27,
            "eps_4q_growth_year": -65.34,
            "roe": 1.17,
            "roe_4q": 6.44,
            "gross_profit": 155473,
            "gross_margin": 14.98,
            "gross_margin_4q_avg": 17.36,
            "net_income": 29501,
            "net_income_4q": null,
            "revenue": 1038200,
            "revenue_4q": null,
            "common_shares": 1381094,
            "book_valuer_per_share": 18.32,
            "book_valuer_per_share_4q_avg": 19.32,
            "equity": 2530281,
            "current_ratio": 398.42,
            "debt_ratio": 25.89,
            "inventory_turnover_ratio": 0.85,
            "account_receivable_turnover_ratio": 0.76,
            "reinvestment_rate": -0.46,
            "research_to_sale_ratio": 10.73,
            "price_fair": 86.19,
            "eps_avg_yearly": 2.46,
            "eps_latest_yearly": 0.84,
            "eps_growth_yearly": 62.97
        },
        "20114": {
            "year_quarter": 20114,
            "year": 2011,
            "quarter": 4,
            "eps": 0.07,
            "eps_growth_year": -79.33,
            "eps_4q": 0.99,
            "eps_4q_growth_year": -72.19,
            "roe": 0.4,
            "roe_4q": 5.06,
            "gross_profit": 171037,
            "gross_margin": 19.27,
            "gross_margin_4q_avg": 17.45,
            "net_income": 10158,
            "net_income_4q": null,
            "revenue": 887395,
            "revenue_4q": null,
            "common_shares": 1381276,
            "book_valuer_per_share": 18.4,
            "book_valuer_per_share_4q_avg": 18.88,
            "equity": 2540918,
            "current_ratio": 540.73,
            "debt_ratio": 19.75,
            "inventory_turnover_ratio": 0.72,
            "account_receivable_turnover_ratio": 0.69,
            "reinvestment_rate": -0.01,
            "research_to_sale_ratio": 13.46,
            "price_fair": 77.79,
            "eps_avg_yearly": 2.22,
            "eps_latest_yearly": 0.28,
            "eps_growth_yearly": 48.11
        },
        "20121": {
            "year_quarter": 20121,
            "year": 2012,
            "quarter": 1,
            "eps": 0.08,
            "eps_growth_year": -85.71,
            "eps_4q": 0.51,
            "eps_4q_growth_year": -84.78,
            "roe": 0.46,
            "roe_4q": 2.7600000000000002,
            "gross_profit": 164043,
            "gross_margin": 20.84,
            "gross_margin_4q_avg": 18.13,
            "net_income": 11670,
            "net_income_4q": null,
            "revenue": 787086,
            "revenue_4q": null,
            "common_shares": 1383454,
            "book_valuer_per_share": 18.48,
            "book_valuer_per_share_4q_avg": 18.32,
            "equity": 2557029,
            "current_ratio": 530.79,
            "debt_ratio": 20.07,
            "inventory_turnover_ratio": 0.66,
            "account_receivable_turnover_ratio": 0.7,
            "reinvestment_rate": 0.03,
            "research_to_sale_ratio": 13.52,
            "price_fair": 73.85,
            "eps_avg_yearly": 2.11,
            "eps_latest_yearly": 0.32,
            "eps_growth_yearly": 63.81
        },
        "20122": {
            "year_quarter": 20122,
            "year": 2012,
            "quarter": 2,
            "eps": 0.17,
            "eps_growth_year": 18.37,
            "eps_4q": 0.54,
            "eps_4q_growth_year": -77.21,
            "roe": 0.92,
            "roe_4q": 2.95,
            "gross_profit": 170136,
            "gross_margin": 17.8,
            "gross_margin_4q_avg": 18.22,
            "net_income": 23102,
            "net_income_4q": null,
            "revenue": 956088,
            "revenue_4q": null,
            "common_shares": 1384584,
            "book_valuer_per_share": 17.85,
            "book_valuer_per_share_4q_avg": 18.26,
            "equity": 2471325,
            "current_ratio": 318.8,
            "debt_ratio": 31.94,
            "inventory_turnover_ratio": 0.72,
            "account_receivable_turnover_ratio": 0.93,
            "reinvestment_rate": -0.72,
            "research_to_sale_ratio": 12.42,
            "price_fair": 72.1,
            "eps_avg_yearly": 2.06,
            "eps_latest_yearly": 0.68,
            "eps_growth_yearly": 99.49
        },
        "20123": {
            "year_quarter": 20123,
            "year": 2012,
            "quarter": 3,
            "eps": 0.19,
            "eps_growth_year": -11.91,
            "eps_4q": 0.51,
            "eps_4q_growth_year": -59.54,
            "roe": 1.05,
            "roe_4q": 2.83,
            "gross_profit": 230037,
            "gross_margin": 16.82,
            "gross_margin_4q_avg": 18.68,
            "net_income": 26084,
            "net_income_4q": null,
            "revenue": 1367479,
            "revenue_4q": null,
            "common_shares": 1386219,
            "book_valuer_per_share": 18.04,
            "book_valuer_per_share_4q_avg": 18.19,
            "equity": 2501397,
            "current_ratio": 409.66,
            "debt_ratio": 26.08,
            "inventory_turnover_ratio": 0.92,
            "account_receivable_turnover_ratio": 1.15,
            "reinvestment_rate": 0.01,
            "research_to_sale_ratio": 11.04,
            "price_fair": 65.01,
            "eps_avg_yearly": 1.86,
            "eps_latest_yearly": 0.76,
            "eps_growth_yearly": 59.86
        },
        "20124": {
            "year_quarter": 20124,
            "year": 2012,
            "quarter": 4,
            "eps": 0.45,
            "eps_growth_year": 512.04,
            "eps_4q": 0.89,
            "eps_4q_growth_year": -9.99,
            "roe": 2.46,
            "roe_4q": 4.89,
            "gross_profit": 304148,
            "gross_margin": 16.04,
            "gross_margin_4q_avg": 17.88,
            "net_income": 62438,
            "net_income_4q": null,
            "revenue": 1896013,
            "revenue_4q": null,
            "common_shares": 1387194,
            "book_valuer_per_share": 18.5,
            "book_valuer_per_share_4q_avg": 18.22,
            "equity": 2565777,
            "current_ratio": 265.16,
            "debt_ratio": 38.87,
            "inventory_turnover_ratio": 1.23,
            "account_receivable_turnover_ratio": 1.13,
            "reinvestment_rate": 0.45,
            "research_to_sale_ratio": 9.94,
            "price_fair": 67.38,
            "eps_avg_yearly": 1.93,
            "eps_latest_yearly": 1.8,
            "eps_growth_yearly": 114.57
        },
        "20131": {
            "year_quarter": 20131,
            "year": 2013,
            "quarter": 1,
            "eps": 0.59,
            "eps_growth_year": 637.5,
            "eps_4q": 1.39,
            "eps_4q_growth_year": 171.37,
            "roe": 3.12,
            "roe_4q": 7.55,
            "gross_profit": 286489,
            "gross_margin": 14.58,
            "gross_margin_4q_avg": 16.31,
            "net_income": 81363,
            "net_income_4q": null,
            "revenue": 1965460,
            "revenue_4q": null,
            "common_shares": 1390476,
            "book_valuer_per_share": 19.06,
            "book_valuer_per_share_4q_avg": 18.36,
            "equity": 2650716,
            "current_ratio": 212.21,
            "debt_ratio": 47.99,
            "inventory_turnover_ratio": 1.06,
            "account_receivable_turnover_ratio": 0.93,
            "reinvestment_rate": 0.11,
            "research_to_sale_ratio": 8.02,
            "price_fair": 69.74,
            "eps_avg_yearly": 1.99,
            "eps_latest_yearly": 2.36,
            "eps_growth_yearly": 102.9
        },
        "20132": {
            "year_quarter": 20132,
            "year": 2013,
            "quarter": 2,
            "eps": 1.63,
            "eps_growth_year": 876.91,
            "eps_4q": 2.85,
            "eps_4q_growth_year": 430.09,
            "roe": 8.24,
            "roe_4q": 14.870000000000001,
            "gross_profit": 554962,
            "gross_margin": 18.97,
            "gross_margin_4q_avg": 16.6,
            "net_income": 226664,
            "net_income_4q": null,
            "revenue": 2924925,
            "revenue_4q": null,
            "common_shares": 1391599,
            "book_valuer_per_share": 20.48,
            "book_valuer_per_share_4q_avg": 19.02,
            "equity": 2850414,
            "current_ratio": 228.8,
            "debt_ratio": 57.94,
            "inventory_turnover_ratio": 1.35,
            "account_receivable_turnover_ratio": 1.1,
            "reinvestment_rate": -0.92,
            "research_to_sale_ratio": 8.14,
            "price_fair": 78.4,
            "eps_avg_yearly": 2.24,
            "eps_latest_yearly": 6.52,
            "eps_growth_yearly": 121.97
        },
        "20133": {
            "year_quarter": 20133,
            "year": 2013,
            "quarter": 3,
            "eps": 0.75,
            "eps_growth_year": 298.58,
            "eps_4q": 3.41,
            "eps_4q_growth_year": 566.1,
            "roe": 3.6,
            "roe_4q": 17.42,
            "gross_profit": 405913,
            "gross_margin": 17.53,
            "gross_margin_4q_avg": 16.78,
            "net_income": 104626,
            "net_income_4q": null,
            "revenue": 2315298,
            "revenue_4q": null,
            "common_shares": 1392265,
            "book_valuer_per_share": 21.28,
            "book_valuer_per_share_4q_avg": 19.83,
            "equity": 2963143,
            "current_ratio": 246.31,
            "debt_ratio": 55.45,
            "inventory_turnover_ratio": 0.91,
            "account_receivable_turnover_ratio": 0.81,
            "reinvestment_rate": -0.76,
            "research_to_sale_ratio": 9.05,
            "price_fair": 77.7,
            "eps_avg_yearly": 2.22,
            "eps_latest_yearly": 3,
            "eps_growth_yearly": 101.05
        },
        "20134": {
            "year_quarter": 20134,
            "year": 2013,
            "quarter": 4,
            "eps": -0.35,
            "eps_growth_year": -177.53,
            "eps_4q": 2.59,
            "eps_4q_growth_year": 191.87,
            "roe": -1.66,
            "roe_4q": 13.3,
            "gross_profit": 230813,
            "gross_margin": 10.7,
            "gross_margin_4q_avg": 15.45,
            "net_income": -48928,
            "net_income_4q": null,
            "revenue": 2156761,
            "revenue_4q": null,
            "common_shares": 1402085,
            "book_valuer_per_share": 20.84,
            "book_valuer_per_share_4q_avg": 20.42,
            "equity": 2922025,
            "current_ratio": 264.83,
            "debt_ratio": 53.72,
            "inventory_turnover_ratio": 0.73,
            "account_receivable_turnover_ratio": 0.88,
            "reinvestment_rate": -1.07,
            "research_to_sale_ratio": 9.51,
            "price_fair": 78.49,
            "eps_avg_yearly": 2.24,
            "eps_latest_yearly": 3,
            "eps_growth_yearly": 119.36
        },
        "20141": {
            "year_quarter": 20141,
            "year": 2014,
            "quarter": 1,
            "eps": 1.06,
            "eps_growth_year": 79.66,
            "eps_4q": 3.06,
            "eps_4q_growth_year": 120.77,
            "roe": 4.9,
            "roe_4q": 15.08,
            "gross_profit": 404529,
            "gross_margin": 15.49,
            "gross_margin_4q_avg": 15.67,
            "net_income": 147032,
            "net_income_4q": null,
            "revenue": 2611572,
            "revenue_4q": null,
            "common_shares": 1401355,
            "book_valuer_per_share": 21.97,
            "book_valuer_per_share_4q_avg": 21.14,
            "equity": 3078759,
            "current_ratio": 266.69,
            "debt_ratio": 52.9,
            "inventory_turnover_ratio": 0.84,
            "account_receivable_turnover_ratio": 1.1,
            "reinvestment_rate": 0.75,
            "research_to_sale_ratio": 7.3,
            "price_fair": 76.7,
            "eps_avg_yearly": 2.19,
            "eps_latest_yearly": 3,
            "eps_growth_yearly": 111.47
        },
        "20142": {
            "year_quarter": 20142,
            "year": 2014,
            "quarter": 2,
            "eps": 0.88,
            "eps_growth_year": -46.01,
            "eps_4q": 2.32,
            "eps_4q_growth_year": -18.68,
            "roe": 4.06,
            "roe_4q": 10.9,
            "gross_profit": 423583,
            "gross_margin": 13.68,
            "gross_margin_4q_avg": 14.35,
            "net_income": 121905,
            "net_income_4q": null,
            "revenue": 3095442,
            "revenue_4q": null,
            "common_shares": 1400945,
            "book_valuer_per_share": 20.91,
            "book_valuer_per_share_4q_avg": 21.25,
            "equity": 2928959,
            "current_ratio": 223.43,
            "debt_ratio": 58.67,
            "inventory_turnover_ratio": 1.06,
            "account_receivable_turnover_ratio": 1.1,
            "reinvestment_rate": 0.93,
            "research_to_sale_ratio": 6.27,
            "price_fair": 74,
            "eps_avg_yearly": 2.11,
            "eps_latest_yearly": 3.52,
            "eps_growth_yearly": 90.79
        },
        "20143": {
            "year_quarter": 20143,
            "year": 2014,
            "quarter": 3,
            "eps": -0.51,
            "eps_growth_year": -168,
            "eps_4q": 1.06,
            "eps_4q_growth_year": -68.9,
            "roe": -2.46,
            "roe_4q": 4.84,
            "gross_profit": 282463,
            "gross_margin": 12.77,
            "gross_margin_4q_avg": 13.16,
            "net_income": -71382,
            "net_income_4q": null,
            "revenue": 2212484,
            "revenue_4q": null,
            "common_shares": 1400495,
            "book_valuer_per_share": 20.45,
            "book_valuer_per_share_4q_avg": 21.04,
            "equity": 2863695,
            "current_ratio": 251.03,
            "debt_ratio": 55.53,
            "inventory_turnover_ratio": 0.74,
            "account_receivable_turnover_ratio": 0.8,
            "reinvestment_rate": 1.05,
            "research_to_sale_ratio": 8.25,
            "price_fair": 65.48,
            "eps_avg_yearly": 1.87,
            "eps_latest_yearly": 3.52,
            "eps_growth_yearly": 93.22
        },
        "20144": {
            "year_quarter": 20144,
            "year": 2014,
            "quarter": 4,
            "eps": -0.38,
            "eps_growth_year": null,
            "eps_4q": 1.03,
            "eps_4q_growth_year": -60.24,
            "roe": -1.87,
            "roe_4q": 4.63,
            "gross_profit": 188783,
            "gross_margin": 9.57,
            "gross_margin_4q_avg": 12.88,
            "net_income": -53104,
            "net_income_4q": null,
            "revenue": 1973177,
            "revenue_4q": null,
            "common_shares": 1400495,
            "book_valuer_per_share": 20.1,
            "book_valuer_per_share_4q_avg": 20.86,
            "equity": 2814529,
            "current_ratio": 326.53,
            "debt_ratio": 49.37,
            "inventory_turnover_ratio": 0.69,
            "account_receivable_turnover_ratio": 0.88,
            "reinvestment_rate": -0.66,
            "research_to_sale_ratio": 9.47,
            "price_fair": 66.73,
            "eps_avg_yearly": 1.91,
            "eps_latest_yearly": 3.52,
            "eps_growth_yearly": 125.23
        },
        "20151": {
            "year_quarter": 20151,
            "year": 2015,
            "quarter": 1,
            "eps": -0.13,
            "eps_growth_year": -112.26,
            "eps_4q": -0.14,
            "eps_4q_growth_year": -104.55,
            "roe": -0.73,
            "roe_4q": -1.0000000000000009,
            "gross_profit": 376041,
            "gross_margin": 15.48,
            "gross_margin_4q_avg": 12.88,
            "net_income": -55555,
            "net_income_4q": null,
            "revenue": 2429145,
            "revenue_4q": null,
            "common_shares": 4173658,
            "book_valuer_per_share": 29.56,
            "book_valuer_per_share_4q_avg": 22.76,
            "equity": 12335702,
            "current_ratio": 553.32,
            "debt_ratio": 22.56,
            "inventory_turnover_ratio": 0.76,
            "account_receivable_turnover_ratio": 1.24,
            "reinvestment_rate": 26.29,
            "research_to_sale_ratio": 13.65,
            "price_fair": 65.67,
            "eps_avg_yearly": 1.88,
            "eps_latest_yearly": 3.52,
            "eps_growth_yearly": 116.41
        },
        "20152": {
            "year_quarter": 20152,
            "year": 2015,
            "quarter": 2,
            "eps": 0.15,
            "eps_growth_year": -82.95,
            "eps_4q": -0.28,
            "eps_4q_growth_year": -112.09,
            "roe": 0.51,
            "roe_4q": -4.55,
            "gross_profit": 551649,
            "gross_margin": 17.23,
            "gross_margin_4q_avg": 13.76,
            "net_income": 63026,
            "net_income_4q": null,
            "revenue": 3202491,
            "revenue_4q": null,
            "common_shares": 4175831,
            "book_valuer_per_share": 29.21,
            "book_valuer_per_share_4q_avg": 24.83,
            "equity": 12198716,
            "current_ratio": 462.83,
            "debt_ratio": 24.36,
            "inventory_turnover_ratio": 0.99,
            "account_receivable_turnover_ratio": 1.65,
            "reinvestment_rate": 23.39,
            "research_to_sale_ratio": 10.25,
            "price_fair": 70.28,
            "eps_avg_yearly": 2.01,
            "eps_latest_yearly": 3.52,
            "eps_growth_yearly": 158.06
        },
        "20153": {
            "year_quarter": 20153,
            "year": 2015,
            "quarter": 3,
            "eps": 0.49,
            "eps_growth_year": null,
            "eps_4q": 0.53,
            "eps_4q_growth_year": -50.44,
            "roe": 1.68,
            "roe_4q": -0.41000000000000014,
            "gross_profit": 503534,
            "gross_margin": 17.37,
            "gross_margin_4q_avg": 14.91,
            "net_income": 199655,
            "net_income_4q": null,
            "revenue": 2899675,
            "revenue_4q": null,
            "common_shares": 2928707,
            "book_valuer_per_share": 39.38,
            "book_valuer_per_share_4q_avg": 29.56,
            "equity": 11534662,
            "current_ratio": 369.23,
            "debt_ratio": 28.58,
            "inventory_turnover_ratio": 1.01,
            "account_receivable_turnover_ratio": 1.54,
            "reinvestment_rate": 18.59,
            "research_to_sale_ratio": 11.35,
            "price_fair": 74.2,
            "eps_avg_yearly": 2.12,
            "eps_latest_yearly": 1.96,
            "eps_growth_yearly": 228.72
        },
        "20154": {
            "year_quarter": 20154,
            "year": 2015,
            "quarter": 4,
            "eps": 0.1,
            "eps_growth_year": null,
            "eps_4q": 0.8,
            "eps_4q_growth_year": -22.05,
            "roe": 0.25,
            "roe_4q": 1.71,
            "gross_profit": 535870,
            "gross_margin": 18.17,
            "gross_margin_4q_avg": 17.06,
            "net_income": 28696,
            "net_income_4q": null,
            "revenue": 2948428,
            "revenue_4q": null,
            "common_shares": 2933299,
            "book_valuer_per_share": 39.4,
            "book_valuer_per_share_4q_avg": 34.39,
            "equity": 11555911,
            "current_ratio": 348.03,
            "debt_ratio": 23.92,
            "inventory_turnover_ratio": 1,
            "account_receivable_turnover_ratio": 1.81,
            "reinvestment_rate": 16.92,
            "research_to_sale_ratio": 11.22,
            "price_fair": 74.62,
            "eps_avg_yearly": 2.13,
            "eps_latest_yearly": 0.4,
            "eps_growth_yearly": 223.55
        },
        "20161": {
            "year_quarter": 20161,
            "year": 2016,
            "quarter": 1,
            "eps": -0.33,
            "eps_growth_year": null,
            "eps_4q": 0.66,
            "eps_4q_growth_year": null,
            "roe": -0.84,
            "roe_4q": 1.5999999999999999,
            "gross_profit": 431889,
            "gross_margin": 18.71,
            "gross_margin_4q_avg": 17.87,
            "net_income": -96545,
            "net_income_4q": null,
            "revenue": 2308567,
            "revenue_4q": null,
            "common_shares": 2942136,
            "book_valuer_per_share": 38.65,
            "book_valuer_per_share_4q_avg": 36.66,
            "equity": 11369894,
            "current_ratio": 362.07,
            "debt_ratio": 22.67,
            "inventory_turnover_ratio": 0.77,
            "account_receivable_turnover_ratio": 1.71,
            "reinvestment_rate": 17.59,
            "research_to_sale_ratio": 15.03,
            "price_fair": 81.67,
            "eps_avg_yearly": 2.33,
            "eps_latest_yearly": 0.4,
            "eps_growth_yearly": 242.04
        },
        "20162": {
            "year_quarter": 20162,
            "year": 2016,
            "quarter": 2,
            "eps": 0.23,
            "eps_growth_year": 53.33,
            "eps_4q": 0.68,
            "eps_4q_growth_year": null,
            "roe": 0.59,
            "roe_4q": 1.68,
            "gross_profit": 580086,
            "gross_margin": 19.6,
            "gross_margin_4q_avg": 18.46,
            "net_income": 65993,
            "net_income_4q": null,
            "revenue": 2959989,
            "revenue_4q": null,
            "common_shares": 2942938,
            "book_valuer_per_share": 38.35,
            "book_valuer_per_share_4q_avg": 38.95,
            "equity": 11095620,
            "current_ratio": 352.5,
            "debt_ratio": 23.03,
            "inventory_turnover_ratio": 0.93,
            "account_receivable_turnover_ratio": 2.32,
            "reinvestment_rate": 16.83,
            "research_to_sale_ratio": 10.39,
            "price_fair": 88.9,
            "eps_avg_yearly": 2.54,
            "eps_latest_yearly": 0.4,
            "eps_growth_yearly": 216.05
        },
        "20163": {
            "year_quarter": 20163,
            "year": 2016,
            "quarter": 3,
            "eps": 0.32,
            "eps_growth_year": -34.69,
            "eps_4q": 0.31,
            "eps_4q_growth_year": -40.51,
            "roe": 0.84,
            "roe_4q": 0.84,
            "gross_profit": 627544,
            "gross_margin": 20.53,
            "gross_margin_4q_avg": 19.25,
            "net_income": 92950,
            "net_income_4q": null,
            "revenue": 3056139,
            "revenue_4q": null,
            "common_shares": 2961416,
            "book_valuer_per_share": 38.01,
            "book_valuer_per_share_4q_avg": 38.6,
            "equity": 11065424,
            "current_ratio": 356.19,
            "debt_ratio": 19.67,
            "inventory_turnover_ratio": 0.9,
            "account_receivable_turnover_ratio": 2.13,
            "reinvestment_rate": 18.69,
            "research_to_sale_ratio": 10.87,
            "price_fair": 91.18,
            "eps_avg_yearly": 2.61,
            "eps_latest_yearly": 1.28,
            "eps_growth_yearly": 229.73
        },
        "20164": {
            "year_quarter": 20164,
            "year": 2016,
            "quarter": 4,
            "eps": 0.5,
            "eps_growth_year": 407.42,
            "eps_4q": 0.71,
            "eps_4q_growth_year": -11.87,
            "roe": 1.29,
            "roe_4q": 1.88,
            "gross_profit": 626918,
            "gross_margin": 23.28,
            "gross_margin_4q_avg": 20.53,
            "net_income": 145036,
            "net_income_4q": null,
            "revenue": 2693530,
            "revenue_4q": null,
            "common_shares": 2965344,
            "book_valuer_per_share": 38.84,
            "book_valuer_per_share_4q_avg": 38.46,
            "equity": 11438382,
            "current_ratio": 302.44,
            "debt_ratio": 23.53,
            "inventory_turnover_ratio": 0.79,
            "account_receivable_turnover_ratio": 1.95,
            "reinvestment_rate": 33.83,
            "research_to_sale_ratio": 11.74,
            "price_fair": 92.05,
            "eps_avg_yearly": 2.63,
            "eps_latest_yearly": 2,
            "eps_growth_yearly": 189.43
        },
        "20171": {
            "year_quarter": 20171,
            "year": 2017,
            "quarter": 1,
            "eps": -0.01,
            "eps_growth_year": null,
            "eps_4q": 1.02,
            "eps_4q_growth_year": 54.3,
            "roe": -0.07,
            "roe_4q": 2.65,
            "gross_profit": 497962,
            "gross_margin": 23.04,
            "gross_margin_4q_avg": 21.61,
            "net_income": -8199,
            "net_income_4q": null,
            "revenue": 2161081,
            "revenue_4q": null,
            "common_shares": 2970232,
            "book_valuer_per_share": 37.64,
            "book_valuer_per_share_4q_avg": 38.21,
            "equity": 11101564,
            "current_ratio": 326.38,
            "debt_ratio": 21.44,
            "inventory_turnover_ratio": 0.6,
            "account_receivable_turnover_ratio": 1.74,
            "reinvestment_rate": 36.63,
            "research_to_sale_ratio": 14.16,
            "price_fair": 93.4,
            "eps_avg_yearly": 2.67,
            "eps_latest_yearly": 2,
            "eps_growth_yearly": 198.72
        },
        "20172": {
            "year_quarter": 20172,
            "year": 2017,
            "quarter": 2,
            "eps": 0.12,
            "eps_growth_year": -47.83,
            "eps_4q": 0.92,
            "eps_4q_growth_year": 34.96,
            "roe": 0.28,
            "roe_4q": 2.34,
            "gross_profit": 532386,
            "gross_margin": 20.5,
            "gross_margin_4q_avg": 21.84,
            "net_income": 31192,
            "net_income_4q": null,
            "revenue": 2597421,
            "revenue_4q": null,
            "common_shares": 2971581,
            "book_valuer_per_share": 37.31,
            "book_valuer_per_share_4q_avg": 37.95,
            "equity": 10922895,
            "current_ratio": 292.7,
            "debt_ratio": 23.53,
            "inventory_turnover_ratio": 0.64,
            "account_receivable_turnover_ratio": 2.24,
            "reinvestment_rate": 246.73,
            "research_to_sale_ratio": 12.8,
            "price_fair": 70.93,
            "eps_avg_yearly": 2.03,
            "eps_latest_yearly": 2,
            "eps_growth_yearly": 114.32
        },
        "20173": {
            "year_quarter": 20173,
            "year": 2017,
            "quarter": 3,
            "eps": 0.49,
            "eps_growth_year": 53.12,
            "eps_4q": 1.08,
            "eps_4q_growth_year": 245.84,
            "roe": 1.22,
            "roe_4q": 2.7199999999999998,
            "gross_profit": 672569,
            "gross_margin": 20.6,
            "gross_margin_4q_avg": 21.86,
            "net_income": 133993,
            "net_income_4q": null,
            "revenue": 3264928,
            "revenue_4q": null,
            "common_shares": 2981576,
            "book_valuer_per_share": 37.73,
            "book_valuer_per_share_4q_avg": 37.88,
            "equity": 11042210,
            "current_ratio": 256.44,
            "debt_ratio": 27.86,
            "inventory_turnover_ratio": 0.76,
            "account_receivable_turnover_ratio": 2.44,
            "reinvestment_rate": 236.3,
            "research_to_sale_ratio": 10.07,
            "price_fair": 64.87,
            "eps_avg_yearly": 1.85,
            "eps_latest_yearly": 1.96,
            "eps_growth_yearly": 355.87
        },
        "20174": {
            "year_quarter": 20174,
            "year": 2017,
            "quarter": 4,
            "eps": -0.85,
            "eps_growth_year": -272.13,
            "eps_4q": -0.27,
            "eps_4q_growth_year": -138.46,
            "roe": -2.39,
            "roe_4q": -0.9600000000000002,
            "gross_profit": 567268,
            "gross_margin": 20.44,
            "gross_margin_4q_avg": 21.15,
            "net_income": -260196,
            "net_income_4q": null,
            "revenue": 2774904,
            "revenue_4q": null,
            "common_shares": 2983700,
            "book_valuer_per_share": 36.71,
            "book_valuer_per_share_4q_avg": 37.35,
            "equity": 10743364,
            "current_ratio": 321.29,
            "debt_ratio": 20.68,
            "inventory_turnover_ratio": 0.73,
            "account_receivable_turnover_ratio": 2.02,
            "reinvestment_rate": 334.97,
            "research_to_sale_ratio": 12.9,
            "price_fair": 64.87,
            "eps_avg_yearly": 1.85,
            "eps_latest_yearly": 1.96,
            "eps_growth_yearly": 355.87
        },
        "20181": {
            "year_quarter": 20181,
            "year": 2018,
            "quarter": 1,
            "eps": 0.05,
            "eps_growth_year": null,
            "eps_4q": -0.21,
            "eps_4q_growth_year": -120.53,
            "roe": 0.09,
            "roe_4q": -0.8000000000000003,
            "gross_profit": 525017,
            "gross_margin": 20.1,
            "gross_margin_4q_avg": 20.41,
            "net_income": 9597,
            "net_income_4q": null,
            "revenue": 2612661,
            "revenue_4q": null,
            "common_shares": 2984430,
            "book_valuer_per_share": 36.4,
            "book_valuer_per_share_4q_avg": 37.04,
            "equity": 10652741,
            "current_ratio": 318.7,
            "debt_ratio": 21.83,
            "inventory_turnover_ratio": 0.89,
            "account_receivable_turnover_ratio": 1.82,
            "reinvestment_rate": 382.96,
            "research_to_sale_ratio": 13.05,
            "price_fair": 64.87,
            "eps_avg_yearly": 1.85,
            "eps_latest_yearly": 1.96,
            "eps_growth_yearly": 355.87
        },
        "20182": {
            "year_quarter": 20182,
            "year": 2018,
            "quarter": 2,
            "eps": 0.31,
            "eps_growth_year": 158.33,
            "eps_4q": -0.02,
            "eps_4q_growth_year": -102.28,
            "roe": 0.74,
            "roe_4q": -0.3400000000000001,
            "gross_profit": 589429,
            "gross_margin": 21.57,
            "gross_margin_4q_avg": 20.68,
            "net_income": 79925,
            "net_income_4q": null,
            "revenue": 2732730,
            "revenue_4q": null,
            "common_shares": 2984820,
            "book_valuer_per_share": 36.87,
            "book_valuer_per_share_4q_avg": 36.93,
            "equity": 10853246,
            "current_ratio": 273.25,
            "debt_ratio": 26.79,
            "inventory_turnover_ratio": 1.03,
            "account_receivable_turnover_ratio": 1.61,
            "reinvestment_rate": 414.12,
            "research_to_sale_ratio": 12.98,
            "price_fair": 51.57,
            "eps_avg_yearly": 1.47,
            "eps_latest_yearly": 1.24,
            "eps_growth_yearly": 713.86
        },
        "20183": {
            "year_quarter": 20183,
            "year": 2018,
            "quarter": 3,
            "eps": 0.3,
            "eps_growth_year": -38.78,
            "eps_4q": -0.21,
            "eps_4q_growth_year": -119.49,
            "roe": 0.71,
            "roe_4q": -0.8500000000000001,
            "gross_profit": 618402,
            "gross_margin": 24.44,
            "gross_margin_4q_avg": 21.64,
            "net_income": 76215,
            "net_income_4q": null,
            "revenue": 2530459,
            "revenue_4q": null,
            "common_shares": 2986407,
            "book_valuer_per_share": 37.56,
            "book_valuer_per_share_4q_avg": 36.89,
            "equity": 10728631,
            "current_ratio": 274.61,
            "debt_ratio": 25.14,
            "inventory_turnover_ratio": 0.84,
            "account_receivable_turnover_ratio": 1.71,
            "reinvestment_rate": 286.94,
            "research_to_sale_ratio": 15.62,
            "price_fair": 50.2,
            "eps_avg_yearly": 1.43,
            "eps_latest_yearly": 1.2,
            "eps_growth_yearly": 610.04
        },
        "20184": {
            "year_quarter": 20184,
            "year": 2018,
            "quarter": 4,
            "eps": -9.34,
            "eps_growth_year": null,
            "eps_4q": -8.67,
            "eps_4q_growth_year": null,
            "roe": -28.22,
            "roe_4q": -26.68,
            "gross_profit": -170548,
            "gross_margin": -8.35,
            "gross_margin_4q_avg": 14.44,
            "net_income": -2653855,
            "net_income_4q": null,
            "revenue": 2043518,
            "revenue_4q": null,
            "common_shares": 2987432,
            "book_valuer_per_share": 28.45,
            "book_valuer_per_share_4q_avg": 34.82,
            "equity": 8077615,
            "current_ratio": 279,
            "debt_ratio": 28.52,
            "inventory_turnover_ratio": 0.98,
            "account_receivable_turnover_ratio": 1.89,
            "reinvestment_rate": null,
            "research_to_sale_ratio": 19.11,
            "price_fair": 50.2,
            "eps_avg_yearly": 1.43,
            "eps_latest_yearly": 1.2,
            "eps_growth_yearly": 610.04
        },
        "20191": {
            "year_quarter": 20191,
            "year": 2019,
            "quarter": 1,
            "eps": -0.67,
            "eps_growth_year": -1440,
            "eps_4q": -9.37,
            "eps_4q_growth_year": null,
            "roe": -2.42,
            "roe_4q": -29.19,
            "gross_profit": 343698,
            "gross_margin": 20.96,
            "gross_margin_4q_avg": 14.66,
            "net_income": -193834,
            "net_income_4q": null,
            "revenue": 1639942,
            "revenue_4q": null,
            "common_shares": 2987924,
            "book_valuer_per_share": 27.97,
            "book_valuer_per_share_4q_avg": 32.71,
            "equity": 7934662,
            "current_ratio": 286.75,
            "debt_ratio": 25.74,
            "inventory_turnover_ratio": 0.57,
            "account_receivable_turnover_ratio": 1.97,
            "reinvestment_rate": null,
            "research_to_sale_ratio": 23.68,
            "price_fair": 50.2,
            "eps_avg_yearly": 1.43,
            "eps_latest_yearly": 1.2,
            "eps_growth_yearly": 610.04
        },
        "20192": {
            "year_quarter": 20192,
            "year": 2019,
            "quarter": 2,
            "eps": -0.47,
            "eps_growth_year": -251.61,
            "eps_4q": -9.94,
            "eps_4q_growth_year": null,
            "roe": -1.72,
            "roe_4q": -31.65,
            "gross_profit": 490393,
            "gross_margin": 22.92,
            "gross_margin_4q_avg": 14.99,
            "net_income": -135359,
            "net_income_4q": null,
            "revenue": 2139477,
            "revenue_4q": null,
            "common_shares": 2994394,
            "book_valuer_per_share": 26.99,
            "book_valuer_per_share_4q_avg": 30.24,
            "equity": 7799197,
            "current_ratio": 292.69,
            "debt_ratio": 25.77,
            "inventory_turnover_ratio": 0.75,
            "account_receivable_turnover_ratio": 2.73,
            "reinvestment_rate": null,
            "research_to_sale_ratio": 18.62,
            "price_fair": 50.2,
            "eps_avg_yearly": 1.43,
            "eps_latest_yearly": 1.2,
            "eps_growth_yearly": 610.04
        },
        "20193": {
            "year_quarter": 20193,
            "year": 2019,
            "quarter": 3,
            "eps": 0.29,
            "eps_growth_year": -3.33,
            "eps_4q": -9.96,
            "eps_4q_growth_year": null,
            "roe": 0.93,
            "roe_4q": -31.43,
            "gross_profit": 596465,
            "gross_margin": 23.18,
            "gross_margin_4q_avg": 14.68,
            "net_income": 72936,
            "net_income_4q": null,
            "revenue": 2573411,
            "revenue_4q": null,
            "common_shares": 2994857,
            "book_valuer_per_share": 27.12,
            "book_valuer_per_share_4q_avg": 27.63,
            "equity": 7831193,
            "current_ratio": 282.27,
            "debt_ratio": 28.48,
            "inventory_turnover_ratio": 1.17,
            "account_receivable_turnover_ratio": 2.62,
            "reinvestment_rate": null,
            "research_to_sale_ratio": 14.99,
            "price_fair": 47.13,
            "eps_avg_yearly": 1.35,
            "eps_latest_yearly": 1.2,
            "eps_growth_yearly": 560.6
        },
        "20194": {
            "year_quarter": 20194,
            "year": 2019,
            "quarter": 4,
            "eps": 0.2,
            "eps_growth_year": null,
            "eps_4q": -0.61,
            "eps_4q_growth_year": null,
            "roe": 0.65,
            "roe_4q": -2.5599999999999996,
            "gross_profit": 562644,
            "gross_margin": 20.04,
            "gross_margin_4q_avg": 21.78,
            "net_income": 50577,
            "net_income_4q": null,
            "revenue": 2807431,
            "revenue_4q": null,
            "common_shares": 2996759,
            "book_valuer_per_share": 26.66,
            "book_valuer_per_share_4q_avg": 27.19,
            "equity": 7728170,
            "current_ratio": 250.01,
            "debt_ratio": 33.39,
            "inventory_turnover_ratio": 1.51,
            "account_receivable_turnover_ratio": 2.25,
            "reinvestment_rate": null,
            "research_to_sale_ratio": 13.52,
            "price_fair": 49.47,
            "eps_avg_yearly": 1.41,
            "eps_latest_yearly": 0.8,
            "eps_growth_yearly": 592.97
        },
        "20201": {
            "year_quarter": 20201,
            "year": 2020,
            "quarter": 1,
            "eps": 0.24,
            "eps_growth_year": null,
            "eps_4q": 0.25,
            "eps_4q_growth_year": null,
            "roe": 0.75,
            "roe_4q": 0.6100000000000001,
            "gross_profit": 639829,
            "gross_margin": 21.99,
            "gross_margin_4q_avg": 22.03,
            "net_income": 59398,
            "net_income_4q": null,
            "revenue": 2909637,
            "revenue_4q": null,
            "common_shares": 2999069,
            "book_valuer_per_share": 26.87,
            "book_valuer_per_share_4q_avg": 26.91,
            "equity": 8037384,
            "current_ratio": 251.34,
            "debt_ratio": 33.55,
            "inventory_turnover_ratio": 1.16,
            "account_receivable_turnover_ratio": 1.97,
            "reinvestment_rate": null,
            "research_to_sale_ratio": 13.32,
            "price_fair": 47.2,
            "eps_avg_yearly": 1.35,
            "eps_latest_yearly": 0.96,
            "eps_growth_yearly": 519.69
        },
        "20202": {
            "year_quarter": 20202,
            "year": 2020,
            "quarter": 2,
            "eps": 0.38,
            "eps_growth_year": null,
            "eps_4q": 1.04,
            "eps_4q_growth_year": null,
            "roe": 1.27,
            "roe_4q": 3.6,
            "gross_profit": 613182,
            "gross_margin": 22.16,
            "gross_margin_4q_avg": 21.84,
            "net_income": 101084,
            "net_income_4q": null,
            "revenue": 2767596,
            "revenue_4q": null,
            "common_shares": 2999949,
            "book_valuer_per_share": 26.46,
            "book_valuer_per_share_4q_avg": 26.78,
            "equity": 7910420,
            "current_ratio": 260.95,
            "debt_ratio": 31.28,
            "inventory_turnover_ratio": 0.85,
            "account_receivable_turnover_ratio": 1.88,
            "reinvestment_rate": null,
            "research_to_sale_ratio": 12.54,
            "price_fair": 47.95,
            "eps_avg_yearly": 1.37,
            "eps_latest_yearly": 1.52,
            "eps_growth_yearly": 483.89
        },
        "20203": {
            "year_quarter": 20203,
            "year": 2020,
            "quarter": 3,
            "eps": 1.06,
            "eps_growth_year": 265.52,
            "eps_4q": 2.42,
            "eps_4q_growth_year": null,
            "roe": 3.53,
            "roe_4q": 6.2,
            "gross_profit": 814765,
            "gross_margin": 21.35,
            "gross_margin_4q_avg": 21.39,
            "net_income": 267709,
            "net_income_4q": null,
            "revenue": 3815809,
            "revenue_4q": null,
            "common_shares": 2100456,
            "book_valuer_per_share": 34.71,
            "book_valuer_per_share_4q_avg": 28.68,
            "equity": 7256898,
            "current_ratio": 209.2,
            "debt_ratio": 39.24,
            "inventory_turnover_ratio": 1.2,
            "account_receivable_turnover_ratio": 2.63,
            "reinvestment_rate": null,
            "research_to_sale_ratio": 10.25,
            "price_fair": 60.9,
            "eps_avg_yearly": 1.74,
            "eps_latest_yearly": 4.24,
            "eps_growth_yearly": 553.8
        },
        "20204": {
            "year_quarter": 20204,
            "year": 2020,
            "quarter": 4,
            "eps": 2.69,
            "eps_growth_year": 1273.27,
            "eps_4q": 4.83,
            "eps_4q_growth_year": null,
            "roe": 7.37,
            "roe_4q": 12.92,
            "gross_profit": 1361000,
            "gross_margin": 31.6,
            "gross_margin_4q_avg": 24.28,
            "net_income": 555267,
            "net_income_4q": null,
            "revenue": 4307306,
            "revenue_4q": null,
            "common_shares": 2103532,
            "book_valuer_per_share": 37.28,
            "book_valuer_per_share_4q_avg": 31.33,
            "equity": 7811460,
            "current_ratio": 226.75,
            "debt_ratio": 36.72,
            "inventory_turnover_ratio": 1.47,
            "account_receivable_turnover_ratio": 2.76,
            "reinvestment_rate": null,
            "research_to_sale_ratio": 11.85,
            "price_fair": 99.23,
            "eps_avg_yearly": 2.84,
            "eps_latest_yearly": 10.76,
            "eps_growth_yearly": 602.56
        },
        "20211": {
            "year_quarter": 20211,
            "year": 2021,
            "quarter": 1,
            "eps": 4.24,
            "eps_growth_year": 1666.67,
            "eps_4q": 8.54,
            "eps_4q_growth_year": 3328.3,
            "roe": 10.14,
            "roe_4q": 22.310000000000002,
            "gross_profit": 1628584,
            "gross_margin": 37.44,
            "gross_margin_4q_avg": 28.14,
            "net_income": 836951,
            "net_income_4q": null,
            "revenue": 4349854,
            "revenue_4q": null,
            "common_shares": 2105279,
            "book_valuer_per_share": 41.3,
            "book_valuer_per_share_4q_avg": 34.94,
            "equity": 8695352,
            "current_ratio": 225.37,
            "debt_ratio": 38.19,
            "inventory_turnover_ratio": 1.44,
            "account_receivable_turnover_ratio": 2.52,
            "reinvestment_rate": null,
            "research_to_sale_ratio": 10.96,
            "price_fair": 154.16,
            "eps_avg_yearly": 4.4,
            "eps_latest_yearly": 16.96,
            "eps_growth_yearly": 561.22
        },
        "20212": {
            "year_quarter": 20212,
            "year": 2021,
            "quarter": 2,
            "eps": 10.43,
            "eps_growth_year": 2644.74,
            "eps_4q": 17.53,
            "eps_4q_growth_year": 1590.22,
            "roe": 21.41,
            "roe_4q": 42.45,
            "gross_profit": 2907756,
            "gross_margin": 50.37,
            "gross_margin_4q_avg": 35.19,
            "net_income": 2099090,
            "net_income_4q": null,
            "revenue": 5772267,
            "revenue_4q": null,
            "common_shares": 2163561,
            "book_valuer_per_share": 50.36,
            "book_valuer_per_share_4q_avg": 40.91,
            "equity": 10914768,
            "current_ratio": 256.05,
            "debt_ratio": 33.61,
            "inventory_turnover_ratio": 1.45,
            "account_receivable_turnover_ratio": 2.64,
            "reinvestment_rate": -7.49,
            "research_to_sale_ratio": 10.23,
            "price_fair": 284.76,
            "eps_avg_yearly": 8.14,
            "eps_latest_yearly": 41.72,
            "eps_growth_yearly": 563.5
        },
        "20213": {
            "year_quarter": 20213,
            "year": 2021,
            "quarter": 3,
            "eps": 9.02,
            "eps_growth_year": 750.94,
            "eps_4q": 24.71,
            "eps_4q_growth_year": 922.32,
            "roe": 15.82,
            "roe_4q": 54.74,
            "gross_profit": 3415217,
            "gross_margin": 54.45,
            "gross_margin_4q_avg": 43.47,
            "net_income": 1827469,
            "net_income_4q": null,
            "revenue": 6272422,
            "revenue_4q": null,
            "common_shares": 2165215,
            "book_valuer_per_share": 56.25,
            "book_valuer_per_share_4q_avg": 46.3,
            "equity": 12195013,
            "current_ratio": 226.83,
            "debt_ratio": 43.2,
            "inventory_turnover_ratio": 1.29,
            "account_receivable_turnover_ratio": 2.45,
            "reinvestment_rate": -1.54,
            "research_to_sale_ratio": 10.43,
            "price_fair": 404.18,
            "eps_avg_yearly": 11.55,
            "eps_latest_yearly": 36.08,
            "eps_growth_yearly": 434.75
        },
        "20214": {
            "year_quarter": 20214,
            "year": 2021,
            "quarter": 4,
            "eps": 6.14,
            "eps_growth_year": 128.19,
            "eps_4q": 28.27,
            "eps_4q_growth_year": 485.44,
            "roe": 10.32,
            "roe_4q": 57.69,
            "gross_profit": 2777842,
            "gross_margin": 49.63,
            "gross_margin_4q_avg": 47.97,
            "net_income": 1333340,
            "net_income_4q": null,
            "revenue": 5596954,
            "revenue_4q": null,
            "common_shares": 2162367,
            "book_valuer_per_share": 63.01,
            "book_valuer_per_share_4q_avg": 52.73,
            "equity": 13647962,
            "current_ratio": 282.53,
            "debt_ratio": 46.12,
            "inventory_turnover_ratio": 0.89,
            "account_receivable_turnover_ratio": 1.92,
            "reinvestment_rate": 25.63,
            "research_to_sale_ratio": 12.29,
            "price_fair": 445.58,
            "eps_avg_yearly": 12.73,
            "eps_latest_yearly": 24.56,
            "eps_growth_yearly": 383.62
        },
        "20221": {
            "year_quarter": 20221,
            "year": 2022,
            "quarter": 1,
            "eps": 3.57,
            "eps_growth_year": -15.8,
            "eps_4q": 27.71,
            "eps_4q_growth_year": 224.37,
            "roe": 5.11,
            "roe_4q": 52.66,
            "gross_profit": 1541597,
            "gross_margin": 39.6,
            "gross_margin_4q_avg": 48.51,
            "net_income": 722586,
            "net_income_4q": null,
            "revenue": 3892682,
            "revenue_4q": null,
            "common_shares": 2164347,
            "book_valuer_per_share": 67.59,
            "book_valuer_per_share_4q_avg": 59.3,
            "equity": 14648083,
            "current_ratio": 292.88,
            "debt_ratio": 44.72,
            "inventory_turnover_ratio": 0.49,
            "account_receivable_turnover_ratio": 1.4,
            "reinvestment_rate": 28.3,
            "research_to_sale_ratio": 15.32,
            "price_fair": 450.1,
            "eps_avg_yearly": 12.86,
            "eps_latest_yearly": 14.28,
            "eps_growth_yearly": 337.7
        },
        "20222": {
            "year_quarter": 20222,
            "year": 2022,
            "quarter": 2,
            "eps": 0.44,
            "eps_growth_year": -95.78,
            "eps_4q": 18.54,
            "eps_4q_growth_year": 5.74,
            "roe": 0.64,
            "roe_4q": 31.89,
            "gross_profit": 1126985,
            "gross_margin": 33.87,
            "gross_margin_4q_avg": 44.39,
            "net_income": 83058,
            "net_income_4q": null,
            "revenue": 3327292,
            "revenue_4q": null,
            "common_shares": 2163617,
            "book_valuer_per_share": 52.53,
            "book_valuer_per_share_4q_avg": 59.85,
            "equity": 11294251,
            "current_ratio": 203.6,
            "debt_ratio": 55.62,
            "inventory_turnover_ratio": 0.32,
            "account_receivable_turnover_ratio": 1.6,
            "reinvestment_rate": 28.68,
            "research_to_sale_ratio": 24.75,
            "price_fair": 451.62,
            "eps_avg_yearly": 12.9,
            "eps_latest_yearly": 1.76,
            "eps_growth_yearly": 135.14
        },
        "20223": {
            "year_quarter": 20223,
            "year": 2022,
            "quarter": 3,
            "eps": -13.57,
            "eps_growth_year": -250.44,
            "eps_4q": -2.86,
            "eps_4q_growth_year": -111.58,
            "roe": -27.57,
            "roe_4q": -11.5,
            "gross_profit": -1999293,
            "gross_margin": -84.35,
            "gross_margin_4q_avg": 9.69,
            "net_income": -2770234,
            "net_income_4q": null,
            "revenue": 2370317,
            "revenue_4q": null,
            "common_shares": 2162377,
            "book_valuer_per_share": 40.94,
            "book_valuer_per_share_4q_avg": 56.02,
            "equity": 8800818,
            "current_ratio": 187.44,
            "debt_ratio": 61.12,
            "inventory_turnover_ratio": 0.58,
            "account_receivable_turnover_ratio": 1.53,
            "reinvestment_rate": 64.37,
            "research_to_sale_ratio": 28.33,
            "price_fair": 488.85,
            "eps_avg_yearly": 13.97,
            "eps_latest_yearly": 1.76,
            "eps_growth_yearly": 148.6
        },
        "20224": {
            "year_quarter": 20224,
            "year": 2022,
            "quarter": 4,
            "eps": 0.14,
            "eps_growth_year": -97.76,
            "eps_4q": -8.91,
            "eps_4q_growth_year": -131.52,
            "roe": 0.4,
            "roe_4q": -21.42,
            "gross_profit": 613389,
            "gross_margin": 18.26,
            "gross_margin_4q_avg": 1.85,
            "net_income": 35695,
            "net_income_4q": null,
            "revenue": 3359611,
            "revenue_4q": null,
            "common_shares": 2161107,
            "book_valuer_per_share": 41.16,
            "book_valuer_per_share_4q_avg": 50.56,
            "equity": 8846260,
            "current_ratio": 208.99,
            "debt_ratio": 57.46,
            "inventory_turnover_ratio": 0.43,
            "account_receivable_turnover_ratio": 2.84,
            "reinvestment_rate": 29.28,
            "research_to_sale_ratio": 13.25,
            "price_fair": 488.85,
            "eps_avg_yearly": 13.97,
            "eps_latest_yearly": 1.76,
            "eps_growth_yearly": 148.6
        },
        "20231": {
            "year_quarter": 20231,
            "year": 2023,
            "quarter": 1,
            "eps": 0.25,
            "eps_growth_year": -93,
            "eps_4q": -12.06,
            "eps_4q_growth_year": -143.54,
            "roe": 0.56,
            "roe_4q": -25.97,
            "gross_profit": 607181,
            "gross_margin": 18.83,
            "gross_margin_4q_avg": -3.35,
            "net_income": 50016,
            "net_income_4q": null,
            "revenue": 3225278,
            "revenue_4q": null,
            "common_shares": 2159770,
            "book_valuer_per_share": 41.89,
            "book_valuer_per_share_4q_avg": 44.13,
            "equity": 9006803,
            "current_ratio": 270.52,
            "debt_ratio": 51.47,
            "inventory_turnover_ratio": 0.52,
            "account_receivable_turnover_ratio": 2.87,
            "reinvestment_rate": 26.41,
            "research_to_sale_ratio": 12.05,
            "price_fair": 451.03,
            "eps_avg_yearly": 12.89,
            "eps_latest_yearly": 1,
            "eps_growth_yearly": 162.41
        },
        "20232": {
            "year_quarter": 20232,
            "year": 2023,
            "quarter": 2,
            "eps": 0.51,
            "eps_growth_year": 15.91,
            "eps_4q": -11.99,
            "eps_4q_growth_year": -164.69,
            "roe": 1.14,
            "roe_4q": -25.47,
            "gross_profit": 638181,
            "gross_margin": 20.5,
            "gross_margin_4q_avg": -6.69,
            "net_income": 102696,
            "net_income_4q": null,
            "revenue": 3112352,
            "revenue_4q": null,
            "common_shares": 2159300,
            "book_valuer_per_share": 42.08,
            "book_valuer_per_share_4q_avg": 41.52,
            "equity": 9042898,
            "current_ratio": 265.64,
            "debt_ratio": 50.16,
            "inventory_turnover_ratio": 0.62,
            "account_receivable_turnover_ratio": 2.73,
            "reinvestment_rate": 25.94,
            "research_to_sale_ratio": 13.18,
            "price_fair": 421.83,
            "eps_avg_yearly": 12.05,
            "eps_latest_yearly": 2.04,
            "eps_growth_yearly": 181.91
        },
        "20233": {
            "year_quarter": 20233,
            "year": 2023,
            "quarter": 3,
            "eps": 0.61,
            "eps_growth_year": null,
            "eps_4q": 1.46,
            "eps_4q_growth_year": null,
            "roe": 1.35,
            "roe_4q": 3.45,
            "gross_profit": 706374,
            "gross_margin": 19.63,
            "gross_margin_4q_avg": 19.31,
            "net_income": 124405,
            "net_income_4q": null,
            "revenue": 3598407,
            "revenue_4q": null,
            "common_shares": 2158720,
            "book_valuer_per_share": 43.47,
            "book_valuer_per_share_4q_avg": 42.15,
            "equity": 9335690,
            "current_ratio": 255.8,
            "debt_ratio": 50.81,
            "inventory_turnover_ratio": 0.84,
            "account_receivable_turnover_ratio": 2.59,
            "reinvestment_rate": 26.31,
            "research_to_sale_ratio": 13.5,
            "price_fair": 397.8,
            "eps_avg_yearly": 11.37,
            "eps_latest_yearly": 2.44,
            "eps_growth_yearly": 174.52
        },
        "20234": {
            "year_quarter": 20234,
            "year": 2023,
            "quarter": 4,
            "eps": 0.36,
            "eps_growth_year": 162.3,
            "eps_4q": 1.67,
            "eps_4q_growth_year": null,
            "roe": 0.81,
            "roe_4q": 3.86,
            "gross_profit": 756917,
            "gross_margin": 20.84,
            "gross_margin_4q_avg": 19.95,
            "net_income": 75898,
            "net_income_4q": null,
            "revenue": 3632334,
            "revenue_4q": null,
            "common_shares": 2178900,
            "book_valuer_per_share": 42.97,
            "book_valuer_per_share_4q_avg": 42.6,
            "equity": 9314100,
            "current_ratio": 273.21,
            "debt_ratio": 49.53,
            "inventory_turnover_ratio": 0.96,
            "account_receivable_turnover_ratio": 2.24,
            "reinvestment_rate": 24.89,
            "research_to_sale_ratio": 13.91,
            "price_fair": 399.4,
            "eps_avg_yearly": 11.41,
            "eps_latest_yearly": 1.44,
            "eps_growth_yearly": 171.68
        }
    },
    "months": {
        "2007-07": {
            "month": "2007-07",
            "price": "136.60",
            "revenue": 336072
        },
        "2007-08": {
            "month": "2007-08",
            "price": "111.59",
            "revenue": 373390
        },
        "2007-09": {
            "month": "2007-09",
            "price": "89.37",
            "revenue": 403431
        },
        "2007-10": {
            "month": "2007-10",
            "price": "96.30",
            "revenue": 410894
        },
        "2007-11": {
            "month": "2007-11",
            "price": "102.84",
            "revenue": 402966
        },
        "2007-12": {
            "month": "2007-12",
            "price": "88.54",
            "revenue": 410789
        },
        "2008-01": {
            "month": "2008-01",
            "price": "69.64",
            "revenue": 340243
        },
        "2008-02": {
            "month": "2008-02",
            "price": "51.19",
            "revenue": 386048
        },
        "2008-03": {
            "month": "2008-03",
            "price": "67.50",
            "revenue": 431750
        },
        "2008-04": {
            "month": "2008-04",
            "price": "74.06",
            "revenue": 433621
        },
        "2008-05": {
            "month": "2008-05",
            "price": "89.13",
            "revenue": 407864
        },
        "2008-06": {
            "month": "2008-06",
            "price": "73.64",
            "revenue": 368170
        },
        "2008-07": {
            "month": "2008-07",
            "price": "60.00",
            "revenue": 456094
        },
        "2008-08": {
            "month": "2008-08",
            "price": "68.29",
            "revenue": 473683
        },
        "2008-09": {
            "month": "2008-09",
            "price": "50.13",
            "revenue": 500812
        },
        "2008-10": {
            "month": "2008-10",
            "price": "36.12",
            "revenue": 406583
        },
        "2008-11": {
            "month": "2008-11",
            "price": "24.14",
            "revenue": 223856
        },
        "2008-12": {
            "month": "2008-12",
            "price": "21.77",
            "revenue": 138489
        },
        "2009-01": {
            "month": "2009-01",
            "price": "25.22",
            "revenue": 141261
        },
        "2009-02": {
            "month": "2009-02",
            "price": "29.58",
            "revenue": 200925
        },
        "2009-03": {
            "month": "2009-03",
            "price": "37.00",
            "revenue": 301516
        },
        "2009-04": {
            "month": "2009-04",
            "price": "39.86",
            "revenue": 361031
        },
        "2009-05": {
            "month": "2009-05",
            "price": "47.96",
            "revenue": 405028
        },
        "2009-06": {
            "month": "2009-06",
            "price": "53.22",
            "revenue": 445235
        },
        "2009-07": {
            "month": "2009-07",
            "price": "55.68",
            "revenue": 471140
        },
        "2009-08": {
            "month": "2009-08",
            "price": "51.01",
            "revenue": 495019
        },
        "2009-09": {
            "month": "2009-09",
            "price": "50.48",
            "revenue": 483473
        },
        "2009-10": {
            "month": "2009-10",
            "price": "58.28",
            "revenue": 398804
        },
        "2009-11": {
            "month": "2009-11",
            "price": "56.68",
            "revenue": 338387
        },
        "2009-12": {
            "month": "2009-12",
            "price": "69.42",
            "revenue": 412413
        },
        "2010-01": {
            "month": "2010-01",
            "price": "67.97",
            "revenue": 433505
        },
        "2010-02": {
            "month": "2010-02",
            "price": "56.66",
            "revenue": 330405
        },
        "2010-03": {
            "month": "2010-03",
            "price": "60.10",
            "revenue": 446611
        },
        "2010-04": {
            "month": "2010-04",
            "price": "59.35",
            "revenue": 458757
        },
        "2010-05": {
            "month": "2010-05",
            "price": "51.60",
            "revenue": 511166
        },
        "2010-06": {
            "month": "2010-06",
            "price": "49.70",
            "revenue": 464056
        },
        "2010-07": {
            "month": "2010-07",
            "price": "50.36",
            "revenue": 519329
        },
        "2010-08": {
            "month": "2010-08",
            "price": "51.12",
            "revenue": 537222
        },
        "2010-09": {
            "month": "2010-09",
            "price": "61.79",
            "revenue": 551696
        },
        "2010-10": {
            "month": "2010-10",
            "price": "66.01",
            "revenue": 502697
        },
        "2010-11": {
            "month": "2010-11",
            "price": "69.42",
            "revenue": 442101
        },
        "2010-12": {
            "month": "2010-12",
            "price": "69.50",
            "revenue": 374711
        },
        "2011-01": {
            "month": "2011-01",
            "price": "63.91",
            "revenue": 416139
        },
        "2011-02": {
            "month": "2011-02",
            "price": "63.71",
            "revenue": 336472
        },
        "2011-03": {
            "month": "2011-03",
            "price": "57.85",
            "revenue": 415408
        },
        "2011-04": {
            "month": "2011-04",
            "price": "62.38",
            "revenue": 410366
        },
        "2011-05": {
            "month": "2011-05",
            "price": "63.30",
            "revenue": 354812
        },
        "2011-06": {
            "month": "2011-06",
            "price": "58.06",
            "revenue": 306676
        },
        "2011-07": {
            "month": "2011-07",
            "price": "44.99",
            "revenue": 312262
        },
        "2011-08": {
            "month": "2011-08",
            "price": "33.33",
            "revenue": 355250
        },
        "2011-09": {
            "month": "2011-09",
            "price": "31.94",
            "revenue": 370688
        },
        "2011-10": {
            "month": "2011-10",
            "price": "37.21",
            "revenue": 334804
        },
        "2011-11": {
            "month": "2011-11",
            "price": "35.92",
            "revenue": 300162
        },
        "2011-12": {
            "month": "2011-12",
            "price": "27.30",
            "revenue": 252429
        },
        "2012-01": {
            "month": "2012-01",
            "price": "29.55",
            "revenue": 237747
        },
        "2012-02": {
            "month": "2012-02",
            "price": "36.41",
            "revenue": 232547
        },
        "2012-03": {
            "month": "2012-03",
            "price": "38.35",
            "revenue": 316792
        },
        "2012-04": {
            "month": "2012-04",
            "price": "33.63",
            "revenue": 306768
        },
        "2012-05": {
            "month": "2012-05",
            "price": "32.03",
            "revenue": 327629
        },
        "2012-06": {
            "month": "2012-06",
            "price": "30.25",
            "revenue": 321691
        },
        "2012-07": {
            "month": "2012-07",
            "price": "28.69",
            "revenue": 379478
        },
        "2012-08": {
            "month": "2012-08",
            "price": "32.98",
            "revenue": 476763
        },
        "2012-09": {
            "month": "2012-09",
            "price": "38.23",
            "revenue": 511229
        },
        "2012-10": {
            "month": "2012-10",
            "price": "35.14",
            "revenue": 605272
        },
        "2012-11": {
            "month": "2012-11",
            "price": "34.87",
            "revenue": 657597
        },
        "2012-12": {
            "month": "2012-12",
            "price": "38.47",
            "revenue": 633144
        },
        "2013-01": {
            "month": "2013-01",
            "price": "39.24",
            "revenue": 654678
        },
        "2013-02": {
            "month": "2013-02",
            "price": "40.65",
            "revenue": 504611
        },
        "2013-03": {
            "month": "2013-03",
            "price": "45.87",
            "revenue": 806171
        },
        "2013-04": {
            "month": "2013-04",
            "price": "50.10",
            "revenue": 941028
        },
        "2013-05": {
            "month": "2013-05",
            "price": "53.60",
            "revenue": 1039195
        },
        "2013-06": {
            "month": "2013-06",
            "price": "59.11",
            "revenue": 944702
        },
        "2013-07": {
            "month": "2013-07",
            "price": "61.47",
            "revenue": 758978
        },
        "2013-08": {
            "month": "2013-08",
            "price": "58.82",
            "revenue": 784835
        },
        "2013-09": {
            "month": "2013-09",
            "price": "57.02",
            "revenue": 771485
        },
        "2013-10": {
            "month": "2013-10",
            "price": "47.49",
            "revenue": 734003
        },
        "2013-11": {
            "month": "2013-11",
            "price": "46.01",
            "revenue": 655363
        },
        "2013-12": {
            "month": "2013-12",
            "price": "42.41",
            "revenue": 767395
        },
        "2014-01": {
            "month": "2014-01",
            "price": "47.03",
            "revenue": 662270
        },
        "2014-02": {
            "month": "2014-02",
            "price": "44.42",
            "revenue": 806327
        },
        "2014-03": {
            "month": "2014-03",
            "price": "52.14",
            "revenue": 1142975
        },
        "2014-04": {
            "month": "2014-04",
            "price": "53.54",
            "revenue": 1205320
        },
        "2014-05": {
            "month": "2014-05",
            "price": "53.77",
            "revenue": 1006093
        },
        "2014-06": {
            "month": "2014-06",
            "price": "51.02",
            "revenue": 884029
        },
        "2014-07": {
            "month": "2014-07",
            "price": "50.66",
            "revenue": 833874
        },
        "2014-08": {
            "month": "2014-08",
            "price": "44.73",
            "revenue": 660550
        },
        "2014-09": {
            "month": "2014-09",
            "price": "42.44",
            "revenue": 718060
        },
        "2014-10": {
            "month": "2014-10",
            "price": "39.59",
            "revenue": 750712
        },
        "2014-11": {
            "month": "2014-11",
            "price": "32.96",
            "revenue": 615600
        },
        "2014-12": {
            "month": "2014-12",
            "price": "34.33",
            "revenue": 606865
        },
        "2015-01": {
            "month": "2015-01",
            "price": "36.38",
            "revenue": 871221
        },
        "2015-02": {
            "month": "2015-02",
            "price": "36.11",
            "revenue": 511266
        },
        "2015-03": {
            "month": "2015-03",
            "price": "36.47",
            "revenue": 1046751
        },
        "2015-04": {
            "month": "2015-04",
            "price": "33.40",
            "revenue": 1140040
        },
        "2015-05": {
            "month": "2015-05",
            "price": "30.82",
            "revenue": 1096198
        },
        "2015-06": {
            "month": "2015-06",
            "price": "33.24",
            "revenue": 966160
        },
        "2015-07": {
            "month": "2015-07",
            "price": "29.92",
            "revenue": 914270
        },
        "2015-08": {
            "month": "2015-08",
            "price": "22.24",
            "revenue": 978044
        },
        "2015-09": {
            "month": "2015-09",
            "price": "24.62",
            "revenue": 1007381
        },
        "2015-10": {
            "month": "2015-10",
            "price": "25.04",
            "revenue": 1055346
        },
        "2015-11": {
            "month": "2015-11",
            "price": "28.17",
            "revenue": 1004153
        },
        "2015-12": {
            "month": "2015-12",
            "price": "33.92",
            "revenue": 888908
        },
        "2016-01": {
            "month": "2016-01",
            "price": "28.92",
            "revenue": 813564
        },
        "2016-02": {
            "month": "2016-02",
            "price": "29.23",
            "revenue": 484950
        },
        "2016-03": {
            "month": "2016-03",
            "price": "30.54",
            "revenue": 1010053
        },
        "2016-04": {
            "month": "2016-04",
            "price": "27.87",
            "revenue": 924392
        },
        "2016-05": {
            "month": "2016-05",
            "price": "26.35",
            "revenue": 971482
        },
        "2016-06": {
            "month": "2016-06",
            "price": "26.91",
            "revenue": 1064116
        },
        "2016-07": {
            "month": "2016-07",
            "price": "27.18",
            "revenue": 1101528
        },
        "2016-08": {
            "month": "2016-08",
            "price": "30.91",
            "revenue": 1041236
        },
        "2016-09": {
            "month": "2016-09",
            "price": "35.11",
            "revenue": 913375
        },
        "2016-10": {
            "month": "2016-10",
            "price": "33.94",
            "revenue": 907545
        },
        "2016-11": {
            "month": "2016-11",
            "price": "34.75",
            "revenue": 870198
        },
        "2016-12": {
            "month": "2016-12",
            "price": "33.94",
            "revenue": 915786
        },
        "2017-01": {
            "month": "2017-01",
            "price": "35.45",
            "revenue": 582225
        },
        "2017-02": {
            "month": "2017-02",
            "price": "38.89",
            "revenue": 647219
        },
        "2017-03": {
            "month": "2017-03",
            "price": "41.72",
            "revenue": 931637
        },
        "2017-04": {
            "month": "2017-04",
            "price": "39.33",
            "revenue": 776977
        },
        "2017-05": {
            "month": "2017-05",
            "price": "32.41",
            "revenue": 884016
        },
        "2017-06": {
            "month": "2017-06",
            "price": "34.32",
            "revenue": 936428
        },
        "2017-07": {
            "month": "2017-07",
            "price": "38.96",
            "revenue": 1052201
        },
        "2017-08": {
            "month": "2017-08",
            "price": "39.88",
            "revenue": 1156422
        },
        "2017-09": {
            "month": "2017-09",
            "price": "39.22",
            "revenue": 1056305
        },
        "2017-10": {
            "month": "2017-10",
            "price": "34.33",
            "revenue": 966068
        },
        "2017-11": {
            "month": "2017-11",
            "price": "30.10",
            "revenue": 986075
        },
        "2017-12": {
            "month": "2017-12",
            "price": "30.05",
            "revenue": 822761
        },
        "2018-01": {
            "month": "2018-01",
            "price": "31.09",
            "revenue": 925640
        },
        "2018-02": {
            "month": "2018-02",
            "price": "28.15",
            "revenue": 523300
        },
        "2018-03": {
            "month": "2018-03",
            "price": "30.46",
            "revenue": 1163721
        },
        "2018-04": {
            "month": "2018-04",
            "price": "29.30",
            "revenue": 865069
        },
        "2018-05": {
            "month": "2018-05",
            "price": "26.37",
            "revenue": 1008818
        },
        "2018-06": {
            "month": "2018-06",
            "price": "27.69",
            "revenue": 858843
        },
        "2018-07": {
            "month": "2018-07",
            "price": "25.75",
            "revenue": 797892
        },
        "2018-08": {
            "month": "2018-08",
            "price": "24.91",
            "revenue": 882344
        },
        "2018-09": {
            "month": "2018-09",
            "price": "25.18",
            "revenue": 850222
        },
        "2018-10": {
            "month": "2018-10",
            "price": "22.72",
            "revenue": 833635
        },
        "2018-11": {
            "month": "2018-11",
            "price": "24.27",
            "revenue": 696326
        },
        "2018-12": {
            "month": "2018-12",
            "price": "27.15",
            "revenue": 513557
        },
        "2019-01": {
            "month": "2019-01",
            "price": "22.92",
            "revenue": 482253
        },
        "2019-02": {
            "month": "2019-02",
            "price": "22.25",
            "revenue": 431829
        },
        "2019-03": {
            "month": "2019-03",
            "price": "23.64",
            "revenue": 725860
        },
        "2019-04": {
            "month": "2019-04",
            "price": "25.42",
            "revenue": 770371
        },
        "2019-05": {
            "month": "2019-05",
            "price": "22.15",
            "revenue": 720249
        },
        "2019-06": {
            "month": "2019-06",
            "price": "22.53",
            "revenue": 648856
        },
        "2019-07": {
            "month": "2019-07",
            "price": "23.42",
            "revenue": 815262
        },
        "2019-08": {
            "month": "2019-08",
            "price": "22.14",
            "revenue": 804240
        },
        "2019-09": {
            "month": "2019-09",
            "price": "22.48",
            "revenue": 953909
        },
        "2019-10": {
            "month": "2019-10",
            "price": "22.42",
            "revenue": 1034823
        },
        "2019-11": {
            "month": "2019-11",
            "price": "24.84",
            "revenue": 917779
        },
        "2019-12": {
            "month": "2019-12",
            "price": "24.77",
            "revenue": 854829
        },
        "2020-01": {
            "month": "2020-01",
            "price": "25.11",
            "revenue": 845388
        },
        "2020-02": {
            "month": "2020-02",
            "price": "28.21",
            "revenue": 912596
        },
        "2020-03": {
            "month": "2020-03",
            "price": "28.57",
            "revenue": 1151652
        },
        "2020-04": {
            "month": "2020-04",
            "price": "31.49",
            "revenue": 943357
        },
        "2020-05": {
            "month": "2020-05",
            "price": "32.08",
            "revenue": 746860
        },
        "2020-06": {
            "month": "2020-06",
            "price": "32.31",
            "revenue": 1077379
        },
        "2020-07": {
            "month": "2020-07",
            "price": "36.43",
            "revenue": 1213616
        },
        "2020-08": {
            "month": "2020-08",
            "price": "35.52",
            "revenue": 1237745
        },
        "2020-09": {
            "month": "2020-09",
            "price": "32.63",
            "revenue": 1364448
        },
        "2020-10": {
            "month": "2020-10",
            "price": "40.42",
            "revenue": 1279427
        },
        "2020-11": {
            "month": "2020-11",
            "price": "56.80",
            "revenue": 1507331
        },
        "2020-12": {
            "month": "2020-12",
            "price": "76.43",
            "revenue": 1520548
        },
        "2021-01": {
            "month": "2021-01",
            "price": "95.96",
            "revenue": 1358165
        },
        "2021-02": {
            "month": "2021-02",
            "price": "95.55",
            "revenue": 1467785
        },
        "2021-03": {
            "month": "2021-03",
            "price": "134.95",
            "revenue": 1523903
        },
        "2021-04": {
            "month": "2021-04",
            "price": "203.18",
            "revenue": 1908675
        },
        "2021-05": {
            "month": "2021-05",
            "price": "179.31",
            "revenue": 1950433
        },
        "2021-06": {
            "month": "2021-06",
            "price": "227.24",
            "revenue": 1913159
        },
        "2021-07": {
            "month": "2021-07",
            "price": "238.39",
            "revenue": 2019215
        },
        "2021-08": {
            "month": "2021-08",
            "price": "224.23",
            "revenue": 2135950
        },
        "2021-09": {
            "month": "2021-09",
            "price": "170.80",
            "revenue": 2117257
        },
        "2021-10": {
            "month": "2021-10",
            "price": "147.10",
            "revenue": 2054860
        },
        "2021-11": {
            "month": "2021-11",
            "price": "159.52",
            "revenue": 1875267
        },
        "2021-12": {
            "month": "2021-12",
            "price": "169.82",
            "revenue": 1666828
        },
        "2022-01": {
            "month": "2022-01",
            "price": "157.53",
            "revenue": 1377485
        },
        "2022-02": {
            "month": "2022-02",
            "price": "150.83",
            "revenue": 1253538
        },
        "2022-03": {
            "month": "2022-03",
            "price": "148.76",
            "revenue": 1261658
        },
        "2022-04": {
            "month": "2022-04",
            "price": "125.37",
            "revenue": 1132410
        },
        "2022-05": {
            "month": "2022-05",
            "price": "114.76",
            "revenue": 1117415
        },
        "2022-06": {
            "month": "2022-06",
            "price": "106.16",
            "revenue": 1077466
        },
        "2022-07": {
            "month": "2022-07",
            "price": "90.83",
            "revenue": 636014
        },
        "2022-08": {
            "month": "2022-08",
            "price": "73.59",
            "revenue": 745879
        },
        "2022-09": {
            "month": "2022-09",
            "price": "67.94",
            "revenue": 988424
        },
        "2022-10": {
            "month": "2022-10",
            "price": "68.32",
            "revenue": 1142155
        },
        "2022-11": {
            "month": "2022-11",
            "price": "68.26",
            "revenue": 1086544
        },
        "2022-12": {
            "month": "2022-12",
            "price": "61.70",
            "revenue": 1130912
        },
        "2023-01": {
            "month": "2023-01",
            "price": "63.44",
            "revenue": 757754
        },
        "2023-02": {
            "month": "2023-02",
            "price": "71.43",
            "revenue": 1053037
        },
        "2023-03": {
            "month": "2023-03",
            "price": "76.85",
            "revenue": 1414487
        },
        "2023-04": {
            "month": "2023-04",
            "price": "83.71",
            "revenue": 1092121
        },
        "2023-05": {
            "month": "2023-05",
            "price": "79.29",
            "revenue": 1158864
        },
        "2023-06": {
            "month": "2023-06",
            "price": "81.71",
            "revenue": 861367
        },
        "2023-07": {
            "month": "2023-07",
            "price": "72.71",
            "revenue": 1049191
        },
        "2023-08": {
            "month": "2023-08",
            "price": "70.16",
            "revenue": 1285262
        },
        "2023-09": {
            "month": "2023-09",
            "price": "77.08",
            "revenue": 1263954
        },
        "2023-10": {
            "month": "2023-10",
            "price": "79.58",
            "revenue": 1227817
        },
        "2023-11": {
            "month": "2023-11",
            "price": "104.62",
            "revenue": 1167966
        },
        "2023-12": {
            "month": "2023-12",
            "price": "115.81",
            "revenue": 1236552
        },
        "2024-01": {
            "month": "2024-01",
            "price": "102.46",
            "revenue": 1365114
        },
        "2024-02": {
            "month": "2024-02",
            "price": "101.95",
            "revenue": 1038333
        }
    }
}
