{
    "summary": {
        "stock_name": "宇峻",
        "stock_id": "3546",
        "category": "文化創意",
        "main_business": "線上遊戲軟體研發及銷售",
        "website_url": "https://www.uj.com.tw/",
        "ceo": "劉信",
        "pe_ratio": 13,
        "report_year_from": 2006,
        "report_year_to": 2023,
        "age": 17,
        "eps_negative_percentage": 6,
        "eps_growth_avg": {
            "last_all": -5.64,
            "last_2y": 12.74,
            "last_4y": 8.24,
            "last_8y": -15.06,
            "last_12y": -14.45,
            "last_16y": null,
            "last_20y": null,
            "at_2006_last_3y": null,
            "at_2007_last_3y": null,
            "at_2008_last_3y": null,
            "at_2009_last_3y": null,
            "at_2010_last_3y": 25.13,
            "at_2011_last_3y": -1.66,
            "at_2012_last_3y": 25.63,
            "at_2013_last_3y": -13.23,
            "at_2014_last_3y": -36.14,
            "at_2015_last_3y": -37.34,
            "at_2016_last_3y": -83.12,
            "at_2017_last_3y": -53.91,
            "at_2018_last_3y": -26.24,
            "at_2019_last_3y": 7.09,
            "at_2020_last_3y": 13.08,
            "at_2021_last_3y": 8.03,
            "at_2022_last_3y": 9.55,
            "at_2023_last_3y": 9.55,
            "at_2006_last_all": null,
            "at_2007_last_all": null,
            "at_2008_last_all": 1.39,
            "at_2009_last_all": 29.62,
            "at_2010_last_all": 25.13,
            "at_2011_last_all": 1.06,
            "at_2012_last_all": 17.55,
            "at_2013_last_all": 5.14,
            "at_2014_last_all": -5.51,
            "at_2015_last_all": -16.01,
            "at_2016_last_all": -16.01,
            "at_2017_last_all": -12.58,
            "at_2018_last_all": -11.16,
            "at_2019_last_all": -10.23,
            "at_2020_last_all": -7.06,
            "at_2021_last_all": -6.69,
            "at_2022_last_all": -5.64,
            "at_2023_last_all": -5.64
        },
        "latest_eps": 6.93,
        "latest_price": 89.6,
        "latest_roe": 21.8,
        "latest_gross_margin": 97.09,
        "latest_equity": 1581328,
        "latest_revenue": 381277,
        "latest_gross_profit": 370185,
        "latest_net_income": 54044,
        "latest_debt_ratio": 16.08,
        "latest_current_ratio": 589.94,
        "latest_account_receivable_turnover_ratio": 2.4,
        "latest_inventory_turnover_ratio": null,
        "latest_reinvestment_rate": -7.06,
        "latest_research_to_sale_ratio": 28.14
    },
    "eps_dividends": {
        "2001": {
            "cash": 0,
            "stock": 0,
            "eps": 0
        },
        "2002": {
            "cash": 0,
            "stock": 0,
            "eps": 0
        },
        "2003": {
            "cash": 0,
            "stock": 0,
            "eps": 0
        },
        "2004": {
            "cash": 0,
            "stock": 0,
            "eps": 0
        },
        "2005": {
            "cash": 0,
            "stock": 0,
            "eps": 0
        },
        "2006": {
            "cash": 1.59,
            "stock": 1.59,
            "eps": 5.94
        },
        "2007": {
            "cash": 2,
            "stock": 2,
            "eps": 6.65
        },
        "2008": {
            "cash": 3,
            "stock": 1,
            "eps": 6.04
        },
        "2009": {
            "cash": 3,
            "stock": 1.7,
            "eps": 11.24
        },
        "2010": {
            "cash": 7.06,
            "stock": 0.5,
            "eps": 12.55
        },
        "2011": {
            "cash": 8,
            "stock": 0.5,
            "eps": 0.6
        },
        "2012": {
            "cash": 0.49,
            "stock": 0,
            "eps": 3.1
        },
        "2013": {
            "cash": 2.74,
            "stock": 0,
            "eps": 0.95
        },
        "2014": {
            "cash": 1.5,
            "stock": 0,
            "eps": 0.19
        },
        "2015": {
            "cash": 0.5,
            "stock": 0,
            "eps": -0.83
        },
        "2016": {
            "cash": 0,
            "stock": 0,
            "eps": 3.94
        },
        "2017": {
            "cash": 2.56,
            "stock": 1,
            "eps": 4.66
        },
        "2018": {
            "cash": 3.1,
            "stock": 1,
            "eps": 4.8
        },
        "2019": {
            "cash": 4.3,
            "stock": 0,
            "eps": 4.8
        },
        "2020": {
            "cash": 3.38,
            "stock": 1,
            "eps": 6.29
        },
        "2021": {
            "cash": 4.68,
            "stock": 0.5,
            "eps": 6.17
        },
        "2022": {
            "cash": 5,
            "stock": 0,
            "eps": 6.73
        },
        "2023": {
            "cash": 5.5,
            "stock": 0.5,
            "eps": 1.12
        }
    },
    "dividends": {
        "2006-05-29": {
            "cash": 1.59,
            "stock": 1.59
        },
        "2007-04-12": {
            "cash": 2,
            "stock": 2
        },
        "2008-04-21": {
            "cash": 3,
            "stock": 1
        },
        "2009-04-27": {
            "cash": 3,
            "stock": 1.7
        },
        "2010-04-29": {
            "cash": 7.06,
            "stock": 0.5
        },
        "2011-03-17": {
            "cash": 8,
            "stock": 0.5
        },
        "2012-06-28": {
            "cash": 0.49,
            "stock": 0
        },
        "2013-06-17": {
            "cash": 2.74,
            "stock": 0
        },
        "2014-06-17": {
            "cash": 1.5,
            "stock": 0
        },
        "2015-08-20": {
            "cash": 0.5,
            "stock": 0
        },
        "2017-08-28": {
            "cash": 2.56,
            "stock": 1
        },
        "2018-08-23": {
            "cash": 3.1,
            "stock": 1
        },
        "2019-08-23": {
            "cash": 4.3,
            "stock": 0
        },
        "2020-08-28": {
            "cash": 3.38,
            "stock": 1
        },
        "2021-09-28": {
            "cash": 4.68,
            "stock": 0.5
        },
        "2022-08-12": {
            "cash": 5,
            "stock": 0
        },
        "2023-03-23": {
            "cash": 5.5,
            "stock": 0.5
        }
    },
    "prices": {
        "200101": "無",
        "200102": "無",
        "200103": "無",
        "200104": "無",
        "200105": "無",
        "200106": "無",
        "200107": "無",
        "200108": "無",
        "200109": "無",
        "200110": "無",
        "200111": "無",
        "200112": "無",
        "200201": "無",
        "200202": "無",
        "200203": "無",
        "200204": "無",
        "200205": "無",
        "200206": "無",
        "200207": "無",
        "200208": "無",
        "200209": "無",
        "200210": "無",
        "200211": "無",
        "200212": "無",
        "200301": "無",
        "200302": "無",
        "200303": "無",
        "200304": "無",
        "200305": "無",
        "200306": "無",
        "200307": "無",
        "200308": "無",
        "200309": "無",
        "200310": "無",
        "200311": "無",
        "200312": "無",
        "200401": "無",
        "200402": "無",
        "200403": "無",
        "200404": "無",
        "200405": "無",
        "200406": "無",
        "200407": "無",
        "200408": "無",
        "200409": "無",
        "200410": "無",
        "200411": "無",
        "200412": "無",
        "200501": "無",
        "200502": "無",
        "200503": "無",
        "200504": "無",
        "200505": "無",
        "200506": "無",
        "200507": "無",
        "200508": "無",
        "200509": "無",
        "200510": "無",
        "200511": "無",
        "200512": "無",
        "200601": "無",
        "200602": "無",
        "200603": "無",
        "200604": "無",
        "200605": "無",
        "200606": "無",
        "200607": "無",
        "200608": "無",
        "200609": "無",
        "200610": "無",
        "200611": "無",
        "200612": "89.61",
        "200701": "96.64",
        "200702": "98.39",
        "200703": "101.61",
        "200704": "110.14",
        "200705": "116.14",
        "200706": "142.43",
        "200707": "136.60",
        "200708": "137.49",
        "200709": "129.84",
        "200710": "117.69",
        "200711": "109.47",
        "200712": "89.45",
        "200801": "82.99",
        "200802": "80.54",
        "200803": "81.29",
        "200804": "94.98",
        "200805": "98.66",
        "200806": "108.56",
        "200807": "84.73",
        "200808": "75.97",
        "200809": "53.21",
        "200810": "42.26",
        "200811": "47.83",
        "200812": "58.96",
        "200901": "66.42",
        "200902": "73.88",
        "200903": "99.14",
        "200904": "183.68",
        "200905": "265.17",
        "200906": "252.02",
        "200907": "324.02",
        "200908": "277.45",
        "200909": "224.14",
        "200910": "214.23",
        "200911": "207.67",
        "200912": "242.43",
        "201001": "291.42",
        "201002": "274.64",
        "201003": "317.24",
        "201004": "403.60",
        "201005": "458.60",
        "201006": "415.50",
        "201007": "363.64",
        "201008": "283.43",
        "201009": "269.36",
        "201010": "233.57",
        "201011": "229.57",
        "201012": "247.93",
        "201101": "235.70",
        "201102": "170.11",
        "201103": "156.85",
        "201104": "158.11",
        "201105": "163.69",
        "201106": "167.67",
        "201107": "144.36",
        "201108": "77.54",
        "201109": "58.26",
        "201110": "58.90",
        "201111": "63.33",
        "201112": "57.38",
        "201201": "64.39",
        "201202": "87.28",
        "201203": "89.32",
        "201204": "79.88",
        "201205": "81.63",
        "201206": "74.19",
        "201207": "66.56",
        "201208": "61.29",
        "201209": "61.07",
        "201210": "54.05",
        "201211": "48.82",
        "201212": "62.98",
        "201301": "66.98",
        "201302": "61.65",
        "201303": "59.60",
        "201304": "60.82",
        "201305": "60.29",
        "201306": "59.18",
        "201307": "53.94",
        "201308": "50.22",
        "201309": "48.36",
        "201310": "48.70",
        "201311": "45.20",
        "201312": "45.86",
        "201401": "49.70",
        "201402": "48.93",
        "201403": "60.28",
        "201404": "70.21",
        "201405": "63.81",
        "201406": "67.48",
        "201407": "60.72",
        "201408": "51.98",
        "201409": "50.60",
        "201410": "46.34",
        "201411": "44.57",
        "201412": "52.59",
        "201501": "55.03",
        "201502": "51.40",
        "201503": "49.39",
        "201504": "48.27",
        "201505": "46.92",
        "201506": "41.92",
        "201507": "42.07",
        "201508": "27.45",
        "201509": "25.46",
        "201510": "30.20",
        "201511": "31.70",
        "201512": "34.33",
        "201601": "32.95",
        "201602": "32.95",
        "201603": "34.35",
        "201604": "31.74",
        "201605": "30.76",
        "201606": "40.06",
        "201607": "46.13",
        "201608": "70.82",
        "201609": "64.21",
        "201610": "76.98",
        "201611": "78.28",
        "201612": "78.60",
        "201701": "84.02",
        "201702": "82.17",
        "201703": "78.74",
        "201704": "86.24",
        "201705": "103.75",
        "201706": "94.68",
        "201707": "86.65",
        "201708": "76.67",
        "201709": "89.29",
        "201710": "87.45",
        "201711": "98.56",
        "201712": "96.82",
        "201801": "100.09",
        "201802": "88.45",
        "201803": "87.70",
        "201804": "87.43",
        "201805": "92.29",
        "201806": "90.82",
        "201807": "86.12",
        "201808": "75.13",
        "201809": "72.27",
        "201810": "60.43",
        "201811": "60.09",
        "201812": "66.34",
        "201901": "64.14",
        "201902": "65.40",
        "201903": "65.12",
        "201904": "67.98",
        "201905": "62.68",
        "201906": "63.62",
        "201907": "68.68",
        "201908": "60.76",
        "201909": "70.77",
        "201910": "76.82",
        "201911": "84.82",
        "201912": "91.78",
        "202001": "105.60",
        "202002": "111.92",
        "202003": "86.77",
        "202004": "90.70",
        "202005": "92.84",
        "202006": "90.14",
        "202007": "89.91",
        "202008": "78.38",
        "202009": "71.93",
        "202010": "72.15",
        "202011": "77.32",
        "202012": "89.81",
        "202101": "103.26",
        "202102": "90.47",
        "202103": "91.15",
        "202104": "91.68",
        "202105": "86.53",
        "202106": "87.89",
        "202107": "92.20",
        "202108": "90.28",
        "202109": "86.76",
        "202110": "76.42",
        "202111": "82.09",
        "202112": "88.78",
        "202201": "90.63",
        "202202": "84.77",
        "202203": "83.52",
        "202204": "80.42",
        "202205": "79.03",
        "202206": "78.85",
        "202207": "69.42",
        "202208": "70.10",
        "202209": "71.36",
        "202210": "70.60",
        "202211": "72.58",
        "202212": "75.86",
        "202301": "75.48",
        "202302": "75.38",
        "202303": "75.71",
        "202304": "80.14",
        "202305": "85.32",
        "202306": "91.02"
    },
    "quarters": {
        "20011": {
            "year_quarter": 20011,
            "year": 2001,
            "quarter": 1,
            "eps": null,
            "eps_growth_year": null,
            "eps_4q": null,
            "eps_4q_growth_year": null,
            "roe": null,
            "roe_4q": 0,
            "gross_profit": null,
            "gross_margin": null,
            "gross_margin_4q_avg": 0,
            "net_income": null,
            "revenue": null,
            "common_shares": null,
            "book_valuer_per_share": null,
            "book_valuer_per_share_4q_avg": 0,
            "equity": null,
            "current_ratio": null,
            "debt_ratio": null,
            "inventory_turnover_ratio": null,
            "account_receivable_turnover_ratio": null,
            "reinvestment_rate": null,
            "research_to_sale_ratio": null,
            "price_fair": 0,
            "eps_avg_yearly": 0,
            "eps_latest_yearly": 0,
            "eps_growth_yearly": 0
        },
        "20012": {
            "year_quarter": 20012,
            "year": 2001,
            "quarter": 2,
            "eps": null,
            "eps_growth_year": null,
            "eps_4q": null,
            "eps_4q_growth_year": null,
            "roe": null,
            "roe_4q": 0,
            "gross_profit": null,
            "gross_margin": null,
            "gross_margin_4q_avg": 0,
            "net_income": null,
            "revenue": null,
            "common_shares": null,
            "book_valuer_per_share": null,
            "book_valuer_per_share_4q_avg": 0,
            "equity": null,
            "current_ratio": null,
            "debt_ratio": null,
            "inventory_turnover_ratio": null,
            "account_receivable_turnover_ratio": null,
            "reinvestment_rate": null,
            "research_to_sale_ratio": null,
            "price_fair": 0,
            "eps_avg_yearly": 0,
            "eps_latest_yearly": 0,
            "eps_growth_yearly": 0
        },
        "20013": {
            "year_quarter": 20013,
            "year": 2001,
            "quarter": 3,
            "eps": null,
            "eps_growth_year": null,
            "eps_4q": null,
            "eps_4q_growth_year": null,
            "roe": null,
            "roe_4q": 0,
            "gross_profit": null,
            "gross_margin": null,
            "gross_margin_4q_avg": 0,
            "net_income": null,
            "revenue": null,
            "common_shares": null,
            "book_valuer_per_share": null,
            "book_valuer_per_share_4q_avg": 0,
            "equity": null,
            "current_ratio": null,
            "debt_ratio": null,
            "inventory_turnover_ratio": null,
            "account_receivable_turnover_ratio": null,
            "reinvestment_rate": null,
            "research_to_sale_ratio": null,
            "price_fair": 0,
            "eps_avg_yearly": 0,
            "eps_latest_yearly": 0,
            "eps_growth_yearly": 0
        },
        "20014": {
            "year_quarter": 20014,
            "year": 2001,
            "quarter": 4,
            "eps": null,
            "eps_growth_year": null,
            "eps_4q": null,
            "eps_4q_growth_year": null,
            "roe": null,
            "roe_4q": 0,
            "gross_profit": null,
            "gross_margin": null,
            "gross_margin_4q_avg": 0,
            "net_income": null,
            "revenue": null,
            "common_shares": 55000,
            "book_valuer_per_share": 13.26,
            "book_valuer_per_share_4q_avg": 3.32,
            "equity": 72914,
            "current_ratio": 665.98,
            "debt_ratio": 11.67,
            "inventory_turnover_ratio": null,
            "account_receivable_turnover_ratio": null,
            "reinvestment_rate": null,
            "research_to_sale_ratio": null,
            "price_fair": 0,
            "eps_avg_yearly": 0,
            "eps_latest_yearly": 0,
            "eps_growth_yearly": 0
        },
        "20021": {
            "year_quarter": 20021,
            "year": 2002,
            "quarter": 1,
            "eps": null,
            "eps_growth_year": null,
            "eps_4q": null,
            "eps_4q_growth_year": null,
            "roe": null,
            "roe_4q": 0,
            "gross_profit": null,
            "gross_margin": null,
            "gross_margin_4q_avg": 0,
            "net_income": null,
            "revenue": null,
            "common_shares": null,
            "book_valuer_per_share": null,
            "book_valuer_per_share_4q_avg": 3.32,
            "equity": null,
            "current_ratio": null,
            "debt_ratio": null,
            "inventory_turnover_ratio": null,
            "account_receivable_turnover_ratio": null,
            "reinvestment_rate": null,
            "research_to_sale_ratio": null,
            "price_fair": 0,
            "eps_avg_yearly": 0,
            "eps_latest_yearly": 0,
            "eps_growth_yearly": 0
        },
        "20022": {
            "year_quarter": 20022,
            "year": 2002,
            "quarter": 2,
            "eps": null,
            "eps_growth_year": null,
            "eps_4q": null,
            "eps_4q_growth_year": null,
            "roe": null,
            "roe_4q": 0,
            "gross_profit": null,
            "gross_margin": null,
            "gross_margin_4q_avg": 0,
            "net_income": null,
            "revenue": null,
            "common_shares": null,
            "book_valuer_per_share": null,
            "book_valuer_per_share_4q_avg": 3.32,
            "equity": null,
            "current_ratio": null,
            "debt_ratio": null,
            "inventory_turnover_ratio": null,
            "account_receivable_turnover_ratio": null,
            "reinvestment_rate": null,
            "research_to_sale_ratio": null,
            "price_fair": 0,
            "eps_avg_yearly": 0,
            "eps_latest_yearly": 0,
            "eps_growth_yearly": 0
        },
        "20023": {
            "year_quarter": 20023,
            "year": 2002,
            "quarter": 3,
            "eps": null,
            "eps_growth_year": null,
            "eps_4q": null,
            "eps_4q_growth_year": null,
            "roe": null,
            "roe_4q": 0,
            "gross_profit": null,
            "gross_margin": null,
            "gross_margin_4q_avg": 0,
            "net_income": null,
            "revenue": null,
            "common_shares": null,
            "book_valuer_per_share": null,
            "book_valuer_per_share_4q_avg": 3.32,
            "equity": null,
            "current_ratio": null,
            "debt_ratio": null,
            "inventory_turnover_ratio": null,
            "account_receivable_turnover_ratio": null,
            "reinvestment_rate": null,
            "research_to_sale_ratio": null,
            "price_fair": 0,
            "eps_avg_yearly": 0,
            "eps_latest_yearly": 0,
            "eps_growth_yearly": 0
        },
        "20024": {
            "year_quarter": 20024,
            "year": 2002,
            "quarter": 4,
            "eps": null,
            "eps_growth_year": null,
            "eps_4q": null,
            "eps_4q_growth_year": null,
            "roe": null,
            "roe_4q": 0,
            "gross_profit": null,
            "gross_margin": null,
            "gross_margin_4q_avg": 0,
            "net_income": null,
            "revenue": null,
            "common_shares": 60000,
            "book_valuer_per_share": 12.81,
            "book_valuer_per_share_4q_avg": 3.2,
            "equity": 76845,
            "current_ratio": 707.48,
            "debt_ratio": 10.24,
            "inventory_turnover_ratio": null,
            "account_receivable_turnover_ratio": null,
            "reinvestment_rate": null,
            "research_to_sale_ratio": null,
            "price_fair": 0,
            "eps_avg_yearly": 0,
            "eps_latest_yearly": 0,
            "eps_growth_yearly": 0
        },
        "20031": {
            "year_quarter": 20031,
            "year": 2003,
            "quarter": 1,
            "eps": null,
            "eps_growth_year": null,
            "eps_4q": null,
            "eps_4q_growth_year": null,
            "roe": null,
            "roe_4q": 0,
            "gross_profit": null,
            "gross_margin": null,
            "gross_margin_4q_avg": 0,
            "net_income": null,
            "revenue": null,
            "common_shares": null,
            "book_valuer_per_share": null,
            "book_valuer_per_share_4q_avg": 3.2,
            "equity": null,
            "current_ratio": null,
            "debt_ratio": null,
            "inventory_turnover_ratio": null,
            "account_receivable_turnover_ratio": null,
            "reinvestment_rate": null,
            "research_to_sale_ratio": null,
            "price_fair": 0,
            "eps_avg_yearly": 0,
            "eps_latest_yearly": 0,
            "eps_growth_yearly": 0
        },
        "20032": {
            "year_quarter": 20032,
            "year": 2003,
            "quarter": 2,
            "eps": null,
            "eps_growth_year": null,
            "eps_4q": null,
            "eps_4q_growth_year": null,
            "roe": null,
            "roe_4q": 0,
            "gross_profit": null,
            "gross_margin": null,
            "gross_margin_4q_avg": 0,
            "net_income": null,
            "revenue": null,
            "common_shares": null,
            "book_valuer_per_share": null,
            "book_valuer_per_share_4q_avg": 3.2,
            "equity": null,
            "current_ratio": null,
            "debt_ratio": null,
            "inventory_turnover_ratio": null,
            "account_receivable_turnover_ratio": null,
            "reinvestment_rate": null,
            "research_to_sale_ratio": null,
            "price_fair": 0,
            "eps_avg_yearly": 0,
            "eps_latest_yearly": 0,
            "eps_growth_yearly": 0
        },
        "20033": {
            "year_quarter": 20033,
            "year": 2003,
            "quarter": 3,
            "eps": null,
            "eps_growth_year": null,
            "eps_4q": null,
            "eps_4q_growth_year": null,
            "roe": null,
            "roe_4q": 0,
            "gross_profit": null,
            "gross_margin": null,
            "gross_margin_4q_avg": 0,
            "net_income": null,
            "revenue": null,
            "common_shares": null,
            "book_valuer_per_share": null,
            "book_valuer_per_share_4q_avg": 3.2,
            "equity": null,
            "current_ratio": null,
            "debt_ratio": null,
            "inventory_turnover_ratio": null,
            "account_receivable_turnover_ratio": null,
            "reinvestment_rate": null,
            "research_to_sale_ratio": null,
            "price_fair": 0,
            "eps_avg_yearly": 0,
            "eps_latest_yearly": 0,
            "eps_growth_yearly": 0
        },
        "20034": {
            "year_quarter": 20034,
            "year": 2003,
            "quarter": 4,
            "eps": null,
            "eps_growth_year": null,
            "eps_4q": null,
            "eps_4q_growth_year": null,
            "roe": null,
            "roe_4q": 0,
            "gross_profit": null,
            "gross_margin": null,
            "gross_margin_4q_avg": 0,
            "net_income": null,
            "revenue": null,
            "common_shares": 60000,
            "book_valuer_per_share": 14.6,
            "book_valuer_per_share_4q_avg": 3.65,
            "equity": 87577,
            "current_ratio": 916.46,
            "debt_ratio": 8.06,
            "inventory_turnover_ratio": null,
            "account_receivable_turnover_ratio": null,
            "reinvestment_rate": null,
            "research_to_sale_ratio": null,
            "price_fair": 0,
            "eps_avg_yearly": 0,
            "eps_latest_yearly": 0,
            "eps_growth_yearly": 0
        },
        "20041": {
            "year_quarter": 20041,
            "year": 2004,
            "quarter": 1,
            "eps": null,
            "eps_growth_year": null,
            "eps_4q": null,
            "eps_4q_growth_year": null,
            "roe": null,
            "roe_4q": 0,
            "gross_profit": null,
            "gross_margin": null,
            "gross_margin_4q_avg": 0,
            "net_income": null,
            "revenue": null,
            "common_shares": null,
            "book_valuer_per_share": null,
            "book_valuer_per_share_4q_avg": 3.65,
            "equity": null,
            "current_ratio": null,
            "debt_ratio": null,
            "inventory_turnover_ratio": null,
            "account_receivable_turnover_ratio": null,
            "reinvestment_rate": null,
            "research_to_sale_ratio": null,
            "price_fair": 0,
            "eps_avg_yearly": 0,
            "eps_latest_yearly": 0,
            "eps_growth_yearly": 0
        },
        "20042": {
            "year_quarter": 20042,
            "year": 2004,
            "quarter": 2,
            "eps": null,
            "eps_growth_year": null,
            "eps_4q": null,
            "eps_4q_growth_year": null,
            "roe": null,
            "roe_4q": 0,
            "gross_profit": null,
            "gross_margin": null,
            "gross_margin_4q_avg": 0,
            "net_income": null,
            "revenue": null,
            "common_shares": null,
            "book_valuer_per_share": null,
            "book_valuer_per_share_4q_avg": 3.65,
            "equity": null,
            "current_ratio": null,
            "debt_ratio": null,
            "inventory_turnover_ratio": null,
            "account_receivable_turnover_ratio": null,
            "reinvestment_rate": null,
            "research_to_sale_ratio": null,
            "price_fair": 0,
            "eps_avg_yearly": 0,
            "eps_latest_yearly": 0,
            "eps_growth_yearly": 0
        },
        "20043": {
            "year_quarter": 20043,
            "year": 2004,
            "quarter": 3,
            "eps": null,
            "eps_growth_year": null,
            "eps_4q": null,
            "eps_4q_growth_year": null,
            "roe": null,
            "roe_4q": 0,
            "gross_profit": null,
            "gross_margin": null,
            "gross_margin_4q_avg": 0,
            "net_income": null,
            "revenue": null,
            "common_shares": null,
            "book_valuer_per_share": null,
            "book_valuer_per_share_4q_avg": 3.65,
            "equity": null,
            "current_ratio": null,
            "debt_ratio": null,
            "inventory_turnover_ratio": null,
            "account_receivable_turnover_ratio": null,
            "reinvestment_rate": null,
            "research_to_sale_ratio": null,
            "price_fair": 0,
            "eps_avg_yearly": 0,
            "eps_latest_yearly": 0,
            "eps_growth_yearly": 0
        },
        "20044": {
            "year_quarter": 20044,
            "year": 2004,
            "quarter": 4,
            "eps": null,
            "eps_growth_year": null,
            "eps_4q": null,
            "eps_4q_growth_year": null,
            "roe": null,
            "roe_4q": 0,
            "gross_profit": null,
            "gross_margin": null,
            "gross_margin_4q_avg": 0,
            "net_income": null,
            "revenue": null,
            "common_shares": 118105,
            "book_valuer_per_share": 8.85,
            "book_valuer_per_share_4q_avg": 2.21,
            "equity": 104482,
            "current_ratio": 174.47,
            "debt_ratio": 33.15,
            "inventory_turnover_ratio": null,
            "account_receivable_turnover_ratio": null,
            "reinvestment_rate": null,
            "research_to_sale_ratio": null,
            "price_fair": 0,
            "eps_avg_yearly": 0,
            "eps_latest_yearly": 0,
            "eps_growth_yearly": 0
        },
        "20051": {
            "year_quarter": 20051,
            "year": 2005,
            "quarter": 1,
            "eps": null,
            "eps_growth_year": null,
            "eps_4q": null,
            "eps_4q_growth_year": null,
            "roe": null,
            "roe_4q": 0,
            "gross_profit": null,
            "gross_margin": null,
            "gross_margin_4q_avg": 0,
            "net_income": null,
            "revenue": null,
            "common_shares": null,
            "book_valuer_per_share": null,
            "book_valuer_per_share_4q_avg": 2.21,
            "equity": null,
            "current_ratio": null,
            "debt_ratio": null,
            "inventory_turnover_ratio": null,
            "account_receivable_turnover_ratio": null,
            "reinvestment_rate": null,
            "research_to_sale_ratio": null,
            "price_fair": 0,
            "eps_avg_yearly": 0,
            "eps_latest_yearly": 0,
            "eps_growth_yearly": 0
        },
        "20052": {
            "year_quarter": 20052,
            "year": 2005,
            "quarter": 2,
            "eps": null,
            "eps_growth_year": null,
            "eps_4q": null,
            "eps_4q_growth_year": null,
            "roe": null,
            "roe_4q": 0,
            "gross_profit": null,
            "gross_margin": null,
            "gross_margin_4q_avg": 0,
            "net_income": null,
            "revenue": null,
            "common_shares": null,
            "book_valuer_per_share": null,
            "book_valuer_per_share_4q_avg": 2.21,
            "equity": null,
            "current_ratio": null,
            "debt_ratio": null,
            "inventory_turnover_ratio": null,
            "account_receivable_turnover_ratio": null,
            "reinvestment_rate": null,
            "research_to_sale_ratio": null,
            "price_fair": 0,
            "eps_avg_yearly": 0,
            "eps_latest_yearly": 0,
            "eps_growth_yearly": 0
        },
        "20053": {
            "year_quarter": 20053,
            "year": 2005,
            "quarter": 3,
            "eps": null,
            "eps_growth_year": null,
            "eps_4q": null,
            "eps_4q_growth_year": null,
            "roe": null,
            "roe_4q": 0,
            "gross_profit": null,
            "gross_margin": null,
            "gross_margin_4q_avg": 0,
            "net_income": null,
            "revenue": null,
            "common_shares": null,
            "book_valuer_per_share": null,
            "book_valuer_per_share_4q_avg": 2.21,
            "equity": null,
            "current_ratio": null,
            "debt_ratio": null,
            "inventory_turnover_ratio": null,
            "account_receivable_turnover_ratio": null,
            "reinvestment_rate": null,
            "research_to_sale_ratio": null,
            "price_fair": 0,
            "eps_avg_yearly": 0,
            "eps_latest_yearly": 0,
            "eps_growth_yearly": 0
        },
        "20054": {
            "year_quarter": 20054,
            "year": 2005,
            "quarter": 4,
            "eps": null,
            "eps_growth_year": null,
            "eps_4q": null,
            "eps_4q_growth_year": null,
            "roe": null,
            "roe_4q": 0,
            "gross_profit": null,
            "gross_margin": null,
            "gross_margin_4q_avg": 0,
            "net_income": null,
            "revenue": null,
            "common_shares": 126033,
            "book_valuer_per_share": 18.01,
            "book_valuer_per_share_4q_avg": 4.5,
            "equity": 226933,
            "current_ratio": 444.78,
            "debt_ratio": 20.71,
            "inventory_turnover_ratio": null,
            "account_receivable_turnover_ratio": null,
            "reinvestment_rate": null,
            "research_to_sale_ratio": null,
            "price_fair": 0,
            "eps_avg_yearly": 0,
            "eps_latest_yearly": 0,
            "eps_growth_yearly": 0
        },
        "20061": {
            "year_quarter": 20061,
            "year": 2006,
            "quarter": 1,
            "eps": null,
            "eps_growth_year": null,
            "eps_4q": null,
            "eps_4q_growth_year": null,
            "roe": null,
            "roe_4q": 0,
            "gross_profit": null,
            "gross_margin": null,
            "gross_margin_4q_avg": 0,
            "net_income": null,
            "revenue": null,
            "common_shares": null,
            "book_valuer_per_share": null,
            "book_valuer_per_share_4q_avg": 4.5,
            "equity": null,
            "current_ratio": null,
            "debt_ratio": null,
            "inventory_turnover_ratio": null,
            "account_receivable_turnover_ratio": null,
            "reinvestment_rate": null,
            "research_to_sale_ratio": null,
            "price_fair": 0,
            "eps_avg_yearly": 0,
            "eps_latest_yearly": 0,
            "eps_growth_yearly": 0
        },
        "20062": {
            "year_quarter": 20062,
            "year": 2006,
            "quarter": 2,
            "eps": null,
            "eps_growth_year": null,
            "eps_4q": null,
            "eps_4q_growth_year": null,
            "roe": null,
            "roe_4q": 0,
            "gross_profit": null,
            "gross_margin": null,
            "gross_margin_4q_avg": 0,
            "net_income": null,
            "revenue": null,
            "common_shares": null,
            "book_valuer_per_share": null,
            "book_valuer_per_share_4q_avg": 4.5,
            "equity": null,
            "current_ratio": null,
            "debt_ratio": null,
            "inventory_turnover_ratio": null,
            "account_receivable_turnover_ratio": null,
            "reinvestment_rate": null,
            "research_to_sale_ratio": null,
            "price_fair": 0,
            "eps_avg_yearly": 0,
            "eps_latest_yearly": 0,
            "eps_growth_yearly": 0
        },
        "20063": {
            "year_quarter": 20063,
            "year": 2006,
            "quarter": 3,
            "eps": 2.45,
            "eps_growth_year": null,
            "eps_4q": null,
            "eps_4q_growth_year": null,
            "roe": 13.63,
            "roe_4q": 13.63,
            "gross_profit": 67647,
            "gross_margin": 95.56,
            "gross_margin_4q_avg": 23.89,
            "net_income": 37388,
            "revenue": 70793,
            "common_shares": 152893,
            "book_valuer_per_share": 17.93,
            "book_valuer_per_share_4q_avg": 8.99,
            "equity": 274212,
            "current_ratio": 462.35,
            "debt_ratio": 24.26,
            "inventory_turnover_ratio": 1.78,
            "account_receivable_turnover_ratio": null,
            "reinvestment_rate": null,
            "research_to_sale_ratio": null,
            "price_fair": 0,
            "eps_avg_yearly": 0,
            "eps_latest_yearly": 0,
            "eps_growth_yearly": 0
        },
        "20064": {
            "year_quarter": 20064,
            "year": 2006,
            "quarter": 4,
            "eps": 3.49,
            "eps_growth_year": null,
            "eps_4q": null,
            "eps_4q_growth_year": null,
            "roe": 17.7,
            "roe_4q": 31.33,
            "gross_profit": 81441,
            "gross_margin": 75.18,
            "gross_margin_4q_avg": 42.69,
            "net_income": 53319,
            "revenue": 108329,
            "common_shares": 152893,
            "book_valuer_per_share": 21.47,
            "book_valuer_per_share_4q_avg": 9.85,
            "equity": 328302,
            "current_ratio": 461.64,
            "debt_ratio": 23.86,
            "inventory_turnover_ratio": 13.07,
            "account_receivable_turnover_ratio": null,
            "reinvestment_rate": null,
            "research_to_sale_ratio": null,
            "price_fair": 488.6,
            "eps_avg_yearly": 13.96,
            "eps_latest_yearly": 13.96,
            "eps_growth_yearly": 169.8
        },
        "20071": {
            "year_quarter": 20071,
            "year": 2007,
            "quarter": 1,
            "eps": 3.54,
            "eps_growth_year": null,
            "eps_4q": null,
            "eps_4q_growth_year": null,
            "roe": 18.58,
            "roe_4q": 49.910000000000004,
            "gross_profit": 92380,
            "gross_margin": 75.24,
            "gross_margin_4q_avg": 61.5,
            "net_income": 67248,
            "revenue": 122774,
            "common_shares": 152893,
            "book_valuer_per_share": 25.87,
            "book_valuer_per_share_4q_avg": 16.32,
            "equity": 395550,
            "current_ratio": 481.6,
            "debt_ratio": 17.7,
            "inventory_turnover_ratio": 10.59,
            "account_receivable_turnover_ratio": null,
            "reinvestment_rate": null,
            "research_to_sale_ratio": null,
            "price_fair": 492.1,
            "eps_avg_yearly": 14.06,
            "eps_latest_yearly": 14.16,
            "eps_growth_yearly": 87.76
        },
        "20072": {
            "year_quarter": 20072,
            "year": 2007,
            "quarter": 2,
            "eps": -0.04,
            "eps_growth_year": null,
            "eps_4q": 10.27,
            "eps_4q_growth_year": null,
            "roe": -0.21,
            "roe_4q": 49.699999999999996,
            "gross_profit": 40403,
            "gross_margin": 73.48,
            "gross_margin_4q_avg": 79.87,
            "net_income": -864,
            "revenue": 54987,
            "common_shares": 152893,
            "book_valuer_per_share": 28.76,
            "book_valuer_per_share_4q_avg": 23.51,
            "equity": 439706,
            "current_ratio": 462.56,
            "debt_ratio": 18.24,
            "inventory_turnover_ratio": 3.44,
            "account_receivable_turnover_ratio": null,
            "reinvestment_rate": null,
            "research_to_sale_ratio": null,
            "price_fair": 492.1,
            "eps_avg_yearly": 14.06,
            "eps_latest_yearly": 14.16,
            "eps_growth_yearly": 87.76
        },
        "20073": {
            "year_quarter": 20073,
            "year": 2007,
            "quarter": 3,
            "eps": 0.97,
            "eps_growth_year": -60.41,
            "eps_4q": 7.1,
            "eps_4q_growth_year": null,
            "roe": 4.22,
            "roe_4q": 40.28999999999999,
            "gross_profit": 50274,
            "gross_margin": 77.46,
            "gross_margin_4q_avg": 75.34,
            "net_income": 18928,
            "revenue": 64906,
            "common_shares": 202472,
            "book_valuer_per_share": 22.64,
            "book_valuer_per_share_4q_avg": 24.69,
            "equity": 458341,
            "current_ratio": 616.94,
            "debt_ratio": 9.6,
            "inventory_turnover_ratio": 2.96,
            "account_receivable_turnover_ratio": null,
            "reinvestment_rate": null,
            "research_to_sale_ratio": null,
            "price_fair": 492.1,
            "eps_avg_yearly": 14.06,
            "eps_latest_yearly": 14.16,
            "eps_growth_yearly": 87.76
        },
        "20074": {
            "year_quarter": 20074,
            "year": 2007,
            "quarter": 4,
            "eps": 2.18,
            "eps_growth_year": -37.54,
            "eps_4q": 6.5,
            "eps_4q_growth_year": null,
            "roe": 8.96,
            "roe_4q": 31.549999999999997,
            "gross_profit": 108369,
            "gross_margin": 79.94,
            "gross_margin_4q_avg": 76.53,
            "net_income": 43065,
            "revenue": 135562,
            "common_shares": 202472,
            "book_valuer_per_share": 24.83,
            "book_valuer_per_share_4q_avg": 25.53,
            "equity": 502743,
            "current_ratio": 535.15,
            "debt_ratio": 12.81,
            "inventory_turnover_ratio": 5.89,
            "account_receivable_turnover_ratio": null,
            "reinvestment_rate": null,
            "research_to_sale_ratio": null,
            "price_fair": 429.8,
            "eps_avg_yearly": 12.28,
            "eps_latest_yearly": 8.72,
            "eps_growth_yearly": 224.83
        },
        "20081": {
            "year_quarter": 20081,
            "year": 2008,
            "quarter": 1,
            "eps": 1.19,
            "eps_growth_year": -66.38,
            "eps_4q": 4.2,
            "eps_4q_growth_year": null,
            "roe": 4.7,
            "roe_4q": 17.669999999999998,
            "gross_profit": 94013,
            "gross_margin": 92.94,
            "gross_margin_4q_avg": 80.96,
            "net_income": 24141,
            "revenue": 101153,
            "common_shares": 202472,
            "book_valuer_per_share": 25.96,
            "book_valuer_per_share_4q_avg": 25.55,
            "equity": 525546,
            "current_ratio": 544.06,
            "debt_ratio": 12.72,
            "inventory_turnover_ratio": 1.5,
            "account_receivable_turnover_ratio": null,
            "reinvestment_rate": null,
            "research_to_sale_ratio": null,
            "price_fair": 364,
            "eps_avg_yearly": 10.4,
            "eps_latest_yearly": 4.76,
            "eps_growth_yearly": 123.21
        },
        "20082": {
            "year_quarter": 20082,
            "year": 2008,
            "quarter": 2,
            "eps": 1.1,
            "eps_growth_year": null,
            "eps_4q": 4.65,
            "eps_4q_growth_year": -54.7,
            "roe": 4.57,
            "roe_4q": 22.45,
            "gross_profit": 91173,
            "gross_margin": 91.28,
            "gross_margin_4q_avg": 85.41,
            "net_income": 26659,
            "revenue": 99887,
            "common_shares": 227072,
            "book_valuer_per_share": 28.26,
            "book_valuer_per_share_4q_avg": 25.42,
            "equity": 641760,
            "current_ratio": 410.04,
            "debt_ratio": 18.47,
            "inventory_turnover_ratio": 1.65,
            "account_receivable_turnover_ratio": null,
            "reinvestment_rate": null,
            "research_to_sale_ratio": null,
            "price_fair": 322,
            "eps_avg_yearly": 9.2,
            "eps_latest_yearly": 4.4,
            "eps_growth_yearly": 92.52
        },
        "20083": {
            "year_quarter": 20083,
            "year": 2008,
            "quarter": 3,
            "eps": 1.59,
            "eps_growth_year": 63.92,
            "eps_4q": 5.39,
            "eps_4q_growth_year": -24.1,
            "roe": 5.92,
            "roe_4q": 24.150000000000002,
            "gross_profit": 130232,
            "gross_margin": 94.56,
            "gross_margin_4q_avg": 89.68,
            "net_income": 39253,
            "revenue": 137728,
            "common_shares": 257254,
            "book_valuer_per_share": 26.6,
            "book_valuer_per_share_4q_avg": 26.41,
            "equity": 684300,
            "current_ratio": 611.05,
            "debt_ratio": 12.01,
            "inventory_turnover_ratio": 1.35,
            "account_receivable_turnover_ratio": null,
            "reinvestment_rate": null,
            "research_to_sale_ratio": null,
            "price_fair": 305.43,
            "eps_avg_yearly": 8.73,
            "eps_latest_yearly": 6.36,
            "eps_growth_yearly": 106.8
        },
        "20084": {
            "year_quarter": 20084,
            "year": 2008,
            "quarter": 4,
            "eps": 2.16,
            "eps_growth_year": -0.92,
            "eps_4q": 5.78,
            "eps_4q_growth_year": -11,
            "roe": 7.63,
            "roe_4q": 22.82,
            "gross_profit": 160147,
            "gross_margin": 98.47,
            "gross_margin_4q_avg": 94.31,
            "net_income": 53680,
            "revenue": 162631,
            "common_shares": 257254,
            "book_valuer_per_share": 28.09,
            "book_valuer_per_share_4q_avg": 27.23,
            "equity": 722574,
            "current_ratio": 602.09,
            "debt_ratio": 11.97,
            "inventory_turnover_ratio": 0.43,
            "account_receivable_turnover_ratio": 3.7,
            "reinvestment_rate": null,
            "research_to_sale_ratio": null,
            "price_fair": 305,
            "eps_avg_yearly": 8.71,
            "eps_latest_yearly": 8.64,
            "eps_growth_yearly": 112.02
        },
        "20091": {
            "year_quarter": 20091,
            "year": 2009,
            "quarter": 1,
            "eps": 3.01,
            "eps_growth_year": 152.94,
            "eps_4q": 7.75,
            "eps_4q_growth_year": 84.4,
            "roe": 9.98,
            "roe_4q": 28.1,
            "gross_profit": 230674,
            "gross_margin": 96.81,
            "gross_margin_4q_avg": 95.28,
            "net_income": 75930,
            "revenue": 238266,
            "common_shares": 257254,
            "book_valuer_per_share": 31.06,
            "book_valuer_per_share_4q_avg": 28.5,
            "equity": 798962,
            "current_ratio": 642.02,
            "debt_ratio": 11.4,
            "inventory_turnover_ratio": 1.38,
            "account_receivable_turnover_ratio": 2.15,
            "reinvestment_rate": null,
            "research_to_sale_ratio": null,
            "price_fair": 319.55,
            "eps_avg_yearly": 9.13,
            "eps_latest_yearly": 12.04,
            "eps_growth_yearly": 117.7
        },
        "20092": {
            "year_quarter": 20092,
            "year": 2009,
            "quarter": 2,
            "eps": 2.68,
            "eps_growth_year": 143.64,
            "eps_4q": 9.36,
            "eps_4q_growth_year": 101.21,
            "roe": 8.52,
            "roe_4q": 32.05,
            "gross_profit": 236946,
            "gross_margin": 95.92,
            "gross_margin_4q_avg": 96.44,
            "net_income": 67705,
            "revenue": 247037,
            "common_shares": 257254,
            "book_valuer_per_share": 30.74,
            "book_valuer_per_share_4q_avg": 29.12,
            "equity": 790815,
            "current_ratio": 374.05,
            "debt_ratio": 20.15,
            "inventory_turnover_ratio": 2.12,
            "account_receivable_turnover_ratio": 1.62,
            "reinvestment_rate": null,
            "research_to_sale_ratio": null,
            "price_fair": 325.73,
            "eps_avg_yearly": 9.31,
            "eps_latest_yearly": 10.72,
            "eps_growth_yearly": 99.75
        },
        "20093": {
            "year_quarter": 20093,
            "year": 2009,
            "quarter": 3,
            "eps": 2.84,
            "eps_growth_year": 78.62,
            "eps_4q": 9.53,
            "eps_4q_growth_year": 76.67,
            "roe": 10.05,
            "roe_4q": 36.18,
            "gross_profit": 258909,
            "gross_margin": 95.36,
            "gross_margin_4q_avg": 96.64,
            "net_income": 83811,
            "revenue": 271508,
            "common_shares": 300125,
            "book_valuer_per_share": 29.22,
            "book_valuer_per_share_4q_avg": 29.78,
            "equity": 876989,
            "current_ratio": 589.54,
            "debt_ratio": 12.44,
            "inventory_turnover_ratio": 2.91,
            "account_receivable_turnover_ratio": 1.65,
            "reinvestment_rate": null,
            "research_to_sale_ratio": null,
            "price_fair": 332.92,
            "eps_avg_yearly": 9.51,
            "eps_latest_yearly": 11.36,
            "eps_growth_yearly": 92.16
        },
        "20094": {
            "year_quarter": 20094,
            "year": 2009,
            "quarter": 4,
            "eps": 2.71,
            "eps_growth_year": 25.46,
            "eps_4q": 10.35,
            "eps_4q_growth_year": 78.87,
            "roe": 8.68,
            "roe_4q": 37.230000000000004,
            "gross_profit": 235953,
            "gross_margin": 99.56,
            "gross_margin_4q_avg": 96.91,
            "net_income": 79948,
            "revenue": 237001,
            "common_shares": 302211,
            "book_valuer_per_share": 32.48,
            "book_valuer_per_share_4q_avg": 30.88,
            "equity": 965170,
            "current_ratio": 463.72,
            "debt_ratio": 14.34,
            "inventory_turnover_ratio": 0.28,
            "account_receivable_turnover_ratio": 2.67,
            "reinvestment_rate": null,
            "research_to_sale_ratio": null,
            "price_fair": 337.15,
            "eps_avg_yearly": 9.63,
            "eps_latest_yearly": 10.84,
            "eps_growth_yearly": 82.12
        },
        "20101": {
            "year_quarter": 20101,
            "year": 2010,
            "quarter": 1,
            "eps": 6.07,
            "eps_growth_year": 101.66,
            "eps_4q": 13.79,
            "eps_4q_growth_year": 77.95,
            "roe": 17.08,
            "roe_4q": 44.33,
            "gross_profit": 430209,
            "gross_margin": 95.66,
            "gross_margin_4q_avg": 96.63,
            "net_income": 180344,
            "revenue": 449739,
            "common_shares": 303589,
            "book_valuer_per_share": 38.43,
            "book_valuer_per_share_4q_avg": 32.72,
            "equity": 1147108,
            "current_ratio": 437.89,
            "debt_ratio": 15.86,
            "inventory_turnover_ratio": 5.41,
            "account_receivable_turnover_ratio": 1.86,
            "reinvestment_rate": null,
            "research_to_sale_ratio": 17.08,
            "price_fair": 379.87,
            "eps_avg_yearly": 10.85,
            "eps_latest_yearly": 24.28,
            "eps_growth_yearly": 116.6
        },
        "20102": {
            "year_quarter": 20102,
            "year": 2010,
            "quarter": 2,
            "eps": 3,
            "eps_growth_year": 12.07,
            "eps_4q": 13.96,
            "eps_4q_growth_year": 49.12,
            "roe": 8.64,
            "roe_4q": 44.45,
            "gross_profit": 334614,
            "gross_margin": 95.21,
            "gross_margin_4q_avg": 96.45,
            "net_income": 94291,
            "revenue": 351454,
            "common_shares": 303897,
            "book_valuer_per_share": 34.66,
            "book_valuer_per_share_4q_avg": 33.7,
            "equity": 1035895,
            "current_ratio": 243.72,
            "debt_ratio": 29.95,
            "inventory_turnover_ratio": 4.06,
            "account_receivable_turnover_ratio": 1.25,
            "reinvestment_rate": 23.56,
            "research_to_sale_ratio": 16.83,
            "price_fair": 382.95,
            "eps_avg_yearly": 10.94,
            "eps_latest_yearly": 12,
            "eps_growth_yearly": 92.07
        },
        "20103": {
            "year_quarter": 20103,
            "year": 2010,
            "quarter": 3,
            "eps": 2.11,
            "eps_growth_year": -25.83,
            "eps_4q": 13.4,
            "eps_4q_growth_year": 40.65,
            "roe": 6.19,
            "roe_4q": 40.59,
            "gross_profit": 271525,
            "gross_margin": 93.27,
            "gross_margin_4q_avg": 95.93,
            "net_income": 66144,
            "revenue": 291124,
            "common_shares": 319082,
            "book_valuer_per_share": 35.05,
            "book_valuer_per_share_4q_avg": 35.16,
            "equity": 1100571,
            "current_ratio": 443.1,
            "debt_ratio": 16.13,
            "inventory_turnover_ratio": 5.48,
            "account_receivable_turnover_ratio": 1.19,
            "reinvestment_rate": 13.22,
            "research_to_sale_ratio": 29.74,
            "price_fair": 376.7,
            "eps_avg_yearly": 10.76,
            "eps_latest_yearly": 8.44,
            "eps_growth_yearly": 77.02
        },
        "20104": {
            "year_quarter": 20104,
            "year": 2010,
            "quarter": 4,
            "eps": 1.37,
            "eps_growth_year": -49.51,
            "eps_4q": 12.11,
            "eps_4q_growth_year": 17.07,
            "roe": 3.87,
            "roe_4q": 35.78,
            "gross_profit": 244556,
            "gross_margin": 95.72,
            "gross_margin_4q_avg": 94.97,
            "net_income": 43402,
            "revenue": 255504,
            "common_shares": 319610,
            "book_valuer_per_share": 36.24,
            "book_valuer_per_share_4q_avg": 36.1,
            "equity": 1144268,
            "current_ratio": 473.44,
            "debt_ratio": 15.3,
            "inventory_turnover_ratio": 7.38,
            "account_receivable_turnover_ratio": 1.14,
            "reinvestment_rate": 11.77,
            "research_to_sale_ratio": 29.79,
            "price_fair": 355.5,
            "eps_avg_yearly": 10.16,
            "eps_latest_yearly": 5.48,
            "eps_growth_yearly": 54.87
        },
        "20111": {
            "year_quarter": 20111,
            "year": 2011,
            "quarter": 1,
            "eps": 0.92,
            "eps_growth_year": -84.84,
            "eps_4q": 7.3,
            "eps_4q_growth_year": -47.09,
            "roe": 2.55,
            "roe_4q": 21.25,
            "gross_profit": 196257,
            "gross_margin": 97.06,
            "gross_margin_4q_avg": 95.32,
            "net_income": 29471,
            "revenue": 202200,
            "common_shares": 324551,
            "book_valuer_per_share": 36.64,
            "book_valuer_per_share_4q_avg": 35.65,
            "equity": 1171098,
            "current_ratio": 680.85,
            "debt_ratio": 10.55,
            "inventory_turnover_ratio": null,
            "account_receivable_turnover_ratio": 1.09,
            "reinvestment_rate": 12.51,
            "research_to_sale_ratio": 37.19,
            "price_fair": 329.3,
            "eps_avg_yearly": 9.41,
            "eps_latest_yearly": 3.68,
            "eps_growth_yearly": 45.08
        },
        "20112": {
            "year_quarter": 20112,
            "year": 2011,
            "quarter": 2,
            "eps": 0.02,
            "eps_growth_year": -99.46,
            "eps_4q": 4.13,
            "eps_4q_growth_year": -70.42,
            "roe": 0.05,
            "roe_4q": 12.66,
            "gross_profit": 196392,
            "gross_margin": 96.74,
            "gross_margin_4q_avg": 95.7,
            "net_income": 550,
            "revenue": 203009,
            "common_shares": 326084,
            "book_valuer_per_share": 29,
            "book_valuer_per_share_4q_avg": 34.23,
            "equity": 931043,
            "current_ratio": 235.16,
            "debt_ratio": 30.5,
            "inventory_turnover_ratio": null,
            "account_receivable_turnover_ratio": 1.52,
            "reinvestment_rate": 11.2,
            "research_to_sale_ratio": 40.64,
            "price_fair": 228.31,
            "eps_avg_yearly": 8.79,
            "eps_latest_yearly": 0.08,
            "eps_growth_yearly": 15.98
        },
        "20113": {
            "year_quarter": 20113,
            "year": 2011,
            "quarter": 3,
            "eps": -1.1,
            "eps_growth_year": -152.26,
            "eps_4q": 1.07,
            "eps_4q_growth_year": -92.01,
            "roe": -4.06,
            "roe_4q": 2.41,
            "gross_profit": 208429,
            "gross_margin": 96.28,
            "gross_margin_4q_avg": 96.45,
            "net_income": -37217,
            "revenue": 216479,
            "common_shares": 343156,
            "book_valuer_per_share": 26.67,
            "book_valuer_per_share_4q_avg": 32.14,
            "equity": 901724,
            "current_ratio": 533.95,
            "debt_ratio": 11.95,
            "inventory_turnover_ratio": null,
            "account_receivable_turnover_ratio": 1.81,
            "reinvestment_rate": 11.33,
            "research_to_sale_ratio": 47.41,
            "price_fair": 228.31,
            "eps_avg_yearly": 8.79,
            "eps_latest_yearly": 0.08,
            "eps_growth_yearly": 15.98
        },
        "20114": {
            "year_quarter": 20114,
            "year": 2011,
            "quarter": 4,
            "eps": 0.76,
            "eps_growth_year": -44.15,
            "eps_4q": 0.55,
            "eps_4q_growth_year": -95.44,
            "roe": 2.83,
            "roe_4q": 1.3700000000000003,
            "gross_profit": 234898,
            "gross_margin": 96.93,
            "gross_margin_4q_avg": 96.75,
            "net_income": 25920,
            "revenue": 242334,
            "common_shares": 338137,
            "book_valuer_per_share": 27.4,
            "book_valuer_per_share_4q_avg": 29.93,
            "equity": 927992,
            "current_ratio": 573.44,
            "debt_ratio": 11.85,
            "inventory_turnover_ratio": null,
            "account_receivable_turnover_ratio": 1.66,
            "reinvestment_rate": 10.5,
            "research_to_sale_ratio": 34.03,
            "price_fair": 26.37,
            "eps_avg_yearly": 8.79,
            "eps_latest_yearly": 0.08,
            "eps_growth_yearly": -18.51
        },
        "20121": {
            "year_quarter": 20121,
            "year": 2012,
            "quarter": 1,
            "eps": 1.51,
            "eps_growth_year": 64.13,
            "eps_4q": 1.18,
            "eps_4q_growth_year": -83.82,
            "roe": 5.37,
            "roe_4q": 4.1899999999999995,
            "gross_profit": 271635,
            "gross_margin": 96.66,
            "gross_margin_4q_avg": 96.65,
            "net_income": 51204,
            "revenue": 281032,
            "common_shares": 342613,
            "book_valuer_per_share": 28.61,
            "book_valuer_per_share_4q_avg": 27.92,
            "equity": 980497,
            "current_ratio": 610.02,
            "debt_ratio": 11.36,
            "inventory_turnover_ratio": null,
            "account_receivable_turnover_ratio": 1.54,
            "reinvestment_rate": 9.1,
            "research_to_sale_ratio": 24.76,
            "price_fair": 290.08,
            "eps_avg_yearly": 8.88,
            "eps_latest_yearly": 6.04,
            "eps_growth_yearly": 22.66
        },
        "20122": {
            "year_quarter": 20122,
            "year": 2012,
            "quarter": 2,
            "eps": 0.6,
            "eps_growth_year": 3598.83,
            "eps_4q": 1.76,
            "eps_4q_growth_year": -57.33,
            "roe": 2.1,
            "roe_4q": 6.240000000000001,
            "gross_profit": 195853,
            "gross_margin": 94.69,
            "gross_margin_4q_avg": 96.14,
            "net_income": 20703,
            "revenue": 206829,
            "common_shares": 343849,
            "book_valuer_per_share": 28.81,
            "book_valuer_per_share_4q_avg": 27.87,
            "equity": 990649,
            "current_ratio": 601.52,
            "debt_ratio": 11.69,
            "inventory_turnover_ratio": null,
            "account_receivable_turnover_ratio": 1.14,
            "reinvestment_rate": 18.64,
            "research_to_sale_ratio": 36.58,
            "price_fair": 153.81,
            "eps_avg_yearly": 8.74,
            "eps_latest_yearly": 2.4,
            "eps_growth_yearly": 7.6
        },
        "20123": {
            "year_quarter": 20123,
            "year": 2012,
            "quarter": 3,
            "eps": 0.42,
            "eps_growth_year": null,
            "eps_4q": 3.26,
            "eps_4q_growth_year": 204.68,
            "roe": 1.45,
            "roe_4q": 11.75,
            "gross_profit": 173831,
            "gross_margin": 95.41,
            "gross_margin_4q_avg": 95.92,
            "net_income": 14485,
            "revenue": 182192,
            "common_shares": 344214,
            "book_valuer_per_share": 29.23,
            "book_valuer_per_share_4q_avg": 28.51,
            "equity": 1005986,
            "current_ratio": 660.13,
            "debt_ratio": 10.88,
            "inventory_turnover_ratio": null,
            "account_receivable_turnover_ratio": 1.16,
            "reinvestment_rate": 5.41,
            "research_to_sale_ratio": 38,
            "price_fair": 25.22,
            "eps_avg_yearly": 8.41,
            "eps_latest_yearly": 1.68,
            "eps_growth_yearly": -13.7
        },
        "20124": {
            "year_quarter": 20124,
            "year": 2012,
            "quarter": 4,
            "eps": 0.57,
            "eps_growth_year": -24.81,
            "eps_4q": 3.08,
            "eps_4q_growth_year": 458.3,
            "roe": 1.95,
            "roe_4q": 10.870000000000001,
            "gross_profit": 225226,
            "gross_margin": 90.39,
            "gross_margin_4q_avg": 94.29,
            "net_income": 19796,
            "revenue": 249175,
            "common_shares": 345201,
            "book_valuer_per_share": 29.43,
            "book_valuer_per_share_4q_avg": 29.02,
            "equity": 1023142,
            "current_ratio": 532.85,
            "debt_ratio": 13.94,
            "inventory_turnover_ratio": null,
            "account_receivable_turnover_ratio": 1.55,
            "reinvestment_rate": 17.74,
            "research_to_sale_ratio": 27.98,
            "price_fair": 23.85,
            "eps_avg_yearly": 7.95,
            "eps_latest_yearly": 2.28,
            "eps_growth_yearly": -13.74
        },
        "20131": {
            "year_quarter": 20131,
            "year": 2013,
            "quarter": 1,
            "eps": 0.81,
            "eps_growth_year": -46.36,
            "eps_4q": 2.43,
            "eps_4q_growth_year": 105.67,
            "roe": 2.78,
            "roe_4q": 8.28,
            "gross_profit": 212067,
            "gross_margin": 92.85,
            "gross_margin_4q_avg": 93.34,
            "net_income": 28393,
            "revenue": 228392,
            "common_shares": 345201,
            "book_valuer_per_share": 29.76,
            "book_valuer_per_share_4q_avg": 29.31,
            "equity": 1023174,
            "current_ratio": 680.65,
            "debt_ratio": 10.92,
            "inventory_turnover_ratio": null,
            "account_receivable_turnover_ratio": 1.42,
            "reinvestment_rate": 4.74,
            "research_to_sale_ratio": 29.68,
            "price_fair": 21.97,
            "eps_avg_yearly": 7.32,
            "eps_latest_yearly": 3.24,
            "eps_growth_yearly": -12.95
        },
        "20132": {
            "year_quarter": 20132,
            "year": 2013,
            "quarter": 2,
            "eps": 0.15,
            "eps_growth_year": -75.09,
            "eps_4q": 1.97,
            "eps_4q_growth_year": 11.89,
            "roe": 0.48,
            "roe_4q": 6.66,
            "gross_profit": 168273,
            "gross_margin": 94,
            "gross_margin_4q_avg": 93.16,
            "net_income": 4708,
            "revenue": 179017,
            "common_shares": 345201,
            "book_valuer_per_share": 27.27,
            "book_valuer_per_share_4q_avg": 28.92,
            "equity": 936109,
            "current_ratio": 392.71,
            "debt_ratio": 19.24,
            "inventory_turnover_ratio": null,
            "account_receivable_turnover_ratio": 1.38,
            "reinvestment_rate": 2.79,
            "research_to_sale_ratio": 37.81,
            "price_fair": 19.8,
            "eps_avg_yearly": 6.6,
            "eps_latest_yearly": 0.6,
            "eps_growth_yearly": -33.1
        },
        "20133": {
            "year_quarter": 20133,
            "year": 2013,
            "quarter": 3,
            "eps": 0.11,
            "eps_growth_year": -73.86,
            "eps_4q": 1.66,
            "eps_4q_growth_year": -49.18,
            "roe": 0.43,
            "roe_4q": 5.64,
            "gross_profit": 175968,
            "gross_margin": 91.74,
            "gross_margin_4q_avg": 92.25,
            "net_income": 3993,
            "revenue": 191817,
            "common_shares": 345201,
            "book_valuer_per_share": 27.33,
            "book_valuer_per_share_4q_avg": 28.45,
            "equity": 938162,
            "current_ratio": 634.84,
            "debt_ratio": 11.39,
            "inventory_turnover_ratio": null,
            "account_receivable_turnover_ratio": 1.73,
            "reinvestment_rate": 2.29,
            "research_to_sale_ratio": 32.63,
            "price_fair": 17.46,
            "eps_avg_yearly": 5.82,
            "eps_latest_yearly": 0.44,
            "eps_growth_yearly": -42.43
        },
        "20134": {
            "year_quarter": 20134,
            "year": 2013,
            "quarter": 4,
            "eps": -0.12,
            "eps_growth_year": -120.95,
            "eps_4q": 0.96,
            "eps_4q_growth_year": -68.99,
            "roe": -0.58,
            "roe_4q": 3.11,
            "gross_profit": 176679,
            "gross_margin": 90.2,
            "gross_margin_4q_avg": 92.2,
            "net_income": -5414,
            "revenue": 195884,
            "common_shares": 345201,
            "book_valuer_per_share": 27.18,
            "book_valuer_per_share_4q_avg": 27.89,
            "equity": 931361,
            "current_ratio": 581.72,
            "debt_ratio": 13.09,
            "inventory_turnover_ratio": null,
            "account_receivable_turnover_ratio": 1.87,
            "reinvestment_rate": -13.42,
            "research_to_sale_ratio": 35.72,
            "price_fair": 16.3,
            "eps_avg_yearly": 5.43,
            "eps_latest_yearly": 0.44,
            "eps_growth_yearly": -44.28
        },
        "20141": {
            "year_quarter": 20141,
            "year": 2014,
            "quarter": 1,
            "eps": 0.02,
            "eps_growth_year": -97.53,
            "eps_4q": 0.16,
            "eps_4q_growth_year": -93.55,
            "roe": 0.03,
            "roe_4q": 0.36000000000000004,
            "gross_profit": 176379,
            "gross_margin": 91.74,
            "gross_margin_4q_avg": 91.92,
            "net_income": 248,
            "revenue": 192253,
            "common_shares": 345201,
            "book_valuer_per_share": 27.36,
            "book_valuer_per_share_4q_avg": 27.29,
            "equity": 940974,
            "current_ratio": 743.05,
            "debt_ratio": 10.39,
            "inventory_turnover_ratio": null,
            "account_receivable_turnover_ratio": 2,
            "reinvestment_rate": -25.04,
            "research_to_sale_ratio": 34.24,
            "price_fair": 11.59,
            "eps_avg_yearly": 3.86,
            "eps_latest_yearly": 0.44,
            "eps_growth_yearly": -89.3
        },
        "20142": {
            "year_quarter": 20142,
            "year": 2014,
            "quarter": 2,
            "eps": -0.33,
            "eps_growth_year": -320,
            "eps_4q": -0.32,
            "eps_4q_growth_year": -116.22,
            "roe": -1.26,
            "roe_4q": -1.3800000000000001,
            "gross_profit": 158708,
            "gross_margin": 90.94,
            "gross_margin_4q_avg": 91.16,
            "net_income": -11506,
            "revenue": 174518,
            "common_shares": 345201,
            "book_valuer_per_share": 25.57,
            "book_valuer_per_share_4q_avg": 26.86,
            "equity": 879779,
            "current_ratio": 498.45,
            "debt_ratio": 14.95,
            "inventory_turnover_ratio": null,
            "account_receivable_turnover_ratio": 1.85,
            "reinvestment_rate": -23.09,
            "research_to_sale_ratio": 39.18,
            "price_fair": 9.37,
            "eps_avg_yearly": 3.12,
            "eps_latest_yearly": 0.44,
            "eps_growth_yearly": -79.03
        },
        "20143": {
            "year_quarter": 20143,
            "year": 2014,
            "quarter": 3,
            "eps": -0.15,
            "eps_growth_year": -236.36,
            "eps_4q": -0.59,
            "eps_4q_growth_year": -135.36,
            "roe": -0.55,
            "roe_4q": -2.36,
            "gross_profit": 156092,
            "gross_margin": 85.65,
            "gross_margin_4q_avg": 89.63,
            "net_income": -4856,
            "revenue": 182237,
            "common_shares": 345201,
            "book_valuer_per_share": 25.34,
            "book_valuer_per_share_4q_avg": 26.36,
            "equity": 871455,
            "current_ratio": 628.66,
            "debt_ratio": 11.85,
            "inventory_turnover_ratio": null,
            "account_receivable_turnover_ratio": 1.94,
            "reinvestment_rate": -21.93,
            "research_to_sale_ratio": 35.32,
            "price_fair": 7.78,
            "eps_avg_yearly": 2.59,
            "eps_latest_yearly": 0.44,
            "eps_growth_yearly": -75.06
        },
        "20144": {
            "year_quarter": 20144,
            "year": 2014,
            "quarter": 4,
            "eps": 0.65,
            "eps_growth_year": null,
            "eps_4q": 0.18,
            "eps_4q_growth_year": -81.18,
            "roe": 2.53,
            "roe_4q": 0.7499999999999998,
            "gross_profit": 172672,
            "gross_margin": 92.15,
            "gross_margin_4q_avg": 90.12,
            "net_income": 22324,
            "revenue": 187381,
            "common_shares": 345201,
            "book_valuer_per_share": 26.02,
            "book_valuer_per_share_4q_avg": 26.07,
            "equity": 894497,
            "current_ratio": 630.17,
            "debt_ratio": 11.94,
            "inventory_turnover_ratio": null,
            "account_receivable_turnover_ratio": 2.07,
            "reinvestment_rate": -18.56,
            "research_to_sale_ratio": 31.44,
            "price_fair": 6.81,
            "eps_avg_yearly": 2.27,
            "eps_latest_yearly": 0.44,
            "eps_growth_yearly": -67.81
        },
        "20151": {
            "year_quarter": 20151,
            "year": 2015,
            "quarter": 1,
            "eps": -0.42,
            "eps_growth_year": -2200,
            "eps_4q": -0.25,
            "eps_4q_growth_year": -262,
            "roe": -1.68,
            "roe_4q": -0.9600000000000002,
            "gross_profit": 147022,
            "gross_margin": 94.67,
            "gross_margin_4q_avg": 90.85,
            "net_income": -14910,
            "revenue": 155298,
            "common_shares": 345201,
            "book_valuer_per_share": 25.67,
            "book_valuer_per_share_4q_avg": 25.65,
            "equity": 881984,
            "current_ratio": 819.93,
            "debt_ratio": 9.2,
            "inventory_turnover_ratio": null,
            "account_receivable_turnover_ratio": 1.83,
            "reinvestment_rate": -28.81,
            "research_to_sale_ratio": 46.12,
            "price_fair": 6.29,
            "eps_avg_yearly": 2.1,
            "eps_latest_yearly": 0.44,
            "eps_growth_yearly": -59.87
        },
        "20152": {
            "year_quarter": 20152,
            "year": 2015,
            "quarter": 2,
            "eps": -1.37,
            "eps_growth_year": null,
            "eps_4q": -1.29,
            "eps_4q_growth_year": null,
            "roe": -5.62,
            "roe_4q": -5.319999999999999,
            "gross_profit": 133191,
            "gross_margin": 95.23,
            "gross_margin_4q_avg": 91.93,
            "net_income": -47682,
            "revenue": 139856,
            "common_shares": 345201,
            "book_valuer_per_share": 23.73,
            "book_valuer_per_share_4q_avg": 25.19,
            "equity": 814366,
            "current_ratio": 539.64,
            "debt_ratio": 14.05,
            "inventory_turnover_ratio": null,
            "account_receivable_turnover_ratio": 1.79,
            "reinvestment_rate": -53.24,
            "research_to_sale_ratio": 44.95,
            "price_fair": 7.15,
            "eps_avg_yearly": 2.38,
            "eps_latest_yearly": 0.44,
            "eps_growth_yearly": -12.52
        },
        "20153": {
            "year_quarter": 20153,
            "year": 2015,
            "quarter": 3,
            "eps": 0.28,
            "eps_growth_year": null,
            "eps_4q": -0.86,
            "eps_4q_growth_year": null,
            "roe": 1.1,
            "roe_4q": -3.6699999999999995,
            "gross_profit": 157457,
            "gross_margin": 95.73,
            "gross_margin_4q_avg": 94.45,
            "net_income": 9049,
            "revenue": 164487,
            "common_shares": 345201,
            "book_valuer_per_share": 24.1,
            "book_valuer_per_share_4q_avg": 24.88,
            "equity": 827210,
            "current_ratio": 710.09,
            "debt_ratio": 12.83,
            "inventory_turnover_ratio": null,
            "account_receivable_turnover_ratio": 2.08,
            "reinvestment_rate": -9.69,
            "research_to_sale_ratio": 36.86,
            "price_fair": 7.15,
            "eps_avg_yearly": 2.38,
            "eps_latest_yearly": 0.44,
            "eps_growth_yearly": -12.52
        },
        "20154": {
            "year_quarter": 20154,
            "year": 2015,
            "quarter": 4,
            "eps": 0.68,
            "eps_growth_year": 4.6,
            "eps_4q": -0.83,
            "eps_4q_growth_year": -562.18,
            "roe": 2.67,
            "roe_4q": -3.5300000000000002,
            "gross_profit": 169500,
            "gross_margin": 93.12,
            "gross_margin_4q_avg": 94.69,
            "net_income": 22390,
            "revenue": 182023,
            "common_shares": 345201,
            "book_valuer_per_share": 24.76,
            "book_valuer_per_share_4q_avg": 24.57,
            "equity": 849102,
            "current_ratio": 763.71,
            "debt_ratio": 11.8,
            "inventory_turnover_ratio": null,
            "account_receivable_turnover_ratio": 2.25,
            "reinvestment_rate": 9.89,
            "research_to_sale_ratio": 35.08,
            "price_fair": 84.88,
            "eps_avg_yearly": 2.43,
            "eps_latest_yearly": 2.72,
            "eps_growth_yearly": 60.47
        },
        "20161": {
            "year_quarter": 20161,
            "year": 2016,
            "quarter": 1,
            "eps": 0.57,
            "eps_growth_year": null,
            "eps_4q": 0.15,
            "eps_4q_growth_year": null,
            "roe": 2.14,
            "roe_4q": 0.29000000000000004,
            "gross_profit": 151563,
            "gross_margin": 93.89,
            "gross_margin_4q_avg": 94.49,
            "net_income": 18430,
            "revenue": 161430,
            "common_shares": 340141,
            "book_valuer_per_share": 25.59,
            "book_valuer_per_share_4q_avg": 24.55,
            "equity": 876543,
            "current_ratio": 884.29,
            "debt_ratio": 10.31,
            "inventory_turnover_ratio": null,
            "account_receivable_turnover_ratio": 2,
            "reinvestment_rate": 20.68,
            "research_to_sale_ratio": 33.65,
            "price_fair": 25.5,
            "eps_avg_yearly": 1.96,
            "eps_latest_yearly": 2.28,
            "eps_growth_yearly": 3.04
        },
        "20162": {
            "year_quarter": 20162,
            "year": 2016,
            "quarter": 2,
            "eps": 0.5,
            "eps_growth_year": null,
            "eps_4q": 2.02,
            "eps_4q_growth_year": null,
            "roe": 1.83,
            "roe_4q": 7.74,
            "gross_profit": 149424,
            "gross_margin": 97.46,
            "gross_margin_4q_avg": 95.05,
            "net_income": 16941,
            "revenue": 153312,
            "common_shares": 340141,
            "book_valuer_per_share": 28.52,
            "book_valuer_per_share_4q_avg": 25.74,
            "equity": 976989,
            "current_ratio": 901.96,
            "debt_ratio": 10.54,
            "inventory_turnover_ratio": null,
            "account_receivable_turnover_ratio": 1.98,
            "reinvestment_rate": -119.81,
            "research_to_sale_ratio": 37.55,
            "price_fair": 66.68,
            "eps_avg_yearly": 1.91,
            "eps_latest_yearly": 2,
            "eps_growth_yearly": 27.04
        },
        "20163": {
            "year_quarter": 20163,
            "year": 2016,
            "quarter": 3,
            "eps": 1.15,
            "eps_growth_year": 310.71,
            "eps_4q": 2.93,
            "eps_4q_growth_year": null,
            "roe": 4.22,
            "roe_4q": 10.86,
            "gross_profit": 205407,
            "gross_margin": 94.08,
            "gross_margin_4q_avg": 94.64,
            "net_income": 41549,
            "revenue": 218331,
            "common_shares": 341237,
            "book_valuer_per_share": 29.25,
            "book_valuer_per_share_4q_avg": 27.03,
            "equity": 993039,
            "current_ratio": 688.38,
            "debt_ratio": 13.74,
            "inventory_turnover_ratio": null,
            "account_receivable_turnover_ratio": 2.27,
            "reinvestment_rate": -19.27,
            "research_to_sale_ratio": 35.04,
            "price_fair": 79.45,
            "eps_avg_yearly": 2.27,
            "eps_latest_yearly": 4.6,
            "eps_growth_yearly": 107.04
        },
        "20164": {
            "year_quarter": 20164,
            "year": 2016,
            "quarter": 4,
            "eps": 1.72,
            "eps_growth_year": 155.04,
            "eps_4q": 3.95,
            "eps_4q_growth_year": null,
            "roe": 5.66,
            "roe_4q": 13.85,
            "gross_profit": 204657,
            "gross_margin": 88.98,
            "gross_margin_4q_avg": 93.6,
            "net_income": 56560,
            "revenue": 229996,
            "common_shares": 341675,
            "book_valuer_per_share": 29.81,
            "book_valuer_per_share_4q_avg": 28.29,
            "equity": 1005197,
            "current_ratio": 515.02,
            "debt_ratio": 18.06,
            "inventory_turnover_ratio": null,
            "account_receivable_turnover_ratio": 1.88,
            "reinvestment_rate": -88.22,
            "research_to_sale_ratio": 24.16,
            "price_fair": 99.58,
            "eps_avg_yearly": 2.85,
            "eps_latest_yearly": 6.88,
            "eps_growth_yearly": 113.96
        },
        "20171": {
            "year_quarter": 20171,
            "year": 2017,
            "quarter": 1,
            "eps": 0.73,
            "eps_growth_year": 28.07,
            "eps_4q": 4.08,
            "eps_4q_growth_year": 2537.98,
            "roe": 2.41,
            "roe_4q": 14.12,
            "gross_profit": 231137,
            "gross_margin": 91.17,
            "gross_margin_4q_avg": 92.92,
            "net_income": 24479,
            "revenue": 253519,
            "common_shares": 341675,
            "book_valuer_per_share": 30.71,
            "book_valuer_per_share_4q_avg": 29.57,
            "equity": 1029844,
            "current_ratio": 645.56,
            "debt_ratio": 14.51,
            "inventory_turnover_ratio": null,
            "account_receivable_turnover_ratio": 2.08,
            "reinvestment_rate": 1.54,
            "research_to_sale_ratio": 24.09,
            "price_fair": 98.18,
            "eps_avg_yearly": 2.81,
            "eps_latest_yearly": 2.92,
            "eps_growth_yearly": 64.13
        },
        "20172": {
            "year_quarter": 20172,
            "year": 2017,
            "quarter": 2,
            "eps": 1.19,
            "eps_growth_year": 138,
            "eps_4q": 4.46,
            "eps_4q_growth_year": 120.84,
            "roe": 4.35,
            "roe_4q": 16.64,
            "gross_profit": 182605,
            "gross_margin": 91.85,
            "gross_margin_4q_avg": 91.52,
            "net_income": 43774,
            "revenue": 198800,
            "common_shares": 342733,
            "book_valuer_per_share": 29.3,
            "book_valuer_per_share_4q_avg": 29.77,
            "equity": 983717,
            "current_ratio": 395.93,
            "debt_ratio": 22.82,
            "inventory_turnover_ratio": null,
            "account_receivable_turnover_ratio": 1.69,
            "reinvestment_rate": 4.83,
            "research_to_sale_ratio": 37,
            "price_fair": 116.38,
            "eps_avg_yearly": 3.33,
            "eps_latest_yearly": 4.76,
            "eps_growth_yearly": 136.38
        },
        "20173": {
            "year_quarter": 20173,
            "year": 2017,
            "quarter": 3,
            "eps": 0.81,
            "eps_growth_year": -29.57,
            "eps_4q": 4.1,
            "eps_4q_growth_year": 40.24,
            "roe": 3,
            "roe_4q": 15.42,
            "gross_profit": 165630,
            "gross_margin": 92.18,
            "gross_margin_4q_avg": 91.05,
            "net_income": 29955,
            "revenue": 179676,
            "common_shares": 378278,
            "book_valuer_per_share": 27.12,
            "book_valuer_per_share_4q_avg": 29.24,
            "equity": 1014982,
            "current_ratio": 565.37,
            "debt_ratio": 16.41,
            "inventory_turnover_ratio": null,
            "account_receivable_turnover_ratio": 1.7,
            "reinvestment_rate": 5.67,
            "research_to_sale_ratio": 37.35,
            "price_fair": 128.63,
            "eps_avg_yearly": 3.68,
            "eps_latest_yearly": 3.24,
            "eps_growth_yearly": 133.74
        },
        "20174": {
            "year_quarter": 20174,
            "year": 2017,
            "quarter": 4,
            "eps": 1.93,
            "eps_growth_year": 12.12,
            "eps_4q": 4.56,
            "eps_4q_growth_year": 15.29,
            "roe": 6.89,
            "roe_4q": 16.65,
            "gross_profit": 309837,
            "gross_margin": 86.77,
            "gross_margin_4q_avg": 90.49,
            "net_income": 72276,
            "revenue": 357086,
            "common_shares": 379880,
            "book_valuer_per_share": 28.92,
            "book_valuer_per_share_4q_avg": 29.01,
            "equity": 1082272,
            "current_ratio": 461.82,
            "debt_ratio": 20.09,
            "inventory_turnover_ratio": null,
            "account_receivable_turnover_ratio": 2.5,
            "reinvestment_rate": 4.99,
            "research_to_sale_ratio": 21.34,
            "price_fair": 144.36,
            "eps_avg_yearly": 4.12,
            "eps_latest_yearly": 7.72,
            "eps_growth_yearly": 180.34
        },
        "20181": {
            "year_quarter": 20181,
            "year": 2018,
            "quarter": 1,
            "eps": 1.93,
            "eps_growth_year": 164.38,
            "eps_4q": 5.82,
            "eps_4q_growth_year": 42.6,
            "roe": 6.42,
            "roe_4q": 20.659999999999997,
            "gross_profit": 279266,
            "gross_margin": 86.21,
            "gross_margin_4q_avg": 89.25,
            "net_income": 72198,
            "revenue": 323931,
            "common_shares": 379880,
            "book_valuer_per_share": 31.17,
            "book_valuer_per_share_4q_avg": 29.13,
            "equity": 1167082,
            "current_ratio": 470.44,
            "debt_ratio": 18.29,
            "inventory_turnover_ratio": null,
            "account_receivable_turnover_ratio": 1.52,
            "reinvestment_rate": 8.26,
            "research_to_sale_ratio": 22.04,
            "price_fair": 156.94,
            "eps_avg_yearly": 4.48,
            "eps_latest_yearly": 7.72,
            "eps_growth_yearly": 162.3
        },
        "20182": {
            "year_quarter": 20182,
            "year": 2018,
            "quarter": 2,
            "eps": 1.6,
            "eps_growth_year": 34.45,
            "eps_4q": 5.84,
            "eps_4q_growth_year": 30.84,
            "roe": 5.78,
            "roe_4q": 22.09,
            "gross_profit": 254494,
            "gross_margin": 86.92,
            "gross_margin_4q_avg": 88.02,
            "net_income": 65954,
            "revenue": 292775,
            "common_shares": 380043,
            "book_valuer_per_share": 29.74,
            "book_valuer_per_share_4q_avg": 29.24,
            "equity": 1113373,
            "current_ratio": 325.43,
            "debt_ratio": 26.81,
            "inventory_turnover_ratio": null,
            "account_receivable_turnover_ratio": 1.32,
            "reinvestment_rate": 3.78,
            "research_to_sale_ratio": 26.65,
            "price_fair": 163.04,
            "eps_avg_yearly": 4.66,
            "eps_latest_yearly": 6.4,
            "eps_growth_yearly": 141.33
        },
        "20183": {
            "year_quarter": 20183,
            "year": 2018,
            "quarter": 3,
            "eps": 0.71,
            "eps_growth_year": -12.35,
            "eps_4q": 5.79,
            "eps_4q_growth_year": 41.19,
            "roe": 2.59,
            "roe_4q": 21.68,
            "gross_profit": 226836,
            "gross_margin": 87.93,
            "gross_margin_4q_avg": 86.96,
            "net_income": 29134,
            "revenue": 257970,
            "common_shares": 417480,
            "book_valuer_per_share": 27.45,
            "book_valuer_per_share_4q_avg": 29.32,
            "equity": 1135369,
            "current_ratio": 429.67,
            "debt_ratio": 19.31,
            "inventory_turnover_ratio": null,
            "account_receivable_turnover_ratio": 1.23,
            "reinvestment_rate": 5.11,
            "research_to_sale_ratio": 30.65,
            "price_fair": 157.73,
            "eps_avg_yearly": 4.51,
            "eps_latest_yearly": 2.84,
            "eps_growth_yearly": 111.01
        },
        "20184": {
            "year_quarter": 20184,
            "year": 2018,
            "quarter": 4,
            "eps": 0.56,
            "eps_growth_year": -70.91,
            "eps_4q": 4.61,
            "eps_4q_growth_year": 1.13,
            "roe": 2.03,
            "roe_4q": 16.82,
            "gross_profit": 235343,
            "gross_margin": 90.98,
            "gross_margin_4q_avg": 88.01,
            "net_income": 23232,
            "revenue": 258667,
            "common_shares": 417480,
            "book_valuer_per_share": 28.01,
            "book_valuer_per_share_4q_avg": 29.09,
            "equity": 1158307,
            "current_ratio": 418.45,
            "debt_ratio": 19.97,
            "inventory_turnover_ratio": null,
            "account_receivable_turnover_ratio": 1.27,
            "reinvestment_rate": 5.47,
            "research_to_sale_ratio": 27.69,
            "price_fair": 151.63,
            "eps_avg_yearly": 4.33,
            "eps_latest_yearly": 2.24,
            "eps_growth_yearly": 95.97
        },
        "20191": {
            "year_quarter": 20191,
            "year": 2019,
            "quarter": 1,
            "eps": 1.21,
            "eps_growth_year": -37.31,
            "eps_4q": 4.07,
            "eps_4q_growth_year": -30,
            "roe": 4.21,
            "roe_4q": 14.61,
            "gross_profit": 251529,
            "gross_margin": 91.33,
            "gross_margin_4q_avg": 89.29,
            "net_income": 50097,
            "revenue": 275415,
            "common_shares": 417480,
            "book_valuer_per_share": 29.51,
            "book_valuer_per_share_4q_avg": 28.68,
            "equity": 1220528,
            "current_ratio": 446.73,
            "debt_ratio": 18.84,
            "inventory_turnover_ratio": null,
            "account_receivable_turnover_ratio": 1.27,
            "reinvestment_rate": 6.31,
            "research_to_sale_ratio": 27.2,
            "price_fair": 152.9,
            "eps_avg_yearly": 4.37,
            "eps_latest_yearly": 4.84,
            "eps_growth_yearly": 122.28
        },
        "20192": {
            "year_quarter": 20192,
            "year": 2019,
            "quarter": 2,
            "eps": 1.02,
            "eps_growth_year": -36.25,
            "eps_4q": 3.5,
            "eps_4q_growth_year": -40.05,
            "roe": 3.67,
            "roe_4q": 12.5,
            "gross_profit": 218261,
            "gross_margin": 89.47,
            "gross_margin_4q_avg": 89.93,
            "net_income": 42262,
            "revenue": 243945,
            "common_shares": 417480,
            "book_valuer_per_share": 26.22,
            "book_valuer_per_share_4q_avg": 27.8,
            "equity": 1084120,
            "current_ratio": 276.78,
            "debt_ratio": 29.81,
            "inventory_turnover_ratio": null,
            "account_receivable_turnover_ratio": 1.07,
            "reinvestment_rate": 6.48,
            "research_to_sale_ratio": 29.65,
            "price_fair": 152.23,
            "eps_avg_yearly": 4.35,
            "eps_latest_yearly": 4.08,
            "eps_growth_yearly": 109.94
        },
        "20193": {
            "year_quarter": 20193,
            "year": 2019,
            "quarter": 3,
            "eps": 0.9,
            "eps_growth_year": 26.76,
            "eps_4q": 3.7,
            "eps_4q_growth_year": -36.16,
            "roe": 3.39,
            "roe_4q": 13.299999999999999,
            "gross_profit": 287944,
            "gross_margin": 91.13,
            "gross_margin_4q_avg": 90.73,
            "net_income": 37335,
            "revenue": 315966,
            "common_shares": 417480,
            "book_valuer_per_share": 27.03,
            "book_valuer_per_share_4q_avg": 27.69,
            "equity": 1117690,
            "current_ratio": 369.66,
            "debt_ratio": 22.27,
            "inventory_turnover_ratio": null,
            "account_receivable_turnover_ratio": 1.29,
            "reinvestment_rate": 2.81,
            "research_to_sale_ratio": 23.5,
            "price_fair": 150.59,
            "eps_avg_yearly": 4.3,
            "eps_latest_yearly": 3.6,
            "eps_growth_yearly": 100.13
        },
        "20194": {
            "year_quarter": 20194,
            "year": 2019,
            "quarter": 4,
            "eps": 1.67,
            "eps_growth_year": 197.94,
            "eps_4q": 4.81,
            "eps_4q_growth_year": 4.41,
            "roe": 6.02,
            "roe_4q": 17.29,
            "gross_profit": 283152,
            "gross_margin": 90.57,
            "gross_margin_4q_avg": 90.63,
            "net_income": 69218,
            "revenue": 312635,
            "common_shares": 417480,
            "book_valuer_per_share": 28.53,
            "book_valuer_per_share_4q_avg": 27.82,
            "equity": 1180013,
            "current_ratio": 429.77,
            "debt_ratio": 19.23,
            "inventory_turnover_ratio": null,
            "account_receivable_turnover_ratio": 1.34,
            "reinvestment_rate": -0.34,
            "research_to_sale_ratio": 25.27,
            "price_fair": 159.25,
            "eps_avg_yearly": 4.55,
            "eps_latest_yearly": 6.68,
            "eps_growth_yearly": 85.8
        },
        "20201": {
            "year_quarter": 20201,
            "year": 2020,
            "quarter": 1,
            "eps": 0.99,
            "eps_growth_year": -18.18,
            "eps_4q": 4.59,
            "eps_4q_growth_year": 12.75,
            "roe": 3.45,
            "roe_4q": 16.53,
            "gross_profit": 362171,
            "gross_margin": 94.47,
            "gross_margin_4q_avg": 91.41,
            "net_income": 41081,
            "revenue": 383390,
            "common_shares": 417480,
            "book_valuer_per_share": 29.05,
            "book_valuer_per_share_4q_avg": 27.71,
            "equity": 1201483,
            "current_ratio": 395.76,
            "debt_ratio": 21.23,
            "inventory_turnover_ratio": null,
            "account_receivable_turnover_ratio": 1.52,
            "reinvestment_rate": -1.82,
            "research_to_sale_ratio": 19.82,
            "price_fair": 162.93,
            "eps_avg_yearly": 4.66,
            "eps_latest_yearly": 3.96,
            "eps_growth_yearly": 79.67
        },
        "20202": {
            "year_quarter": 20202,
            "year": 2020,
            "quarter": 2,
            "eps": 1.69,
            "eps_growth_year": 65.69,
            "eps_4q": 4.93,
            "eps_4q_growth_year": 41.01,
            "roe": 6.46,
            "roe_4q": 19.32,
            "gross_profit": 410824,
            "gross_margin": 94.58,
            "gross_margin_4q_avg": 92.69,
            "net_income": 76851,
            "revenue": 434356,
            "common_shares": 417480,
            "book_valuer_per_share": 28.47,
            "book_valuer_per_share_4q_avg": 28.27,
            "equity": 1177532,
            "current_ratio": 288.6,
            "debt_ratio": 31.7,
            "inventory_turnover_ratio": null,
            "account_receivable_turnover_ratio": 1.46,
            "reinvestment_rate": -9.33,
            "research_to_sale_ratio": 19.3,
            "price_fair": 173.34,
            "eps_avg_yearly": 4.95,
            "eps_latest_yearly": 6.76,
            "eps_growth_yearly": 100.41
        },
        "20203": {
            "year_quarter": 20203,
            "year": 2020,
            "quarter": 3,
            "eps": 2,
            "eps_growth_year": 122.22,
            "eps_4q": 6.07,
            "eps_4q_growth_year": 64.18,
            "roe": 7.5,
            "roe_4q": 23.43,
            "gross_profit": 340550,
            "gross_margin": 92.7,
            "gross_margin_4q_avg": 93.08,
            "net_income": 91426,
            "revenue": 367356,
            "common_shares": 458835,
            "book_valuer_per_share": 27.47,
            "book_valuer_per_share_4q_avg": 28.38,
            "equity": 1260638,
            "current_ratio": 429,
            "debt_ratio": 21.27,
            "inventory_turnover_ratio": null,
            "account_receivable_turnover_ratio": 1.36,
            "reinvestment_rate": -5.9,
            "research_to_sale_ratio": 23.45,
            "price_fair": 180.78,
            "eps_avg_yearly": 5.17,
            "eps_latest_yearly": 8,
            "eps_growth_yearly": 72.5
        },
        "20204": {
            "year_quarter": 20204,
            "year": 2020,
            "quarter": 4,
            "eps": 1.61,
            "eps_growth_year": -4.11,
            "eps_4q": 6.17,
            "eps_4q_growth_year": 28.23,
            "roe": 5.68,
            "roe_4q": 23.09,
            "gross_profit": 351311,
            "gross_margin": 96.18,
            "gross_margin_4q_avg": 94.48,
            "net_income": 73645,
            "revenue": 365282,
            "common_shares": 458835,
            "book_valuer_per_share": 29.06,
            "book_valuer_per_share_4q_avg": 28.51,
            "equity": 1333443,
            "current_ratio": 421.67,
            "debt_ratio": 21.76,
            "inventory_turnover_ratio": null,
            "account_receivable_turnover_ratio": 1.53,
            "reinvestment_rate": -5.67,
            "research_to_sale_ratio": 22.92,
            "price_fair": 179.81,
            "eps_avg_yearly": 5.14,
            "eps_latest_yearly": 6.44,
            "eps_growth_yearly": 55.23
        },
        "20211": {
            "year_quarter": 20211,
            "year": 2021,
            "quarter": 1,
            "eps": 1.24,
            "eps_growth_year": 25.25,
            "eps_4q": 6.51,
            "eps_4q_growth_year": 41.76,
            "roe": 4.05,
            "roe_4q": 23.69,
            "gross_profit": 389846,
            "gross_margin": 94.08,
            "gross_margin_4q_avg": 94.39,
            "net_income": 56753,
            "revenue": 414364,
            "common_shares": 458835,
            "book_valuer_per_share": 31.96,
            "book_valuer_per_share_4q_avg": 29.24,
            "equity": 1466256,
            "current_ratio": 453.72,
            "debt_ratio": 20.52,
            "inventory_turnover_ratio": null,
            "account_receivable_turnover_ratio": 1.55,
            "reinvestment_rate": -8.37,
            "research_to_sale_ratio": 20.63,
            "price_fair": 184.28,
            "eps_avg_yearly": 5.27,
            "eps_latest_yearly": 4.96,
            "eps_growth_yearly": 63.88
        },
        "20212": {
            "year_quarter": 20212,
            "year": 2021,
            "quarter": 2,
            "eps": 1.82,
            "eps_growth_year": 7.69,
            "eps_4q": 6.65,
            "eps_4q_growth_year": 34.77,
            "roe": 5.57,
            "roe_4q": 22.8,
            "gross_profit": 406091,
            "gross_margin": 97.29,
            "gross_margin_4q_avg": 95.06,
            "net_income": 83323,
            "revenue": 417397,
            "common_shares": 458835,
            "book_valuer_per_share": 33.28,
            "book_valuer_per_share_4q_avg": 30.44,
            "equity": 1527138,
            "current_ratio": 461.78,
            "debt_ratio": 20.11,
            "inventory_turnover_ratio": null,
            "account_receivable_turnover_ratio": 1.28,
            "reinvestment_rate": -8.02,
            "research_to_sale_ratio": 21.96,
            "price_fair": 189.79,
            "eps_avg_yearly": 5.42,
            "eps_latest_yearly": 7.28,
            "eps_growth_yearly": 59.82
        },
        "20213": {
            "year_quarter": 20213,
            "year": 2021,
            "quarter": 3,
            "eps": 2.14,
            "eps_growth_year": 7,
            "eps_4q": 6.57,
            "eps_4q_growth_year": 8.25,
            "roe": 7.1,
            "roe_4q": 22.4,
            "gross_profit": 446531,
            "gross_margin": 94.16,
            "gross_margin_4q_avg": 95.43,
            "net_income": 102913,
            "revenue": 474210,
            "common_shares": 481777,
            "book_valuer_per_share": 28.5,
            "book_valuer_per_share_4q_avg": 30.7,
            "equity": 1373028,
            "current_ratio": 415.84,
            "debt_ratio": 22.02,
            "inventory_turnover_ratio": null,
            "account_receivable_turnover_ratio": 1.46,
            "reinvestment_rate": -7.42,
            "research_to_sale_ratio": 20.44,
            "price_fair": 201.43,
            "eps_avg_yearly": 5.76,
            "eps_latest_yearly": 8.56,
            "eps_growth_yearly": 72.2
        },
        "20214": {
            "year_quarter": 20214,
            "year": 2021,
            "quarter": 4,
            "eps": 0.97,
            "eps_growth_year": -39.51,
            "eps_4q": 6.01,
            "eps_4q_growth_year": -2.49,
            "roe": 3.31,
            "roe_4q": 20.03,
            "gross_profit": 376220,
            "gross_margin": 95.89,
            "gross_margin_4q_avg": 95.36,
            "net_income": 46772,
            "revenue": 392336,
            "common_shares": 481777,
            "book_valuer_per_share": 30.23,
            "book_valuer_per_share_4q_avg": 30.99,
            "equity": 1456320,
            "current_ratio": 377.31,
            "debt_ratio": 24.19,
            "inventory_turnover_ratio": null,
            "account_receivable_turnover_ratio": 1.36,
            "reinvestment_rate": -7.39,
            "research_to_sale_ratio": 25,
            "price_fair": 187.29,
            "eps_avg_yearly": 5.52,
            "eps_latest_yearly": 3.88,
            "eps_growth_yearly": 23.96
        },
        "20221": {
            "year_quarter": 20221,
            "year": 2022,
            "quarter": 1,
            "eps": 0.91,
            "eps_growth_year": -26.61,
            "eps_4q": 5.74,
            "eps_4q_growth_year": -11.75,
            "roe": 2.98,
            "roe_4q": 18.96,
            "gross_profit": 392496,
            "gross_margin": 96.09,
            "gross_margin_4q_avg": 95.86,
            "net_income": 43737,
            "revenue": 408456,
            "common_shares": 481777,
            "book_valuer_per_share": 30.77,
            "book_valuer_per_share_4q_avg": 30.7,
            "equity": 1482504,
            "current_ratio": 458.49,
            "debt_ratio": 20.17,
            "inventory_turnover_ratio": null,
            "account_receivable_turnover_ratio": 1.68,
            "reinvestment_rate": -8.72,
            "research_to_sale_ratio": 25.79,
            "price_fair": 170.5,
            "eps_avg_yearly": 5.26,
            "eps_latest_yearly": 3.64,
            "eps_growth_yearly": 22.41
        },
        "20222": {
            "year_quarter": 20222,
            "year": 2022,
            "quarter": 2,
            "eps": 2.39,
            "eps_growth_year": 31.32,
            "eps_4q": 6.4,
            "eps_4q_growth_year": -3.76,
            "roe": 8.11,
            "roe_4q": 21.5,
            "gross_profit": 410609,
            "gross_margin": 96.1,
            "gross_margin_4q_avg": 95.56,
            "net_income": 114941,
            "revenue": 427270,
            "common_shares": 481777,
            "book_valuer_per_share": 28.05,
            "book_valuer_per_share_4q_avg": 29.39,
            "equity": 1351338,
            "current_ratio": 284.83,
            "debt_ratio": 32.29,
            "inventory_turnover_ratio": null,
            "account_receivable_turnover_ratio": 2.02,
            "reinvestment_rate": -7.59,
            "research_to_sale_ratio": 26.36,
            "price_fair": 191.01,
            "eps_avg_yearly": 5.46,
            "eps_latest_yearly": 9.56,
            "eps_growth_yearly": 67.35
        },
        "20223": {
            "year_quarter": 20223,
            "year": 2022,
            "quarter": 3,
            "eps": 1.78,
            "eps_growth_year": -16.82,
            "eps_4q": 6.04,
            "eps_4q_growth_year": -8.08,
            "roe": 6.16,
            "roe_4q": 20.56,
            "gross_profit": 313748,
            "gross_margin": 82.49,
            "gross_margin_4q_avg": 92.64,
            "net_income": 85598,
            "revenue": 380363,
            "common_shares": 481777,
            "book_valuer_per_share": 29.63,
            "book_valuer_per_share_4q_avg": 29.67,
            "equity": 1427573,
            "current_ratio": 465.63,
            "debt_ratio": 20.58,
            "inventory_turnover_ratio": null,
            "account_receivable_turnover_ratio": 2.02,
            "reinvestment_rate": -7.68,
            "research_to_sale_ratio": 27.35,
            "price_fair": 200.38,
            "eps_avg_yearly": 5.73,
            "eps_latest_yearly": 7.12,
            "eps_growth_yearly": 74.87
        },
        "20224": {
            "year_quarter": 20224,
            "year": 2022,
            "quarter": 4,
            "eps": 1.65,
            "eps_growth_year": 69.7,
            "eps_4q": 6.72,
            "eps_4q_growth_year": 11.69,
            "roe": 5.4,
            "roe_4q": 22.650000000000002,
            "gross_profit": 348398,
            "gross_margin": 94.77,
            "gross_margin_4q_avg": 92.36,
            "net_income": 79372,
            "revenue": 367629,
            "common_shares": 481777,
            "book_valuer_per_share": 31.41,
            "book_valuer_per_share_4q_avg": 29.97,
            "equity": 1513034,
            "current_ratio": 448.76,
            "debt_ratio": 21.09,
            "inventory_turnover_ratio": null,
            "account_receivable_turnover_ratio": 2.19,
            "reinvestment_rate": -6.65,
            "research_to_sale_ratio": 29.79,
            "price_fair": 209.91,
            "eps_avg_yearly": 6,
            "eps_latest_yearly": 6.6,
            "eps_growth_yearly": 78.33
        },
        "20231": {
            "year_quarter": 20231,
            "year": 2023,
            "quarter": 1,
            "eps": 1.12,
            "eps_growth_year": 23.08,
            "eps_4q": 6.93,
            "eps_4q_growth_year": 20.67,
            "roe": 3.49,
            "roe_4q": 23.16,
            "gross_profit": 370185,
            "gross_margin": 97.09,
            "gross_margin_4q_avg": 92.61,
            "net_income": 54044,
            "revenue": 381277,
            "common_shares": 481777,
            "book_valuer_per_share": 32.82,
            "book_valuer_per_share_4q_avg": 30.48,
            "equity": 1581328,
            "current_ratio": 589.94,
            "debt_ratio": 16.08,
            "inventory_turnover_ratio": null,
            "account_receivable_turnover_ratio": 2.4,
            "reinvestment_rate": -7.06,
            "research_to_sale_ratio": 28.14,
            "price_fair": 209.13,
            "eps_avg_yearly": 5.98,
            "eps_latest_yearly": 4.48,
            "eps_growth_yearly": 41.28
        }
    },
    "months": {
        "2006-12": {
            "month": "2006-12",
            "price": "89.61",
            "revenue": 34927
        },
        "2007-01": {
            "month": "2007-01",
            "price": "96.64",
            "revenue": 60676
        },
        "2007-02": {
            "month": "2007-02",
            "price": "98.39",
            "revenue": 38722
        },
        "2007-03": {
            "month": "2007-03",
            "price": "101.61",
            "revenue": 23349
        },
        "2007-04": {
            "month": "2007-04",
            "price": "110.14",
            "revenue": 18850
        },
        "2007-05": {
            "month": "2007-05",
            "price": "116.14",
            "revenue": 16867
        },
        "2007-06": {
            "month": "2007-06",
            "price": "142.43",
            "revenue": 19737
        },
        "2007-07": {
            "month": "2007-07",
            "price": "136.60",
            "revenue": 23983
        },
        "2007-08": {
            "month": "2007-08",
            "price": "137.49",
            "revenue": 18845
        },
        "2007-09": {
            "month": "2007-09",
            "price": "129.84",
            "revenue": 22067
        },
        "2007-10": {
            "month": "2007-10",
            "price": "117.69",
            "revenue": 22253
        },
        "2007-11": {
            "month": "2007-11",
            "price": "109.47",
            "revenue": 31905
        },
        "2007-12": {
            "month": "2007-12",
            "price": "89.45",
            "revenue": 81390
        },
        "2008-01": {
            "month": "2008-01",
            "price": "82.99",
            "revenue": 38595
        },
        "2008-02": {
            "month": "2008-02",
            "price": "80.54",
            "revenue": 30507
        },
        "2008-03": {
            "month": "2008-03",
            "price": "81.29",
            "revenue": 25908
        },
        "2008-04": {
            "month": "2008-04",
            "price": "94.98",
            "revenue": 21610
        },
        "2008-05": {
            "month": "2008-05",
            "price": "98.66",
            "revenue": 26178
        },
        "2008-06": {
            "month": "2008-06",
            "price": "108.56",
            "revenue": 44779
        },
        "2008-07": {
            "month": "2008-07",
            "price": "84.73",
            "revenue": 58804
        },
        "2008-08": {
            "month": "2008-08",
            "price": "75.97",
            "revenue": 42658
        },
        "2008-09": {
            "month": "2008-09",
            "price": "53.21",
            "revenue": 36172
        },
        "2008-10": {
            "month": "2008-10",
            "price": "42.26",
            "revenue": 65573
        },
        "2008-11": {
            "month": "2008-11",
            "price": "47.83",
            "revenue": 49496
        },
        "2008-12": {
            "month": "2008-12",
            "price": "58.96",
            "revenue": 47564
        },
        "2009-01": {
            "month": "2009-01",
            "price": "66.42",
            "revenue": 74716
        },
        "2009-02": {
            "month": "2009-02",
            "price": "73.88",
            "revenue": 78178
        },
        "2009-03": {
            "month": "2009-03",
            "price": "99.14",
            "revenue": 85312
        },
        "2009-04": {
            "month": "2009-04",
            "price": "183.68",
            "revenue": 89670
        },
        "2009-05": {
            "month": "2009-05",
            "price": "265.17",
            "revenue": 83828
        },
        "2009-06": {
            "month": "2009-06",
            "price": "252.02",
            "revenue": 73241
        },
        "2009-07": {
            "month": "2009-07",
            "price": "324.02",
            "revenue": 114813
        },
        "2009-08": {
            "month": "2009-08",
            "price": "277.45",
            "revenue": 80614
        },
        "2009-09": {
            "month": "2009-09",
            "price": "224.14",
            "revenue": 75679
        },
        "2009-10": {
            "month": "2009-10",
            "price": "214.23",
            "revenue": 72865
        },
        "2009-11": {
            "month": "2009-11",
            "price": "207.67",
            "revenue": 77560
        },
        "2009-12": {
            "month": "2009-12",
            "price": "242.43",
            "revenue": 87461
        },
        "2010-01": {
            "month": "2010-01",
            "price": "291.42",
            "revenue": 142255
        },
        "2010-02": {
            "month": "2010-02",
            "price": "274.64",
            "revenue": 146503
        },
        "2010-03": {
            "month": "2010-03",
            "price": "317.24",
            "revenue": 160287
        },
        "2010-04": {
            "month": "2010-04",
            "price": "403.60",
            "revenue": 127941
        },
        "2010-05": {
            "month": "2010-05",
            "price": "458.60",
            "revenue": 127855
        },
        "2010-06": {
            "month": "2010-06",
            "price": "415.50",
            "revenue": 95538
        },
        "2010-07": {
            "month": "2010-07",
            "price": "363.64",
            "revenue": 81285
        },
        "2010-08": {
            "month": "2010-08",
            "price": "283.43",
            "revenue": 129027
        },
        "2010-09": {
            "month": "2010-09",
            "price": "269.36",
            "revenue": 80223
        },
        "2010-10": {
            "month": "2010-10",
            "price": "233.57",
            "revenue": 80900
        },
        "2010-11": {
            "month": "2010-11",
            "price": "229.57",
            "revenue": 77137
        },
        "2010-12": {
            "month": "2010-12",
            "price": "247.93",
            "revenue": 93478
        },
        "2011-01": {
            "month": "2011-01",
            "price": "235.70",
            "revenue": 66790
        },
        "2011-02": {
            "month": "2011-02",
            "price": "170.11",
            "revenue": 70224
        },
        "2011-03": {
            "month": "2011-03",
            "price": "156.85",
            "revenue": 65303
        },
        "2011-04": {
            "month": "2011-04",
            "price": "158.11",
            "revenue": 65597
        },
        "2011-05": {
            "month": "2011-05",
            "price": "163.69",
            "revenue": 62285
        },
        "2011-06": {
            "month": "2011-06",
            "price": "167.67",
            "revenue": 74821
        },
        "2011-07": {
            "month": "2011-07",
            "price": "144.36",
            "revenue": 70876
        },
        "2011-08": {
            "month": "2011-08",
            "price": "77.54",
            "revenue": 78145
        },
        "2011-09": {
            "month": "2011-09",
            "price": "58.26",
            "revenue": 67895
        },
        "2011-10": {
            "month": "2011-10",
            "price": "58.90",
            "revenue": 69861
        },
        "2011-11": {
            "month": "2011-11",
            "price": "63.33",
            "revenue": 71439
        },
        "2011-12": {
            "month": "2011-12",
            "price": "57.38",
            "revenue": 101923
        },
        "2012-01": {
            "month": "2012-01",
            "price": "64.39",
            "revenue": 111988
        },
        "2012-02": {
            "month": "2012-02",
            "price": "87.28",
            "revenue": 90858
        },
        "2012-03": {
            "month": "2012-03",
            "price": "89.32",
            "revenue": 78782
        },
        "2012-04": {
            "month": "2012-04",
            "price": "79.88",
            "revenue": 79527
        },
        "2012-05": {
            "month": "2012-05",
            "price": "81.63",
            "revenue": 71312
        },
        "2012-06": {
            "month": "2012-06",
            "price": "74.19",
            "revenue": 55932
        },
        "2012-07": {
            "month": "2012-07",
            "price": "66.56",
            "revenue": 63986
        },
        "2012-08": {
            "month": "2012-08",
            "price": "61.29",
            "revenue": 61078
        },
        "2012-09": {
            "month": "2012-09",
            "price": "61.07",
            "revenue": 57139
        },
        "2012-10": {
            "month": "2012-10",
            "price": "54.05",
            "revenue": 77133
        },
        "2012-11": {
            "month": "2012-11",
            "price": "48.82",
            "revenue": 75666
        },
        "2012-12": {
            "month": "2012-12",
            "price": "62.98",
            "revenue": 94737
        },
        "2013-01": {
            "month": "2013-01",
            "price": "66.98",
            "revenue": 77109
        },
        "2013-02": {
            "month": "2013-02",
            "price": "61.65",
            "revenue": 85977
        },
        "2013-03": {
            "month": "2013-03",
            "price": "59.60",
            "revenue": 65426
        },
        "2013-04": {
            "month": "2013-04",
            "price": "60.82",
            "revenue": 63887
        },
        "2013-05": {
            "month": "2013-05",
            "price": "60.29",
            "revenue": 63170
        },
        "2013-06": {
            "month": "2013-06",
            "price": "59.18",
            "revenue": 51722
        },
        "2013-07": {
            "month": "2013-07",
            "price": "53.94",
            "revenue": 59108
        },
        "2013-08": {
            "month": "2013-08",
            "price": "50.22",
            "revenue": 65005
        },
        "2013-09": {
            "month": "2013-09",
            "price": "48.36",
            "revenue": 67268
        },
        "2013-10": {
            "month": "2013-10",
            "price": "48.70",
            "revenue": 55684
        },
        "2013-11": {
            "month": "2013-11",
            "price": "45.20",
            "revenue": 58287
        },
        "2013-12": {
            "month": "2013-12",
            "price": "45.86",
            "revenue": 80589
        },
        "2014-01": {
            "month": "2014-01",
            "price": "49.70",
            "revenue": 89307
        },
        "2014-02": {
            "month": "2014-02",
            "price": "48.93",
            "revenue": 48577
        },
        "2014-03": {
            "month": "2014-03",
            "price": "60.28",
            "revenue": 54376
        },
        "2014-04": {
            "month": "2014-04",
            "price": "70.21",
            "revenue": 60222
        },
        "2014-05": {
            "month": "2014-05",
            "price": "63.81",
            "revenue": 53179
        },
        "2014-06": {
            "month": "2014-06",
            "price": "67.48",
            "revenue": 61081
        },
        "2014-07": {
            "month": "2014-07",
            "price": "60.72",
            "revenue": 61638
        },
        "2014-08": {
            "month": "2014-08",
            "price": "51.98",
            "revenue": 70238
        },
        "2014-09": {
            "month": "2014-09",
            "price": "50.60",
            "revenue": 49973
        },
        "2014-10": {
            "month": "2014-10",
            "price": "46.34",
            "revenue": 54991
        },
        "2014-11": {
            "month": "2014-11",
            "price": "44.57",
            "revenue": 70897
        },
        "2014-12": {
            "month": "2014-12",
            "price": "52.59",
            "revenue": 61197
        },
        "2015-01": {
            "month": "2015-01",
            "price": "55.03",
            "revenue": 48990
        },
        "2015-02": {
            "month": "2015-02",
            "price": "51.40",
            "revenue": 57771
        },
        "2015-03": {
            "month": "2015-03",
            "price": "49.39",
            "revenue": 48480
        },
        "2015-04": {
            "month": "2015-04",
            "price": "48.27",
            "revenue": 45056
        },
        "2015-05": {
            "month": "2015-05",
            "price": "46.92",
            "revenue": 46996
        },
        "2015-06": {
            "month": "2015-06",
            "price": "41.92",
            "revenue": 47613
        },
        "2015-07": {
            "month": "2015-07",
            "price": "42.07",
            "revenue": 55549
        },
        "2015-08": {
            "month": "2015-08",
            "price": "27.45",
            "revenue": 60208
        },
        "2015-09": {
            "month": "2015-09",
            "price": "25.46",
            "revenue": 49028
        },
        "2015-10": {
            "month": "2015-10",
            "price": "30.20",
            "revenue": 61465
        },
        "2015-11": {
            "month": "2015-11",
            "price": "31.70",
            "revenue": 59433
        },
        "2015-12": {
            "month": "2015-12",
            "price": "34.33",
            "revenue": 61296
        },
        "2016-01": {
            "month": "2016-01",
            "price": "32.95",
            "revenue": 54209
        },
        "2016-02": {
            "month": "2016-02",
            "price": "32.95",
            "revenue": 57107
        },
        "2016-03": {
            "month": "2016-03",
            "price": "34.35",
            "revenue": 50329
        },
        "2016-04": {
            "month": "2016-04",
            "price": "31.74",
            "revenue": 47527
        },
        "2016-05": {
            "month": "2016-05",
            "price": "30.76",
            "revenue": 47772
        },
        "2016-06": {
            "month": "2016-06",
            "price": "40.06",
            "revenue": 58454
        },
        "2016-07": {
            "month": "2016-07",
            "price": "46.13",
            "revenue": 51081
        },
        "2016-08": {
            "month": "2016-08",
            "price": "70.82",
            "revenue": 59736
        },
        "2016-09": {
            "month": "2016-09",
            "price": "64.21",
            "revenue": 107603
        },
        "2016-10": {
            "month": "2016-10",
            "price": "76.98",
            "revenue": 84288
        },
        "2016-11": {
            "month": "2016-11",
            "price": "78.28",
            "revenue": 62636
        },
        "2016-12": {
            "month": "2016-12",
            "price": "78.60",
            "revenue": 83178
        },
        "2017-01": {
            "month": "2017-01",
            "price": "84.02",
            "revenue": 108858
        },
        "2017-02": {
            "month": "2017-02",
            "price": "82.17",
            "revenue": 70326
        },
        "2017-03": {
            "month": "2017-03",
            "price": "78.74",
            "revenue": 79462
        },
        "2017-04": {
            "month": "2017-04",
            "price": "86.24",
            "revenue": 68297
        },
        "2017-05": {
            "month": "2017-05",
            "price": "103.75",
            "revenue": 65171
        },
        "2017-06": {
            "month": "2017-06",
            "price": "94.68",
            "revenue": 65185
        },
        "2017-07": {
            "month": "2017-07",
            "price": "86.65",
            "revenue": 62808
        },
        "2017-08": {
            "month": "2017-08",
            "price": "76.67",
            "revenue": 55653
        },
        "2017-09": {
            "month": "2017-09",
            "price": "89.29",
            "revenue": 61081
        },
        "2017-10": {
            "month": "2017-10",
            "price": "87.45",
            "revenue": 96611
        },
        "2017-11": {
            "month": "2017-11",
            "price": "98.56",
            "revenue": 123272
        },
        "2017-12": {
            "month": "2017-12",
            "price": "96.82",
            "revenue": 134618
        },
        "2018-01": {
            "month": "2018-01",
            "price": "100.09",
            "revenue": 112858
        },
        "2018-02": {
            "month": "2018-02",
            "price": "88.45",
            "revenue": 110693
        },
        "2018-03": {
            "month": "2018-03",
            "price": "87.70",
            "revenue": 100455
        },
        "2018-04": {
            "month": "2018-04",
            "price": "87.43",
            "revenue": 100070
        },
        "2018-05": {
            "month": "2018-05",
            "price": "92.29",
            "revenue": 94588
        },
        "2018-06": {
            "month": "2018-06",
            "price": "90.82",
            "revenue": 98277
        },
        "2018-07": {
            "month": "2018-07",
            "price": "86.12",
            "revenue": 86247
        },
        "2018-08": {
            "month": "2018-08",
            "price": "75.13",
            "revenue": 79049
        },
        "2018-09": {
            "month": "2018-09",
            "price": "72.27",
            "revenue": 92515
        },
        "2018-10": {
            "month": "2018-10",
            "price": "60.43",
            "revenue": 77902
        },
        "2018-11": {
            "month": "2018-11",
            "price": "60.09",
            "revenue": 105120
        },
        "2018-12": {
            "month": "2018-12",
            "price": "66.34",
            "revenue": 75787
        },
        "2019-01": {
            "month": "2019-01",
            "price": "64.14",
            "revenue": 90584
        },
        "2019-02": {
            "month": "2019-02",
            "price": "65.40",
            "revenue": 89206
        },
        "2019-03": {
            "month": "2019-03",
            "price": "65.12",
            "revenue": 95600
        },
        "2019-04": {
            "month": "2019-04",
            "price": "67.98",
            "revenue": 79656
        },
        "2019-05": {
            "month": "2019-05",
            "price": "62.68",
            "revenue": 77241
        },
        "2019-06": {
            "month": "2019-06",
            "price": "63.62",
            "revenue": 87110
        },
        "2019-07": {
            "month": "2019-07",
            "price": "68.68",
            "revenue": 73002
        },
        "2019-08": {
            "month": "2019-08",
            "price": "60.76",
            "revenue": 111310
        },
        "2019-09": {
            "month": "2019-09",
            "price": "70.77",
            "revenue": 131525
        },
        "2019-10": {
            "month": "2019-10",
            "price": "76.82",
            "revenue": 113968
        },
        "2019-11": {
            "month": "2019-11",
            "price": "84.82",
            "revenue": 76627
        },
        "2019-12": {
            "month": "2019-12",
            "price": "91.78",
            "revenue": 121668
        },
        "2020-01": {
            "month": "2020-01",
            "price": "105.60",
            "revenue": 94530
        },
        "2020-02": {
            "month": "2020-02",
            "price": "111.92",
            "revenue": 131057
        },
        "2020-03": {
            "month": "2020-03",
            "price": "86.77",
            "revenue": 157172
        },
        "2020-04": {
            "month": "2020-04",
            "price": "90.70",
            "revenue": 163686
        },
        "2020-05": {
            "month": "2020-05",
            "price": "92.84",
            "revenue": 143543
        },
        "2020-06": {
            "month": "2020-06",
            "price": "90.14",
            "revenue": 127663
        },
        "2020-07": {
            "month": "2020-07",
            "price": "89.91",
            "revenue": 124204
        },
        "2020-08": {
            "month": "2020-08",
            "price": "78.38",
            "revenue": 125004
        },
        "2020-09": {
            "month": "2020-09",
            "price": "71.93",
            "revenue": 118248
        },
        "2020-10": {
            "month": "2020-10",
            "price": "72.15",
            "revenue": 83204
        },
        "2020-11": {
            "month": "2020-11",
            "price": "77.32",
            "revenue": 130839
        },
        "2020-12": {
            "month": "2020-12",
            "price": "89.81",
            "revenue": 151070
        },
        "2021-01": {
            "month": "2021-01",
            "price": "103.26",
            "revenue": 115248
        },
        "2021-02": {
            "month": "2021-02",
            "price": "90.47",
            "revenue": 176890
        },
        "2021-03": {
            "month": "2021-03",
            "price": "91.15",
            "revenue": 122190
        },
        "2021-04": {
            "month": "2021-04",
            "price": "91.68",
            "revenue": 108722
        },
        "2021-05": {
            "month": "2021-05",
            "price": "86.53",
            "revenue": 124196
        },
        "2021-06": {
            "month": "2021-06",
            "price": "87.89",
            "revenue": 184273
        },
        "2021-07": {
            "month": "2021-07",
            "price": "92.20",
            "revenue": 180445
        },
        "2021-08": {
            "month": "2021-08",
            "price": "90.28",
            "revenue": 153339
        },
        "2021-09": {
            "month": "2021-09",
            "price": "86.76",
            "revenue": 138166
        },
        "2021-10": {
            "month": "2021-10",
            "price": "76.42",
            "revenue": 114873
        },
        "2021-11": {
            "month": "2021-11",
            "price": "82.09",
            "revenue": 156309
        },
        "2021-12": {
            "month": "2021-12",
            "price": "88.78",
            "revenue": 120942
        },
        "2022-01": {
            "month": "2022-01",
            "price": "90.63",
            "revenue": 159345
        },
        "2022-02": {
            "month": "2022-02",
            "price": "84.77",
            "revenue": 128243
        },
        "2022-03": {
            "month": "2022-03",
            "price": "83.52",
            "revenue": 120817
        },
        "2022-04": {
            "month": "2022-04",
            "price": "80.42",
            "revenue": 136483
        },
        "2022-05": {
            "month": "2022-05",
            "price": "79.03",
            "revenue": 163408
        },
        "2022-06": {
            "month": "2022-06",
            "price": "78.85",
            "revenue": 126914
        },
        "2022-07": {
            "month": "2022-07",
            "price": "69.42",
            "revenue": 124292
        },
        "2022-08": {
            "month": "2022-08",
            "price": "70.10",
            "revenue": 124653
        },
        "2022-09": {
            "month": "2022-09",
            "price": "71.36",
            "revenue": 132274
        },
        "2022-10": {
            "month": "2022-10",
            "price": "70.60",
            "revenue": 119370
        },
        "2022-11": {
            "month": "2022-11",
            "price": "72.58",
            "revenue": 125173
        },
        "2022-12": {
            "month": "2022-12",
            "price": "75.86",
            "revenue": 123160
        },
        "2023-01": {
            "month": "2023-01",
            "price": "75.48",
            "revenue": 150830
        },
        "2023-02": {
            "month": "2023-02",
            "price": "75.38",
            "revenue": 120228
        },
        "2023-03": {
            "month": "2023-03",
            "price": "75.71",
            "revenue": 110475
        },
        "2023-04": {
            "month": "2023-04",
            "price": "80.14",
            "revenue": 110808
        },
        "2023-05": {
            "month": "2023-05",
            "price": "85.32",
            "revenue": 103698
        }
    }
}
