{
    "summary": {
        "stock_name": "兆利",
        "stock_id": "3548",
        "category": "電子零組件",
        "main_business": "NB、LCD、手機、3C電子等產品的扭力轉軸之研發設計、製造及銷售<br>光纖連接器之研發設計、製造及銷售",
        "website_url": "http://www.jarlly.com",
        "ceo": "張台沅",
        "pe_ratio": 41,
        "report_year_from": 2006,
        "report_year_to": 2023,
        "age": 18,
        "eps_negative_percentage": 0,
        "eps_growth_avg": {
            "last_all": 7.25,
            "last_2y": 15.66,
            "last_4y": 3.22,
            "last_8y": 14.14,
            "last_12y": 13.99,
            "last_16y": 7.25,
            "last_20y": null,
            "at_2006_last_3y": null,
            "at_2007_last_3y": null,
            "at_2008_last_3y": null,
            "at_2009_last_3y": null,
            "at_2010_last_3y": -14.68,
            "at_2011_last_3y": -47.87,
            "at_2012_last_3y": -7.03,
            "at_2013_last_3y": -1.1,
            "at_2014_last_3y": 13.66,
            "at_2015_last_3y": 38.09,
            "at_2016_last_3y": 35.16,
            "at_2017_last_3y": 24.95,
            "at_2018_last_3y": 27.8,
            "at_2019_last_3y": 24.69,
            "at_2020_last_3y": -6.07,
            "at_2021_last_3y": -5.34,
            "at_2022_last_3y": 10.46,
            "at_2023_last_3y": 3.05,
            "at_2024_last_3y": 3.05,
            "at_2006_last_all": null,
            "at_2007_last_all": null,
            "at_2008_last_all": -6,
            "at_2009_last_all": -5.3,
            "at_2010_last_all": -14.68,
            "at_2011_last_all": -28.03,
            "at_2012_last_all": -6.69,
            "at_2013_last_all": -2.9,
            "at_2014_last_all": -0.51,
            "at_2015_last_all": 1.36,
            "at_2016_last_all": 10.05,
            "at_2017_last_all": 7.23,
            "at_2018_last_all": 8.93,
            "at_2019_last_all": 8.54,
            "at_2020_last_all": 5.44,
            "at_2021_last_all": 3.88,
            "at_2022_last_all": 9.31,
            "at_2023_last_all": 7.25,
            "at_2024_last_all": 7.25
        },
        "latest_eps": 6.33,
        "latest_price": 261,
        "latest_roe": 8.52,
        "latest_gross_margin": 19.96,
        "latest_equity": 5091145,
        "latest_revenue": 2584601,
        "latest_gross_profit": 515960,
        "latest_net_income": 227534,
        "latest_debt_ratio": 48.63,
        "latest_current_ratio": 156.74,
        "latest_account_receivable_turnover_ratio": 0.83,
        "latest_inventory_turnover_ratio": 2.78,
        "latest_reinvestment_rate": 40.8,
        "latest_research_to_sale_ratio": 2.35
    },
    "eps_dividends": {
        "2001": {
            "cash": 0,
            "stock": 0,
            "eps": 0
        },
        "2002": {
            "cash": 0,
            "stock": 0,
            "eps": 0
        },
        "2003": {
            "cash": 0,
            "stock": 0,
            "eps": 0
        },
        "2004": {
            "cash": 0,
            "stock": 0,
            "eps": 0
        },
        "2005": {
            "cash": 0,
            "stock": 0,
            "eps": 0
        },
        "2006": {
            "cash": 1.5,
            "stock": 1,
            "eps": 6
        },
        "2007": {
            "cash": 1.5,
            "stock": 2,
            "eps": 9.08
        },
        "2008": {
            "cash": 3,
            "stock": 0.5,
            "eps": 3.33
        },
        "2009": {
            "cash": 0.7,
            "stock": 0.3,
            "eps": 3.2
        },
        "2010": {
            "cash": 1.19,
            "stock": 0,
            "eps": 1.83
        },
        "2011": {
            "cash": 1,
            "stock": 0,
            "eps": 0.34
        },
        "2012": {
            "cash": 0.2,
            "stock": 0,
            "eps": 2.42
        },
        "2013": {
            "cash": 1.2,
            "stock": 0,
            "eps": 2.9
        },
        "2014": {
            "cash": 1,
            "stock": 0,
            "eps": 3.37
        },
        "2015": {
            "cash": 1.2,
            "stock": 0,
            "eps": 3.92
        },
        "2016": {
            "cash": 1.3,
            "stock": 0,
            "eps": 7.38
        },
        "2017": {
            "cash": 3.5,
            "stock": 0,
            "eps": 5.83
        },
        "2018": {
            "cash": 3,
            "stock": 0,
            "eps": 7.44
        },
        "2019": {
            "cash": 4.5,
            "stock": 0,
            "eps": 7.73
        },
        "2020": {
            "cash": 2.5,
            "stock": 0,
            "eps": 5.04
        },
        "2021": {
            "cash": 2.5,
            "stock": 0,
            "eps": 4.13
        },
        "2022": {
            "cash": 2,
            "stock": 0,
            "eps": 7.88
        },
        "2023": {
            "cash": 3,
            "stock": 0,
            "eps": 5.85
        }
    },
    "dividends": {
        "2006-06-30": {
            "cash": 1.5,
            "stock": 1
        },
        "2007-04-27": {
            "cash": 1.5,
            "stock": 2
        },
        "2008-04-29": {
            "cash": 3,
            "stock": 0.5
        },
        "2009-05-04": {
            "cash": 0.7,
            "stock": 0.3
        },
        "2010-06-18": {
            "cash": 1.19,
            "stock": 0
        },
        "2011-04-13": {
            "cash": 1,
            "stock": 0
        },
        "2012-06-06": {
            "cash": 0.2,
            "stock": 0
        },
        "2013-06-10": {
            "cash": 1.2,
            "stock": 0
        },
        "2014-06-18": {
            "cash": 1,
            "stock": 0
        },
        "2015-08-05": {
            "cash": 1.2,
            "stock": 0
        },
        "2016-09-23": {
            "cash": 1.3,
            "stock": 0
        },
        "2017-08-08": {
            "cash": 3.5,
            "stock": 0
        },
        "2018-08-23": {
            "cash": 3,
            "stock": 0
        },
        "2019-08-23": {
            "cash": 4.5,
            "stock": 0
        },
        "2020-08-21": {
            "cash": 2.5,
            "stock": 0
        },
        "2021-08-23": {
            "cash": 2.5,
            "stock": 0
        },
        "2022-08-19": {
            "cash": 2,
            "stock": 0
        },
        "2023-08-23": {
            "cash": 3,
            "stock": 0
        }
    },
    "prices": {
        "200101": "無",
        "200102": "無",
        "200103": "無",
        "200104": "無",
        "200105": "無",
        "200106": "無",
        "200107": "無",
        "200108": "無",
        "200109": "無",
        "200110": "無",
        "200111": "無",
        "200112": "無",
        "200201": "無",
        "200202": "無",
        "200203": "無",
        "200204": "無",
        "200205": "無",
        "200206": "無",
        "200207": "無",
        "200208": "無",
        "200209": "無",
        "200210": "無",
        "200211": "無",
        "200212": "無",
        "200301": "無",
        "200302": "無",
        "200303": "無",
        "200304": "無",
        "200305": "無",
        "200306": "無",
        "200307": "無",
        "200308": "無",
        "200309": "無",
        "200310": "無",
        "200311": "無",
        "200312": "無",
        "200401": "無",
        "200402": "無",
        "200403": "無",
        "200404": "無",
        "200405": "無",
        "200406": "無",
        "200407": "無",
        "200408": "無",
        "200409": "無",
        "200410": "無",
        "200411": "無",
        "200412": "無",
        "200501": "無",
        "200502": "無",
        "200503": "無",
        "200504": "無",
        "200505": "無",
        "200506": "無",
        "200507": "無",
        "200508": "無",
        "200509": "無",
        "200510": "無",
        "200511": "無",
        "200512": "無",
        "200601": "無",
        "200602": "無",
        "200603": "無",
        "200604": "無",
        "200605": "無",
        "200606": "無",
        "200607": "無",
        "200608": "無",
        "200609": "無",
        "200610": "無",
        "200611": "無",
        "200612": "無",
        "200701": "136.50",
        "200702": "137.63",
        "200703": "145.94",
        "200704": "147.86",
        "200705": "150.46",
        "200706": "170.40",
        "200707": "182.57",
        "200708": "142.50",
        "200709": "138.95",
        "200710": "135.97",
        "200711": "127.40",
        "200712": "110.28",
        "200801": "102.22",
        "200802": "94.56",
        "200803": "76.27",
        "200804": "78.25",
        "200805": "70.82",
        "200806": "55.28",
        "200807": "43.35",
        "200808": "41.09",
        "200809": "30.41",
        "200810": "25.99",
        "200811": "22.82",
        "200812": "19.70",
        "200901": "19.40",
        "200902": "19.81",
        "200903": "25.70",
        "200904": "29.29",
        "200905": "30.73",
        "200906": "29.29",
        "200907": "33.72",
        "200908": "32.81",
        "200909": "36.53",
        "200910": "44.22",
        "200911": "43.90",
        "200912": "53.47",
        "201001": "51.85",
        "201002": "43.92",
        "201003": "48.20",
        "201004": "50.71",
        "201005": "45.48",
        "201006": "42.68",
        "201007": "42.59",
        "201008": "40.97",
        "201009": "41.94",
        "201010": "40.41",
        "201011": "34.09",
        "201012": "34.06",
        "201101": "32.32",
        "201102": "30.28",
        "201103": "29.50",
        "201104": "27.53",
        "201105": "24.33",
        "201106": "22.54",
        "201107": "20.78",
        "201108": "18.68",
        "201109": "17.85",
        "201110": "18.80",
        "201111": "18.20",
        "201112": "16.60",
        "201201": "17.75",
        "201202": "21.60",
        "201203": "21.58",
        "201204": "19.92",
        "201205": "23.04",
        "201206": "27.41",
        "201207": "32.30",
        "201208": "36.98",
        "201209": "34.29",
        "201210": "30.28",
        "201211": "25.93",
        "201212": "29.68",
        "201301": "29.53",
        "201302": "29.21",
        "201303": "28.66",
        "201304": "26.23",
        "201305": "26.36",
        "201306": "27.64",
        "201307": "26.95",
        "201308": "25.13",
        "201309": "25.28",
        "201310": "26.03",
        "201311": "27.80",
        "201312": "29.31",
        "201401": "31.90",
        "201402": "30.75",
        "201403": "31.56",
        "201404": "36.93",
        "201405": "45.88",
        "201406": "54.18",
        "201407": "49.82",
        "201408": "46.38",
        "201409": "43.89",
        "201410": "36.52",
        "201411": "35.78",
        "201412": "37.72",
        "201501": "36.68",
        "201502": "35.57",
        "201503": "36.01",
        "201504": "35.50",
        "201505": "29.13",
        "201506": "24.51",
        "201507": "21.97",
        "201508": "19.66",
        "201509": "22.34",
        "201510": "29.61",
        "201511": "36.89",
        "201512": "34.25",
        "201601": "33.35",
        "201602": "41.71",
        "201603": "45.41",
        "201604": "45.01",
        "201605": "45.18",
        "201606": "61.03",
        "201607": "60.34",
        "201608": "74.94",
        "201609": "70.42",
        "201610": "61.55",
        "201611": "61.36",
        "201612": "61.24",
        "201701": "63.06",
        "201702": "66.47",
        "201703": "60.37",
        "201704": "54.45",
        "201705": "59.24",
        "201706": "60.63",
        "201707": "58.59",
        "201708": "59.47",
        "201709": "55.31",
        "201710": "53.87",
        "201711": "53.02",
        "201712": "50.84",
        "201801": "50.85",
        "201802": "47.98",
        "201803": "52.27",
        "201804": "49.89",
        "201805": "47.61",
        "201806": "49.91",
        "201807": "49.38",
        "201808": "51.14",
        "201809": "47.80",
        "201810": "43.79",
        "201811": "48.08",
        "201812": "53.88",
        "201901": "62.37",
        "201902": "71.43",
        "201903": "72.51",
        "201904": "70.42",
        "201905": "65.42",
        "201906": "65.31",
        "201907": "69.97",
        "201908": "69.01",
        "201909": "69.84",
        "201910": "68.70",
        "201911": "79.20",
        "201912": "82.23",
        "202001": "90.96",
        "202002": "82.81",
        "202003": "69.01",
        "202004": "67.46",
        "202005": "65.27",
        "202006": "63.69",
        "202007": "64.35",
        "202008": "64.08",
        "202009": "69.05",
        "202010": "67.72",
        "202011": "69.28",
        "202012": "70.07",
        "202101": "74.56",
        "202102": "72.66",
        "202103": "77.26",
        "202104": "83.33",
        "202105": "70.14",
        "202106": "75.69",
        "202107": "74.24",
        "202108": "63.50",
        "202109": "62.87",
        "202110": "54.46",
        "202111": "55.88",
        "202112": "62.39",
        "202201": "66.98",
        "202202": "75.08",
        "202203": "73.32",
        "202204": "66.41",
        "202205": "64.30",
        "202206": "65.11",
        "202207": "58.13",
        "202208": "63.33",
        "202209": "64.39",
        "202210": "54.88",
        "202211": "59.14",
        "202212": "59.40",
        "202301": "61.32",
        "202302": "66.08",
        "202303": "66.74",
        "202304": "68.74",
        "202305": "72.02",
        "202306": "75.45",
        "202307": "74.09",
        "202308": "82.24",
        "202309": "127.12",
        "202310": "143.58",
        "202311": "198.11",
        "202312": "212.45"
    },
    "quarters": {
        "20011": {
            "year_quarter": 20011,
            "year": 2001,
            "quarter": 1,
            "eps": null,
            "eps_growth_year": null,
            "eps_4q": null,
            "eps_4q_growth_year": null,
            "roe": null,
            "roe_4q": 0,
            "gross_profit": null,
            "gross_margin": null,
            "gross_margin_4q_avg": 0,
            "net_income": null,
            "net_income_4q": null,
            "revenue": null,
            "revenue_4q": null,
            "common_shares": null,
            "book_valuer_per_share": null,
            "book_valuer_per_share_4q_avg": 0,
            "equity": null,
            "current_ratio": null,
            "debt_ratio": null,
            "inventory_turnover_ratio": null,
            "account_receivable_turnover_ratio": null,
            "reinvestment_rate": null,
            "research_to_sale_ratio": null,
            "price_fair": 0,
            "eps_avg_yearly": 0,
            "eps_latest_yearly": 0,
            "eps_growth_yearly": 0
        },
        "20012": {
            "year_quarter": 20012,
            "year": 2001,
            "quarter": 2,
            "eps": null,
            "eps_growth_year": null,
            "eps_4q": null,
            "eps_4q_growth_year": null,
            "roe": null,
            "roe_4q": 0,
            "gross_profit": null,
            "gross_margin": null,
            "gross_margin_4q_avg": 0,
            "net_income": null,
            "net_income_4q": null,
            "revenue": null,
            "revenue_4q": null,
            "common_shares": null,
            "book_valuer_per_share": null,
            "book_valuer_per_share_4q_avg": 0,
            "equity": null,
            "current_ratio": null,
            "debt_ratio": null,
            "inventory_turnover_ratio": null,
            "account_receivable_turnover_ratio": null,
            "reinvestment_rate": null,
            "research_to_sale_ratio": null,
            "price_fair": 0,
            "eps_avg_yearly": 0,
            "eps_latest_yearly": 0,
            "eps_growth_yearly": 0
        },
        "20013": {
            "year_quarter": 20013,
            "year": 2001,
            "quarter": 3,
            "eps": null,
            "eps_growth_year": null,
            "eps_4q": null,
            "eps_4q_growth_year": null,
            "roe": null,
            "roe_4q": 0,
            "gross_profit": null,
            "gross_margin": null,
            "gross_margin_4q_avg": 0,
            "net_income": null,
            "net_income_4q": null,
            "revenue": null,
            "revenue_4q": null,
            "common_shares": null,
            "book_valuer_per_share": null,
            "book_valuer_per_share_4q_avg": 0,
            "equity": null,
            "current_ratio": null,
            "debt_ratio": null,
            "inventory_turnover_ratio": null,
            "account_receivable_turnover_ratio": null,
            "reinvestment_rate": null,
            "research_to_sale_ratio": null,
            "price_fair": 0,
            "eps_avg_yearly": 0,
            "eps_latest_yearly": 0,
            "eps_growth_yearly": 0
        },
        "20014": {
            "year_quarter": 20014,
            "year": 2001,
            "quarter": 4,
            "eps": null,
            "eps_growth_year": null,
            "eps_4q": null,
            "eps_4q_growth_year": null,
            "roe": null,
            "roe_4q": 0,
            "gross_profit": null,
            "gross_margin": null,
            "gross_margin_4q_avg": 0,
            "net_income": null,
            "net_income_4q": null,
            "revenue": null,
            "revenue_4q": null,
            "common_shares": null,
            "book_valuer_per_share": null,
            "book_valuer_per_share_4q_avg": 0,
            "equity": null,
            "current_ratio": null,
            "debt_ratio": null,
            "inventory_turnover_ratio": null,
            "account_receivable_turnover_ratio": null,
            "reinvestment_rate": null,
            "research_to_sale_ratio": null,
            "price_fair": 0,
            "eps_avg_yearly": 0,
            "eps_latest_yearly": 0,
            "eps_growth_yearly": 0
        },
        "20021": {
            "year_quarter": 20021,
            "year": 2002,
            "quarter": 1,
            "eps": null,
            "eps_growth_year": null,
            "eps_4q": null,
            "eps_4q_growth_year": null,
            "roe": null,
            "roe_4q": 0,
            "gross_profit": null,
            "gross_margin": null,
            "gross_margin_4q_avg": 0,
            "net_income": null,
            "net_income_4q": null,
            "revenue": null,
            "revenue_4q": null,
            "common_shares": null,
            "book_valuer_per_share": null,
            "book_valuer_per_share_4q_avg": 0,
            "equity": null,
            "current_ratio": null,
            "debt_ratio": null,
            "inventory_turnover_ratio": null,
            "account_receivable_turnover_ratio": null,
            "reinvestment_rate": null,
            "research_to_sale_ratio": null,
            "price_fair": 0,
            "eps_avg_yearly": 0,
            "eps_latest_yearly": 0,
            "eps_growth_yearly": 0
        },
        "20022": {
            "year_quarter": 20022,
            "year": 2002,
            "quarter": 2,
            "eps": null,
            "eps_growth_year": null,
            "eps_4q": null,
            "eps_4q_growth_year": null,
            "roe": null,
            "roe_4q": 0,
            "gross_profit": null,
            "gross_margin": null,
            "gross_margin_4q_avg": 0,
            "net_income": null,
            "net_income_4q": null,
            "revenue": null,
            "revenue_4q": null,
            "common_shares": null,
            "book_valuer_per_share": null,
            "book_valuer_per_share_4q_avg": 0,
            "equity": null,
            "current_ratio": null,
            "debt_ratio": null,
            "inventory_turnover_ratio": null,
            "account_receivable_turnover_ratio": null,
            "reinvestment_rate": null,
            "research_to_sale_ratio": null,
            "price_fair": 0,
            "eps_avg_yearly": 0,
            "eps_latest_yearly": 0,
            "eps_growth_yearly": 0
        },
        "20023": {
            "year_quarter": 20023,
            "year": 2002,
            "quarter": 3,
            "eps": null,
            "eps_growth_year": null,
            "eps_4q": null,
            "eps_4q_growth_year": null,
            "roe": null,
            "roe_4q": 0,
            "gross_profit": null,
            "gross_margin": null,
            "gross_margin_4q_avg": 0,
            "net_income": null,
            "net_income_4q": null,
            "revenue": null,
            "revenue_4q": null,
            "common_shares": null,
            "book_valuer_per_share": null,
            "book_valuer_per_share_4q_avg": 0,
            "equity": null,
            "current_ratio": null,
            "debt_ratio": null,
            "inventory_turnover_ratio": null,
            "account_receivable_turnover_ratio": null,
            "reinvestment_rate": null,
            "research_to_sale_ratio": null,
            "price_fair": 0,
            "eps_avg_yearly": 0,
            "eps_latest_yearly": 0,
            "eps_growth_yearly": 0
        },
        "20024": {
            "year_quarter": 20024,
            "year": 2002,
            "quarter": 4,
            "eps": null,
            "eps_growth_year": null,
            "eps_4q": null,
            "eps_4q_growth_year": null,
            "roe": null,
            "roe_4q": 0,
            "gross_profit": null,
            "gross_margin": null,
            "gross_margin_4q_avg": 0,
            "net_income": null,
            "net_income_4q": null,
            "revenue": null,
            "revenue_4q": null,
            "common_shares": null,
            "book_valuer_per_share": null,
            "book_valuer_per_share_4q_avg": 0,
            "equity": null,
            "current_ratio": null,
            "debt_ratio": null,
            "inventory_turnover_ratio": null,
            "account_receivable_turnover_ratio": null,
            "reinvestment_rate": null,
            "research_to_sale_ratio": null,
            "price_fair": 0,
            "eps_avg_yearly": 0,
            "eps_latest_yearly": 0,
            "eps_growth_yearly": 0
        },
        "20031": {
            "year_quarter": 20031,
            "year": 2003,
            "quarter": 1,
            "eps": null,
            "eps_growth_year": null,
            "eps_4q": null,
            "eps_4q_growth_year": null,
            "roe": null,
            "roe_4q": 0,
            "gross_profit": null,
            "gross_margin": null,
            "gross_margin_4q_avg": 0,
            "net_income": null,
            "net_income_4q": null,
            "revenue": null,
            "revenue_4q": null,
            "common_shares": null,
            "book_valuer_per_share": null,
            "book_valuer_per_share_4q_avg": 0,
            "equity": null,
            "current_ratio": null,
            "debt_ratio": null,
            "inventory_turnover_ratio": null,
            "account_receivable_turnover_ratio": null,
            "reinvestment_rate": null,
            "research_to_sale_ratio": null,
            "price_fair": 0,
            "eps_avg_yearly": 0,
            "eps_latest_yearly": 0,
            "eps_growth_yearly": 0
        },
        "20032": {
            "year_quarter": 20032,
            "year": 2003,
            "quarter": 2,
            "eps": null,
            "eps_growth_year": null,
            "eps_4q": null,
            "eps_4q_growth_year": null,
            "roe": null,
            "roe_4q": 0,
            "gross_profit": null,
            "gross_margin": null,
            "gross_margin_4q_avg": 0,
            "net_income": null,
            "net_income_4q": null,
            "revenue": null,
            "revenue_4q": null,
            "common_shares": null,
            "book_valuer_per_share": null,
            "book_valuer_per_share_4q_avg": 0,
            "equity": null,
            "current_ratio": null,
            "debt_ratio": null,
            "inventory_turnover_ratio": null,
            "account_receivable_turnover_ratio": null,
            "reinvestment_rate": null,
            "research_to_sale_ratio": null,
            "price_fair": 0,
            "eps_avg_yearly": 0,
            "eps_latest_yearly": 0,
            "eps_growth_yearly": 0
        },
        "20033": {
            "year_quarter": 20033,
            "year": 2003,
            "quarter": 3,
            "eps": null,
            "eps_growth_year": null,
            "eps_4q": null,
            "eps_4q_growth_year": null,
            "roe": null,
            "roe_4q": 0,
            "gross_profit": null,
            "gross_margin": null,
            "gross_margin_4q_avg": 0,
            "net_income": null,
            "net_income_4q": null,
            "revenue": null,
            "revenue_4q": null,
            "common_shares": null,
            "book_valuer_per_share": null,
            "book_valuer_per_share_4q_avg": 0,
            "equity": null,
            "current_ratio": null,
            "debt_ratio": null,
            "inventory_turnover_ratio": null,
            "account_receivable_turnover_ratio": null,
            "reinvestment_rate": null,
            "research_to_sale_ratio": null,
            "price_fair": 0,
            "eps_avg_yearly": 0,
            "eps_latest_yearly": 0,
            "eps_growth_yearly": 0
        },
        "20034": {
            "year_quarter": 20034,
            "year": 2003,
            "quarter": 4,
            "eps": null,
            "eps_growth_year": null,
            "eps_4q": null,
            "eps_4q_growth_year": null,
            "roe": null,
            "roe_4q": 0,
            "gross_profit": null,
            "gross_margin": null,
            "gross_margin_4q_avg": 0,
            "net_income": null,
            "net_income_4q": null,
            "revenue": null,
            "revenue_4q": null,
            "common_shares": null,
            "book_valuer_per_share": null,
            "book_valuer_per_share_4q_avg": 0,
            "equity": null,
            "current_ratio": null,
            "debt_ratio": null,
            "inventory_turnover_ratio": null,
            "account_receivable_turnover_ratio": null,
            "reinvestment_rate": null,
            "research_to_sale_ratio": null,
            "price_fair": 0,
            "eps_avg_yearly": 0,
            "eps_latest_yearly": 0,
            "eps_growth_yearly": 0
        },
        "20041": {
            "year_quarter": 20041,
            "year": 2004,
            "quarter": 1,
            "eps": null,
            "eps_growth_year": null,
            "eps_4q": null,
            "eps_4q_growth_year": null,
            "roe": null,
            "roe_4q": 0,
            "gross_profit": null,
            "gross_margin": null,
            "gross_margin_4q_avg": 0,
            "net_income": null,
            "net_income_4q": null,
            "revenue": null,
            "revenue_4q": null,
            "common_shares": null,
            "book_valuer_per_share": null,
            "book_valuer_per_share_4q_avg": 0,
            "equity": null,
            "current_ratio": null,
            "debt_ratio": null,
            "inventory_turnover_ratio": null,
            "account_receivable_turnover_ratio": null,
            "reinvestment_rate": null,
            "research_to_sale_ratio": null,
            "price_fair": 0,
            "eps_avg_yearly": 0,
            "eps_latest_yearly": 0,
            "eps_growth_yearly": 0
        },
        "20042": {
            "year_quarter": 20042,
            "year": 2004,
            "quarter": 2,
            "eps": null,
            "eps_growth_year": null,
            "eps_4q": null,
            "eps_4q_growth_year": null,
            "roe": null,
            "roe_4q": 0,
            "gross_profit": null,
            "gross_margin": null,
            "gross_margin_4q_avg": 0,
            "net_income": null,
            "net_income_4q": null,
            "revenue": null,
            "revenue_4q": null,
            "common_shares": null,
            "book_valuer_per_share": null,
            "book_valuer_per_share_4q_avg": 0,
            "equity": null,
            "current_ratio": null,
            "debt_ratio": null,
            "inventory_turnover_ratio": null,
            "account_receivable_turnover_ratio": null,
            "reinvestment_rate": null,
            "research_to_sale_ratio": null,
            "price_fair": 0,
            "eps_avg_yearly": 0,
            "eps_latest_yearly": 0,
            "eps_growth_yearly": 0
        },
        "20043": {
            "year_quarter": 20043,
            "year": 2004,
            "quarter": 3,
            "eps": null,
            "eps_growth_year": null,
            "eps_4q": null,
            "eps_4q_growth_year": null,
            "roe": null,
            "roe_4q": 0,
            "gross_profit": null,
            "gross_margin": null,
            "gross_margin_4q_avg": 0,
            "net_income": null,
            "net_income_4q": null,
            "revenue": null,
            "revenue_4q": null,
            "common_shares": null,
            "book_valuer_per_share": null,
            "book_valuer_per_share_4q_avg": 0,
            "equity": null,
            "current_ratio": null,
            "debt_ratio": null,
            "inventory_turnover_ratio": null,
            "account_receivable_turnover_ratio": null,
            "reinvestment_rate": null,
            "research_to_sale_ratio": null,
            "price_fair": 0,
            "eps_avg_yearly": 0,
            "eps_latest_yearly": 0,
            "eps_growth_yearly": 0
        },
        "20044": {
            "year_quarter": 20044,
            "year": 2004,
            "quarter": 4,
            "eps": null,
            "eps_growth_year": null,
            "eps_4q": null,
            "eps_4q_growth_year": null,
            "roe": null,
            "roe_4q": 0,
            "gross_profit": null,
            "gross_margin": null,
            "gross_margin_4q_avg": 0,
            "net_income": null,
            "net_income_4q": null,
            "revenue": null,
            "revenue_4q": null,
            "common_shares": 120000,
            "book_valuer_per_share": 15.66,
            "book_valuer_per_share_4q_avg": 3.92,
            "equity": 187918,
            "current_ratio": 130.45,
            "debt_ratio": 58.77,
            "inventory_turnover_ratio": null,
            "account_receivable_turnover_ratio": null,
            "reinvestment_rate": null,
            "research_to_sale_ratio": null,
            "price_fair": 0,
            "eps_avg_yearly": 0,
            "eps_latest_yearly": 0,
            "eps_growth_yearly": 0
        },
        "20051": {
            "year_quarter": 20051,
            "year": 2005,
            "quarter": 1,
            "eps": null,
            "eps_growth_year": null,
            "eps_4q": null,
            "eps_4q_growth_year": null,
            "roe": null,
            "roe_4q": 0,
            "gross_profit": null,
            "gross_margin": null,
            "gross_margin_4q_avg": 0,
            "net_income": null,
            "net_income_4q": null,
            "revenue": null,
            "revenue_4q": null,
            "common_shares": null,
            "book_valuer_per_share": null,
            "book_valuer_per_share_4q_avg": 3.92,
            "equity": null,
            "current_ratio": null,
            "debt_ratio": null,
            "inventory_turnover_ratio": null,
            "account_receivable_turnover_ratio": null,
            "reinvestment_rate": null,
            "research_to_sale_ratio": null,
            "price_fair": 0,
            "eps_avg_yearly": 0,
            "eps_latest_yearly": 0,
            "eps_growth_yearly": 0
        },
        "20052": {
            "year_quarter": 20052,
            "year": 2005,
            "quarter": 2,
            "eps": null,
            "eps_growth_year": null,
            "eps_4q": null,
            "eps_4q_growth_year": null,
            "roe": null,
            "roe_4q": 0,
            "gross_profit": null,
            "gross_margin": null,
            "gross_margin_4q_avg": 0,
            "net_income": null,
            "net_income_4q": null,
            "revenue": null,
            "revenue_4q": null,
            "common_shares": null,
            "book_valuer_per_share": null,
            "book_valuer_per_share_4q_avg": 3.92,
            "equity": null,
            "current_ratio": null,
            "debt_ratio": null,
            "inventory_turnover_ratio": null,
            "account_receivable_turnover_ratio": null,
            "reinvestment_rate": null,
            "research_to_sale_ratio": null,
            "price_fair": 0,
            "eps_avg_yearly": 0,
            "eps_latest_yearly": 0,
            "eps_growth_yearly": 0
        },
        "20053": {
            "year_quarter": 20053,
            "year": 2005,
            "quarter": 3,
            "eps": null,
            "eps_growth_year": null,
            "eps_4q": null,
            "eps_4q_growth_year": null,
            "roe": null,
            "roe_4q": 0,
            "gross_profit": null,
            "gross_margin": null,
            "gross_margin_4q_avg": 0,
            "net_income": null,
            "net_income_4q": null,
            "revenue": null,
            "revenue_4q": null,
            "common_shares": null,
            "book_valuer_per_share": null,
            "book_valuer_per_share_4q_avg": 3.92,
            "equity": null,
            "current_ratio": null,
            "debt_ratio": null,
            "inventory_turnover_ratio": null,
            "account_receivable_turnover_ratio": null,
            "reinvestment_rate": null,
            "research_to_sale_ratio": null,
            "price_fair": 0,
            "eps_avg_yearly": 0,
            "eps_latest_yearly": 0,
            "eps_growth_yearly": 0
        },
        "20054": {
            "year_quarter": 20054,
            "year": 2005,
            "quarter": 4,
            "eps": null,
            "eps_growth_year": null,
            "eps_4q": null,
            "eps_4q_growth_year": null,
            "roe": null,
            "roe_4q": 0,
            "gross_profit": null,
            "gross_margin": null,
            "gross_margin_4q_avg": 0,
            "net_income": null,
            "net_income_4q": null,
            "revenue": null,
            "revenue_4q": null,
            "common_shares": 250000,
            "book_valuer_per_share": 23.8,
            "book_valuer_per_share_4q_avg": 5.95,
            "equity": 594977,
            "current_ratio": 216.24,
            "debt_ratio": 39.46,
            "inventory_turnover_ratio": null,
            "account_receivable_turnover_ratio": null,
            "reinvestment_rate": null,
            "research_to_sale_ratio": null,
            "price_fair": 0,
            "eps_avg_yearly": 0,
            "eps_latest_yearly": 0,
            "eps_growth_yearly": 0
        },
        "20061": {
            "year_quarter": 20061,
            "year": 2006,
            "quarter": 1,
            "eps": null,
            "eps_growth_year": null,
            "eps_4q": null,
            "eps_4q_growth_year": null,
            "roe": null,
            "roe_4q": 0,
            "gross_profit": null,
            "gross_margin": null,
            "gross_margin_4q_avg": 0,
            "net_income": null,
            "net_income_4q": null,
            "revenue": null,
            "revenue_4q": null,
            "common_shares": null,
            "book_valuer_per_share": null,
            "book_valuer_per_share_4q_avg": 5.95,
            "equity": null,
            "current_ratio": null,
            "debt_ratio": null,
            "inventory_turnover_ratio": null,
            "account_receivable_turnover_ratio": null,
            "reinvestment_rate": null,
            "research_to_sale_ratio": null,
            "price_fair": 0,
            "eps_avg_yearly": 0,
            "eps_latest_yearly": 0,
            "eps_growth_yearly": 0
        },
        "20062": {
            "year_quarter": 20062,
            "year": 2006,
            "quarter": 2,
            "eps": null,
            "eps_growth_year": null,
            "eps_4q": null,
            "eps_4q_growth_year": null,
            "roe": null,
            "roe_4q": 0,
            "gross_profit": null,
            "gross_margin": null,
            "gross_margin_4q_avg": 0,
            "net_income": null,
            "net_income_4q": null,
            "revenue": null,
            "revenue_4q": null,
            "common_shares": null,
            "book_valuer_per_share": null,
            "book_valuer_per_share_4q_avg": 5.95,
            "equity": null,
            "current_ratio": null,
            "debt_ratio": null,
            "inventory_turnover_ratio": null,
            "account_receivable_turnover_ratio": null,
            "reinvestment_rate": null,
            "research_to_sale_ratio": null,
            "price_fair": 0,
            "eps_avg_yearly": 0,
            "eps_latest_yearly": 0,
            "eps_growth_yearly": 0
        },
        "20063": {
            "year_quarter": 20063,
            "year": 2006,
            "quarter": 3,
            "eps": 3.07,
            "eps_growth_year": null,
            "eps_4q": null,
            "eps_4q_growth_year": null,
            "roe": 7.38,
            "roe_4q": 7.38,
            "gross_profit": 89354,
            "gross_margin": 27.65,
            "gross_margin_4q_avg": 6.91,
            "net_income": 87971,
            "net_income_4q": null,
            "revenue": 323218,
            "revenue_4q": null,
            "common_shares": 338000,
            "book_valuer_per_share": 35.27,
            "book_valuer_per_share_4q_avg": 14.77,
            "equity": 1192089,
            "current_ratio": 232.84,
            "debt_ratio": 32.76,
            "inventory_turnover_ratio": 5.48,
            "account_receivable_turnover_ratio": null,
            "reinvestment_rate": null,
            "research_to_sale_ratio": null,
            "price_fair": 0,
            "eps_avg_yearly": 0,
            "eps_latest_yearly": 0,
            "eps_growth_yearly": 0
        },
        "20064": {
            "year_quarter": 20064,
            "year": 2006,
            "quarter": 4,
            "eps": 2.93,
            "eps_growth_year": null,
            "eps_4q": null,
            "eps_4q_growth_year": null,
            "roe": 7.09,
            "roe_4q": 14.469999999999999,
            "gross_profit": 92595,
            "gross_margin": 27.97,
            "gross_margin_4q_avg": 13.91,
            "net_income": 87844,
            "net_income_4q": null,
            "revenue": 331062,
            "revenue_4q": null,
            "common_shares": 338000,
            "book_valuer_per_share": 38.09,
            "book_valuer_per_share_4q_avg": 18.34,
            "equity": 1287495,
            "current_ratio": 221.45,
            "debt_ratio": 42.96,
            "inventory_turnover_ratio": 2.3,
            "account_receivable_turnover_ratio": null,
            "reinvestment_rate": null,
            "research_to_sale_ratio": null,
            "price_fair": 35.16,
            "eps_avg_yearly": 11.72,
            "eps_latest_yearly": 11.72,
            "eps_growth_yearly": -18.24
        },
        "20071": {
            "year_quarter": 20071,
            "year": 2007,
            "quarter": 1,
            "eps": 3.41,
            "eps_growth_year": null,
            "eps_4q": null,
            "eps_4q_growth_year": null,
            "roe": 8.52,
            "roe_4q": 22.99,
            "gross_profit": 78281,
            "gross_margin": 22.77,
            "gross_margin_4q_avg": 19.6,
            "net_income": 115120,
            "net_income_4q": null,
            "revenue": 343735,
            "revenue_4q": null,
            "common_shares": 338000,
            "book_valuer_per_share": 41.85,
            "book_valuer_per_share_4q_avg": 28.8,
            "equity": 1414580,
            "current_ratio": 238.25,
            "debt_ratio": 30.65,
            "inventory_turnover_ratio": 2.55,
            "account_receivable_turnover_ratio": null,
            "reinvestment_rate": null,
            "research_to_sale_ratio": null,
            "price_fair": 426.61,
            "eps_avg_yearly": 12.68,
            "eps_latest_yearly": 13.64,
            "eps_growth_yearly": 23.64
        },
        "20072": {
            "year_quarter": 20072,
            "year": 2007,
            "quarter": 2,
            "eps": 1.47,
            "eps_growth_year": null,
            "eps_4q": 8.59,
            "eps_4q_growth_year": null,
            "roe": 4.24,
            "roe_4q": 27.23,
            "gross_profit": 76432,
            "gross_margin": 20.95,
            "gross_margin_4q_avg": 24.84,
            "net_income": 60066,
            "net_income_4q": null,
            "revenue": 364797,
            "revenue_4q": null,
            "common_shares": 338000,
            "book_valuer_per_share": 41.89,
            "book_valuer_per_share_4q_avg": 39.28,
            "equity": 1415980,
            "current_ratio": 202.03,
            "debt_ratio": 33.88,
            "inventory_turnover_ratio": 7.38,
            "account_receivable_turnover_ratio": null,
            "reinvestment_rate": null,
            "research_to_sale_ratio": null,
            "price_fair": 31.24,
            "eps_avg_yearly": 10.41,
            "eps_latest_yearly": 5.88,
            "eps_growth_yearly": -60.09
        },
        "20073": {
            "year_quarter": 20073,
            "year": 2007,
            "quarter": 3,
            "eps": 2.1,
            "eps_growth_year": -31.6,
            "eps_4q": 8.51,
            "eps_4q_growth_year": null,
            "roe": 5.89,
            "roe_4q": 25.74,
            "gross_profit": 71187,
            "gross_margin": 17.42,
            "gross_margin_4q_avg": 22.28,
            "net_income": 86157,
            "net_income_4q": null,
            "revenue": 408594,
            "revenue_4q": null,
            "common_shares": 409600,
            "book_valuer_per_share": 36.87,
            "book_valuer_per_share_4q_avg": 39.68,
            "equity": 1510137,
            "current_ratio": 201.76,
            "debt_ratio": 33.62,
            "inventory_turnover_ratio": 7.95,
            "account_receivable_turnover_ratio": null,
            "reinvestment_rate": null,
            "research_to_sale_ratio": null,
            "price_fair": 29.73,
            "eps_avg_yearly": 9.91,
            "eps_latest_yearly": 8.4,
            "eps_growth_yearly": -2.21
        },
        "20074": {
            "year_quarter": 20074,
            "year": 2007,
            "quarter": 4,
            "eps": 2.1,
            "eps_growth_year": -28.33,
            "eps_4q": 8.47,
            "eps_4q_growth_year": null,
            "roe": 5.52,
            "roe_4q": 24.17,
            "gross_profit": 70828,
            "gross_margin": 17.35,
            "gross_margin_4q_avg": 19.62,
            "net_income": 86116,
            "net_income_4q": null,
            "revenue": 408321,
            "revenue_4q": null,
            "common_shares": 409600,
            "book_valuer_per_share": 39.36,
            "book_valuer_per_share_4q_avg": 39.99,
            "equity": 1612246,
            "current_ratio": 215.03,
            "debt_ratio": 45.69,
            "inventory_turnover_ratio": 2.14,
            "account_receivable_turnover_ratio": null,
            "reinvestment_rate": null,
            "research_to_sale_ratio": null,
            "price_fair": 28.82,
            "eps_avg_yearly": 9.61,
            "eps_latest_yearly": 8.4,
            "eps_growth_yearly": -1.77
        },
        "20081": {
            "year_quarter": 20081,
            "year": 2008,
            "quarter": 1,
            "eps": 0.23,
            "eps_growth_year": -93.26,
            "eps_4q": 5.8,
            "eps_4q_growth_year": null,
            "roe": 0.54,
            "roe_4q": 16.189999999999998,
            "gross_profit": 110486,
            "gross_margin": 15.83,
            "gross_margin_4q_avg": 17.89,
            "net_income": 9590,
            "net_income_4q": null,
            "revenue": 697776,
            "revenue_4q": null,
            "common_shares": 459700,
            "book_valuer_per_share": 41.82,
            "book_valuer_per_share_4q_avg": 39.99,
            "equity": 1922664,
            "current_ratio": 263.59,
            "debt_ratio": 38.2,
            "inventory_turnover_ratio": 2.33,
            "account_receivable_turnover_ratio": null,
            "reinvestment_rate": null,
            "research_to_sale_ratio": null,
            "price_fair": 24.48,
            "eps_avg_yearly": 8.16,
            "eps_latest_yearly": 0.92,
            "eps_growth_yearly": -60.84
        },
        "20082": {
            "year_quarter": 20082,
            "year": 2008,
            "quarter": 2,
            "eps": 0.55,
            "eps_growth_year": -62.58,
            "eps_4q": 4.74,
            "eps_4q_growth_year": -44.8,
            "roe": 1.28,
            "roe_4q": 13.23,
            "gross_profit": 133262,
            "gross_margin": 17.91,
            "gross_margin_4q_avg": 17.13,
            "net_income": 23861,
            "net_income_4q": null,
            "revenue": 744015,
            "revenue_4q": null,
            "common_shares": 459700,
            "book_valuer_per_share": 39.3,
            "book_valuer_per_share_4q_avg": 39.34,
            "equity": 1806585,
            "current_ratio": 226.71,
            "debt_ratio": 42.59,
            "inventory_turnover_ratio": 2.53,
            "account_receivable_turnover_ratio": null,
            "reinvestment_rate": null,
            "research_to_sale_ratio": null,
            "price_fair": 255.8,
            "eps_avg_yearly": 7.31,
            "eps_latest_yearly": 2.2,
            "eps_growth_yearly": 27.35
        },
        "20083": {
            "year_quarter": 20083,
            "year": 2008,
            "quarter": 3,
            "eps": 1.86,
            "eps_growth_year": -11.43,
            "eps_4q": 4.39,
            "eps_4q_growth_year": -48.4,
            "roe": 4.64,
            "roe_4q": 11.98,
            "gross_profit": 157934,
            "gross_margin": 17.99,
            "gross_margin_4q_avg": 17.27,
            "net_income": 87839,
            "net_income_4q": null,
            "revenue": 877981,
            "revenue_4q": null,
            "common_shares": 487685,
            "book_valuer_per_share": 40.66,
            "book_valuer_per_share_4q_avg": 40.29,
            "equity": 1982813,
            "current_ratio": 167.86,
            "debt_ratio": 49.41,
            "inventory_turnover_ratio": 2.32,
            "account_receivable_turnover_ratio": null,
            "reinvestment_rate": null,
            "research_to_sale_ratio": null,
            "price_fair": 256.38,
            "eps_avg_yearly": 7.33,
            "eps_latest_yearly": 7.44,
            "eps_growth_yearly": 143.03
        },
        "20084": {
            "year_quarter": 20084,
            "year": 2008,
            "quarter": 4,
            "eps": 0.69,
            "eps_growth_year": -67.14,
            "eps_4q": 3.26,
            "eps_4q_growth_year": -61.54,
            "roe": 1.62,
            "roe_4q": 8.08,
            "gross_profit": 118855,
            "gross_margin": 14.21,
            "gross_margin_4q_avg": 16.49,
            "net_income": 32626,
            "net_income_4q": null,
            "revenue": 836554,
            "revenue_4q": null,
            "common_shares": 487685,
            "book_valuer_per_share": 41.76,
            "book_valuer_per_share_4q_avg": 40.89,
            "equity": 2051635,
            "current_ratio": 186.93,
            "debt_ratio": 43.54,
            "inventory_turnover_ratio": 2.41,
            "account_receivable_turnover_ratio": 1.2,
            "reinvestment_rate": null,
            "research_to_sale_ratio": null,
            "price_fair": 238.62,
            "eps_avg_yearly": 6.82,
            "eps_latest_yearly": 2.76,
            "eps_growth_yearly": 99.18
        },
        "20091": {
            "year_quarter": 20091,
            "year": 2009,
            "quarter": 1,
            "eps": 0.53,
            "eps_growth_year": 130.43,
            "eps_4q": 3.58,
            "eps_4q_growth_year": -38.35,
            "roe": 1.21,
            "roe_4q": 8.75,
            "gross_profit": 86174,
            "gross_margin": 16.44,
            "gross_margin_4q_avg": 16.64,
            "net_income": 25215,
            "net_income_4q": null,
            "revenue": 524172,
            "revenue_4q": null,
            "common_shares": 485266,
            "book_valuer_per_share": 43.5,
            "book_valuer_per_share_4q_avg": 41.31,
            "equity": 2125066,
            "current_ratio": 244.97,
            "debt_ratio": 31.81,
            "inventory_turnover_ratio": 2.22,
            "account_receivable_turnover_ratio": 0.45,
            "reinvestment_rate": null,
            "research_to_sale_ratio": null,
            "price_fair": 222.18,
            "eps_avg_yearly": 6.35,
            "eps_latest_yearly": 2.12,
            "eps_growth_yearly": 79.98
        },
        "20092": {
            "year_quarter": 20092,
            "year": 2009,
            "quarter": 2,
            "eps": 0.58,
            "eps_growth_year": 5.45,
            "eps_4q": 3.64,
            "eps_4q_growth_year": -23.21,
            "roe": 1.32,
            "roe_4q": 8.79,
            "gross_profit": 114358,
            "gross_margin": 19.14,
            "gross_margin_4q_avg": 16.95,
            "net_income": 27777,
            "net_income_4q": null,
            "revenue": 597424,
            "revenue_4q": null,
            "common_shares": 485266,
            "book_valuer_per_share": 42.39,
            "book_valuer_per_share_4q_avg": 42.08,
            "equity": 2071181,
            "current_ratio": 227.25,
            "debt_ratio": 32.88,
            "inventory_turnover_ratio": 2.77,
            "account_receivable_turnover_ratio": 0.66,
            "reinvestment_rate": null,
            "research_to_sale_ratio": null,
            "price_fair": 209.36,
            "eps_avg_yearly": 5.98,
            "eps_latest_yearly": 2.32,
            "eps_growth_yearly": 76.14
        },
        "20093": {
            "year_quarter": 20093,
            "year": 2009,
            "quarter": 3,
            "eps": 1.16,
            "eps_growth_year": -37.63,
            "eps_4q": 2.91,
            "eps_4q_growth_year": -33.67,
            "roe": 2.77,
            "roe_4q": 6.92,
            "gross_profit": 174499,
            "gross_margin": 23.75,
            "gross_margin_4q_avg": 18.39,
            "net_income": 57495,
            "net_income_4q": null,
            "revenue": 734840,
            "revenue_4q": null,
            "common_shares": 500590,
            "book_valuer_per_share": 41.24,
            "book_valuer_per_share_4q_avg": 42.22,
            "equity": 2078088,
            "current_ratio": 208.51,
            "debt_ratio": 36.83,
            "inventory_turnover_ratio": 2.8,
            "account_receivable_turnover_ratio": 0.75,
            "reinvestment_rate": null,
            "research_to_sale_ratio": null,
            "price_fair": 205.45,
            "eps_avg_yearly": 5.87,
            "eps_latest_yearly": 4.64,
            "eps_growth_yearly": 103.13
        },
        "20094": {
            "year_quarter": 20094,
            "year": 2009,
            "quarter": 4,
            "eps": 0.93,
            "eps_growth_year": 34.78,
            "eps_4q": 3.15,
            "eps_4q_growth_year": -3.22,
            "roe": 2.2,
            "roe_4q": 7.500000000000001,
            "gross_profit": 196128,
            "gross_margin": 22.4,
            "gross_margin_4q_avg": 20.43,
            "net_income": 46071,
            "net_income_4q": null,
            "revenue": 875701,
            "revenue_4q": null,
            "common_shares": 500590,
            "book_valuer_per_share": 42.03,
            "book_valuer_per_share_4q_avg": 42.29,
            "equity": 2117738,
            "current_ratio": 200.48,
            "debt_ratio": 38.44,
            "inventory_turnover_ratio": 3.3,
            "account_receivable_turnover_ratio": 1.23,
            "reinvestment_rate": null,
            "research_to_sale_ratio": null,
            "price_fair": 199.66,
            "eps_avg_yearly": 5.7,
            "eps_latest_yearly": 3.72,
            "eps_growth_yearly": 89.1
        },
        "20101": {
            "year_quarter": 20101,
            "year": 2010,
            "quarter": 1,
            "eps": 0.88,
            "eps_growth_year": 66.04,
            "eps_4q": 3.5,
            "eps_4q_growth_year": -2.09,
            "roe": 2.04,
            "roe_4q": 8.33,
            "gross_profit": 166171,
            "gross_margin": 20.13,
            "gross_margin_4q_avg": 21.36,
            "net_income": 43584,
            "net_income_4q": null,
            "revenue": 825421,
            "revenue_4q": null,
            "common_shares": 503119,
            "book_valuer_per_share": 42.65,
            "book_valuer_per_share_4q_avg": 42.08,
            "equity": 2158782,
            "current_ratio": 199.38,
            "debt_ratio": 38.77,
            "inventory_turnover_ratio": 3.25,
            "account_receivable_turnover_ratio": 0.58,
            "reinvestment_rate": null,
            "research_to_sale_ratio": 4.45,
            "price_fair": 194.2,
            "eps_avg_yearly": 5.55,
            "eps_latest_yearly": 3.52,
            "eps_growth_yearly": 81.2
        },
        "20102": {
            "year_quarter": 20102,
            "year": 2010,
            "quarter": 2,
            "eps": 1.49,
            "eps_growth_year": 157.4,
            "eps_4q": 4.43,
            "eps_4q_growth_year": 21.78,
            "roe": 3.45,
            "roe_4q": 10.46,
            "gross_profit": 183324,
            "gross_margin": 20.44,
            "gross_margin_4q_avg": 21.68,
            "net_income": 75237,
            "net_income_4q": null,
            "revenue": 896976,
            "revenue_4q": null,
            "common_shares": 503528,
            "book_valuer_per_share": 43.52,
            "book_valuer_per_share_4q_avg": 42.36,
            "equity": 2204682,
            "current_ratio": 186.07,
            "debt_ratio": 41.55,
            "inventory_turnover_ratio": 3.12,
            "account_receivable_turnover_ratio": 0.61,
            "reinvestment_rate": 263.51,
            "research_to_sale_ratio": 5.93,
            "price_fair": 195.16,
            "eps_avg_yearly": 5.58,
            "eps_latest_yearly": 5.96,
            "eps_growth_yearly": 94.27
        },
        "20103": {
            "year_quarter": 20103,
            "year": 2010,
            "quarter": 3,
            "eps": 0.32,
            "eps_growth_year": -72.08,
            "eps_4q": 3.61,
            "eps_4q_growth_year": 23.86,
            "roe": 0.76,
            "roe_4q": 8.45,
            "gross_profit": 147060,
            "gross_margin": 18.3,
            "gross_margin_4q_avg": 20.32,
            "net_income": 16759,
            "net_income_4q": null,
            "revenue": 803729,
            "revenue_4q": null,
            "common_shares": 503726,
            "book_valuer_per_share": 43.37,
            "book_valuer_per_share_4q_avg": 42.89,
            "equity": 2198480,
            "current_ratio": 201.59,
            "debt_ratio": 37.61,
            "inventory_turnover_ratio": 2.69,
            "account_receivable_turnover_ratio": 0.56,
            "reinvestment_rate": 75.26,
            "research_to_sale_ratio": 5.92,
            "price_fair": 185.76,
            "eps_avg_yearly": 5.31,
            "eps_latest_yearly": 1.28,
            "eps_growth_yearly": 68.75
        },
        "20104": {
            "year_quarter": 20104,
            "year": 2010,
            "quarter": 4,
            "eps": -0.86,
            "eps_growth_year": -192.06,
            "eps_4q": 1.82,
            "eps_4q_growth_year": -42.14,
            "roe": -2,
            "roe_4q": 4.25,
            "gross_profit": 137904,
            "gross_margin": 16.86,
            "gross_margin_4q_avg": 18.93,
            "net_income": -42926,
            "net_income_4q": null,
            "revenue": 818159,
            "revenue_4q": null,
            "common_shares": 505472,
            "book_valuer_per_share": 41.09,
            "book_valuer_per_share_4q_avg": 42.66,
            "equity": 2091068,
            "current_ratio": 192.34,
            "debt_ratio": 39.08,
            "inventory_turnover_ratio": 2.53,
            "account_receivable_turnover_ratio": 0.65,
            "reinvestment_rate": 269.74,
            "research_to_sale_ratio": 5.84,
            "price_fair": 170.8,
            "eps_avg_yearly": 4.88,
            "eps_latest_yearly": 1.28,
            "eps_growth_yearly": 74.55
        },
        "20111": {
            "year_quarter": 20111,
            "year": 2011,
            "quarter": 1,
            "eps": 0.11,
            "eps_growth_year": -87.5,
            "eps_4q": 1.07,
            "eps_4q_growth_year": -69.58,
            "roe": 0.27,
            "roe_4q": 2.4800000000000004,
            "gross_profit": 98915,
            "gross_margin": 13.07,
            "gross_margin_4q_avg": 17.17,
            "net_income": 5769,
            "net_income_4q": null,
            "revenue": 757075,
            "revenue_4q": null,
            "common_shares": 505514,
            "book_valuer_per_share": 41.57,
            "book_valuer_per_share_4q_avg": 42.39,
            "equity": 2115500,
            "current_ratio": 191.79,
            "debt_ratio": 39.19,
            "inventory_turnover_ratio": 2.27,
            "account_receivable_turnover_ratio": 0.63,
            "reinvestment_rate": 328.58,
            "research_to_sale_ratio": 5.47,
            "price_fair": 148.9,
            "eps_avg_yearly": 4.25,
            "eps_latest_yearly": 1.28,
            "eps_growth_yearly": 75.19
        },
        "20112": {
            "year_quarter": 20112,
            "year": 2011,
            "quarter": 2,
            "eps": -0.75,
            "eps_growth_year": -150.16,
            "eps_4q": -1.17,
            "eps_4q_growth_year": -126.4,
            "roe": -1.84,
            "roe_4q": -2.8100000000000005,
            "gross_profit": 78626,
            "gross_margin": 9.41,
            "gross_margin_4q_avg": 14.41,
            "net_income": -38054,
            "net_income_4q": null,
            "revenue": 835782,
            "revenue_4q": null,
            "common_shares": 505514,
            "book_valuer_per_share": 39.57,
            "book_valuer_per_share_4q_avg": 41.4,
            "equity": 2014028,
            "current_ratio": 179.45,
            "debt_ratio": 41.31,
            "inventory_turnover_ratio": 2.54,
            "account_receivable_turnover_ratio": 0.66,
            "reinvestment_rate": 370.13,
            "research_to_sale_ratio": 6.37,
            "price_fair": 144.52,
            "eps_avg_yearly": 4.13,
            "eps_latest_yearly": 1.28,
            "eps_growth_yearly": 98.48
        },
        "20113": {
            "year_quarter": 20113,
            "year": 2011,
            "quarter": 3,
            "eps": 0.87,
            "eps_growth_year": 168.77,
            "eps_4q": -0.62,
            "eps_4q_growth_year": -117.26,
            "roe": 2.12,
            "roe_4q": -1.45,
            "gross_profit": 137808,
            "gross_margin": 15.16,
            "gross_margin_4q_avg": 13.63,
            "net_income": 44053,
            "net_income_4q": null,
            "revenue": 909087,
            "revenue_4q": null,
            "common_shares": 505514,
            "book_valuer_per_share": 42.09,
            "book_valuer_per_share_4q_avg": 41.08,
            "equity": 2144446,
            "current_ratio": 184.43,
            "debt_ratio": 40.46,
            "inventory_turnover_ratio": 2.37,
            "account_receivable_turnover_ratio": 0.64,
            "reinvestment_rate": 124.07,
            "research_to_sale_ratio": 5.05,
            "price_fair": 132.07,
            "eps_avg_yearly": 3.77,
            "eps_latest_yearly": 1.28,
            "eps_growth_yearly": 92.4
        },
        "20114": {
            "year_quarter": 20114,
            "year": 2011,
            "quarter": 4,
            "eps": 0.11,
            "eps_growth_year": null,
            "eps_4q": 0.35,
            "eps_4q_growth_year": -81.08,
            "roe": 0.26,
            "roe_4q": 0.8099999999999998,
            "gross_profit": 135090,
            "gross_margin": 16.04,
            "gross_margin_4q_avg": 13.42,
            "net_income": 5494,
            "net_income_4q": null,
            "revenue": 842287,
            "revenue_4q": null,
            "common_shares": 505514,
            "book_valuer_per_share": 42.27,
            "book_valuer_per_share_4q_avg": 41.38,
            "equity": 2153600,
            "current_ratio": 192.88,
            "debt_ratio": 38.37,
            "inventory_turnover_ratio": 2.21,
            "account_receivable_turnover_ratio": 0.6,
            "reinvestment_rate": 471.19,
            "research_to_sale_ratio": 6.74,
            "price_fair": 108.85,
            "eps_avg_yearly": 3.11,
            "eps_latest_yearly": 0.44,
            "eps_growth_yearly": 63.28
        },
        "20121": {
            "year_quarter": 20121,
            "year": 2012,
            "quarter": 1,
            "eps": 0.23,
            "eps_growth_year": 109.09,
            "eps_4q": 0.46,
            "eps_4q_growth_year": -56.57,
            "roe": 0.52,
            "roe_4q": 1.0600000000000003,
            "gross_profit": 129870,
            "gross_margin": 17.05,
            "gross_margin_4q_avg": 14.42,
            "net_income": 11253,
            "net_income_4q": null,
            "revenue": 761739,
            "revenue_4q": null,
            "common_shares": 505514,
            "book_valuer_per_share": 41.89,
            "book_valuer_per_share_4q_avg": 41.46,
            "equity": 2134109,
            "current_ratio": 207.97,
            "debt_ratio": 35.74,
            "inventory_turnover_ratio": 2.3,
            "account_receivable_turnover_ratio": 0.62,
            "reinvestment_rate": 449.04,
            "research_to_sale_ratio": 6.21,
            "price_fair": 108.85,
            "eps_avg_yearly": 3.11,
            "eps_latest_yearly": 0.92,
            "eps_growth_yearly": 129.33
        },
        "20122": {
            "year_quarter": 20122,
            "year": 2012,
            "quarter": 2,
            "eps": 1.11,
            "eps_growth_year": null,
            "eps_4q": 2.32,
            "eps_4q_growth_year": null,
            "roe": 2.56,
            "roe_4q": 5.46,
            "gross_profit": 192194,
            "gross_margin": 21.86,
            "gross_margin_4q_avg": 17.53,
            "net_income": 55372,
            "net_income_4q": null,
            "revenue": 879187,
            "revenue_4q": null,
            "common_shares": 505514,
            "book_valuer_per_share": 42.89,
            "book_valuer_per_share_4q_avg": 42.29,
            "equity": 2184038,
            "current_ratio": 201.17,
            "debt_ratio": 37.47,
            "inventory_turnover_ratio": 2.71,
            "account_receivable_turnover_ratio": 0.66,
            "reinvestment_rate": 415.94,
            "research_to_sale_ratio": 7.31,
            "price_fair": 115.38,
            "eps_avg_yearly": 3.3,
            "eps_latest_yearly": 4.44,
            "eps_growth_yearly": 210.49
        },
        "20123": {
            "year_quarter": 20123,
            "year": 2012,
            "quarter": 3,
            "eps": 0.75,
            "eps_growth_year": -13.71,
            "eps_4q": 2.2,
            "eps_4q_growth_year": null,
            "roe": 1.73,
            "roe_4q": 5.07,
            "gross_profit": 184374,
            "gross_margin": 21.6,
            "gross_margin_4q_avg": 19.14,
            "net_income": 38089,
            "net_income_4q": null,
            "revenue": 853582,
            "revenue_4q": null,
            "common_shares": 505514,
            "book_valuer_per_share": 43.42,
            "book_valuer_per_share_4q_avg": 42.62,
            "equity": 2210969,
            "current_ratio": 202.19,
            "debt_ratio": 37.87,
            "inventory_turnover_ratio": 2.72,
            "account_receivable_turnover_ratio": 0.57,
            "reinvestment_rate": 374.18,
            "research_to_sale_ratio": 7.4,
            "price_fair": 102.43,
            "eps_avg_yearly": 2.93,
            "eps_latest_yearly": 3,
            "eps_growth_yearly": 120.28
        },
        "20124": {
            "year_quarter": 20124,
            "year": 2012,
            "quarter": 4,
            "eps": 0.33,
            "eps_growth_year": 195.16,
            "eps_4q": 2.42,
            "eps_4q_growth_year": 601.24,
            "roe": 0.74,
            "roe_4q": 5.549999999999999,
            "gross_profit": 167024,
            "gross_margin": 22.92,
            "gross_margin_4q_avg": 20.86,
            "net_income": 16454,
            "net_income_4q": null,
            "revenue": 728824,
            "revenue_4q": null,
            "common_shares": 505514,
            "book_valuer_per_share": 43.71,
            "book_valuer_per_share_4q_avg": 42.98,
            "equity": 2225099,
            "current_ratio": 214.59,
            "debt_ratio": 35.48,
            "inventory_turnover_ratio": 2.3,
            "account_receivable_turnover_ratio": 0.5,
            "reinvestment_rate": 352.59,
            "research_to_sale_ratio": 5.96,
            "price_fair": 98.23,
            "eps_avg_yearly": 2.81,
            "eps_latest_yearly": 1.32,
            "eps_growth_yearly": 122.58
        },
        "20131": {
            "year_quarter": 20131,
            "year": 2013,
            "quarter": 1,
            "eps": 0.61,
            "eps_growth_year": 165.22,
            "eps_4q": 2.8,
            "eps_4q_growth_year": 504.93,
            "roe": 1.36,
            "roe_4q": 6.390000000000001,
            "gross_profit": 129828,
            "gross_margin": 21.68,
            "gross_margin_4q_avg": 22.02,
            "net_income": 30687,
            "net_income_4q": null,
            "revenue": 598699,
            "revenue_4q": null,
            "common_shares": 505514,
            "book_valuer_per_share": 44.91,
            "book_valuer_per_share_4q_avg": 43.73,
            "equity": 2285907,
            "current_ratio": 240.45,
            "debt_ratio": 31.93,
            "inventory_turnover_ratio": 1.86,
            "account_receivable_turnover_ratio": 0.48,
            "reinvestment_rate": -45.73,
            "research_to_sale_ratio": 9.74,
            "price_fair": 99.17,
            "eps_avg_yearly": 2.83,
            "eps_latest_yearly": 2.44,
            "eps_growth_yearly": 158.59
        },
        "20132": {
            "year_quarter": 20132,
            "year": 2013,
            "quarter": 2,
            "eps": -0.05,
            "eps_growth_year": -104.5,
            "eps_4q": 1.64,
            "eps_4q_growth_year": -29.57,
            "roe": -0.14,
            "roe_4q": 3.6900000000000004,
            "gross_profit": 125405,
            "gross_margin": 20.02,
            "gross_margin_4q_avg": 21.56,
            "net_income": -3162,
            "net_income_4q": null,
            "revenue": 626449,
            "revenue_4q": null,
            "common_shares": 505514,
            "book_valuer_per_share": 44.05,
            "book_valuer_per_share_4q_avg": 44.02,
            "equity": 2242017,
            "current_ratio": 235.47,
            "debt_ratio": 31.99,
            "inventory_turnover_ratio": 2.1,
            "account_receivable_turnover_ratio": 0.62,
            "reinvestment_rate": -54.95,
            "research_to_sale_ratio": 9.18,
            "price_fair": 100.8,
            "eps_avg_yearly": 2.88,
            "eps_latest_yearly": 2.44,
            "eps_growth_yearly": 169.58
        },
        "20133": {
            "year_quarter": 20133,
            "year": 2013,
            "quarter": 3,
            "eps": 1.05,
            "eps_growth_year": 39.77,
            "eps_4q": 1.93,
            "eps_4q_growth_year": -12.14,
            "roe": 2.34,
            "roe_4q": 4.3,
            "gross_profit": 220290,
            "gross_margin": 24.18,
            "gross_margin_4q_avg": 22.2,
            "net_income": 52831,
            "net_income_4q": null,
            "revenue": 911058,
            "revenue_4q": null,
            "common_shares": 505514,
            "book_valuer_per_share": 44.83,
            "book_valuer_per_share_4q_avg": 44.38,
            "equity": 2281114,
            "current_ratio": 211.44,
            "debt_ratio": 35.72,
            "inventory_turnover_ratio": 2.87,
            "account_receivable_turnover_ratio": 0.84,
            "reinvestment_rate": -53.32,
            "research_to_sale_ratio": 7.88,
            "price_fair": 94.64,
            "eps_avg_yearly": 2.7,
            "eps_latest_yearly": 2.44,
            "eps_growth_yearly": 146.54
        },
        "20134": {
            "year_quarter": 20134,
            "year": 2013,
            "quarter": 4,
            "eps": 1.29,
            "eps_growth_year": 289.53,
            "eps_4q": 2.89,
            "eps_4q_growth_year": 19.47,
            "roe": 2.76,
            "roe_4q": 6.32,
            "gross_profit": 220824,
            "gross_margin": 22.2,
            "gross_margin_4q_avg": 22.02,
            "net_income": 64118,
            "net_income_4q": null,
            "revenue": 994840,
            "revenue_4q": null,
            "common_shares": 505514,
            "book_valuer_per_share": 46.51,
            "book_valuer_per_share_4q_avg": 45.08,
            "equity": 2364981,
            "current_ratio": 204.86,
            "debt_ratio": 38.22,
            "inventory_turnover_ratio": 2.94,
            "account_receivable_turnover_ratio": 0.73,
            "reinvestment_rate": -426.4,
            "research_to_sale_ratio": 7.45,
            "price_fair": 99.68,
            "eps_avg_yearly": 2.85,
            "eps_latest_yearly": 5.16,
            "eps_growth_yearly": 163.61
        },
        "20141": {
            "year_quarter": 20141,
            "year": 2014,
            "quarter": 1,
            "eps": 1.27,
            "eps_growth_year": 108.2,
            "eps_4q": 3.56,
            "eps_4q_growth_year": 27.23,
            "roe": 2.67,
            "roe_4q": 7.63,
            "gross_profit": 152744,
            "gross_margin": 19.1,
            "gross_margin_4q_avg": 21.38,
            "net_income": 63895,
            "net_income_4q": null,
            "revenue": 799710,
            "revenue_4q": null,
            "common_shares": 505514,
            "book_valuer_per_share": 47.72,
            "book_valuer_per_share_4q_avg": 45.78,
            "equity": 2425433,
            "current_ratio": 218.65,
            "debt_ratio": 35.5,
            "inventory_turnover_ratio": 2.28,
            "account_receivable_turnover_ratio": 0.57,
            "reinvestment_rate": -411.95,
            "research_to_sale_ratio": 4.82,
            "price_fair": 105.14,
            "eps_avg_yearly": 3,
            "eps_latest_yearly": 5.08,
            "eps_growth_yearly": 165.14
        },
        "20142": {
            "year_quarter": 20142,
            "year": 2014,
            "quarter": 2,
            "eps": 1,
            "eps_growth_year": null,
            "eps_4q": 4.61,
            "eps_4q_growth_year": 182.03,
            "roe": 2.04,
            "roe_4q": 9.809999999999999,
            "gross_profit": 236548,
            "gross_margin": 22.72,
            "gross_margin_4q_avg": 22.05,
            "net_income": 49188,
            "net_income_4q": null,
            "revenue": 1041102,
            "revenue_4q": null,
            "common_shares": 505514,
            "book_valuer_per_share": 47.28,
            "book_valuer_per_share_4q_avg": 46.59,
            "equity": 2402191,
            "current_ratio": 172.24,
            "debt_ratio": 41.59,
            "inventory_turnover_ratio": 2.49,
            "account_receivable_turnover_ratio": 0.76,
            "reinvestment_rate": -384.62,
            "research_to_sale_ratio": 4.9,
            "price_fair": 98.28,
            "eps_avg_yearly": 2.81,
            "eps_latest_yearly": 4,
            "eps_growth_yearly": 128.91
        },
        "20143": {
            "year_quarter": 20143,
            "year": 2014,
            "quarter": 3,
            "eps": 0.53,
            "eps_growth_year": -49.52,
            "eps_4q": 4.09,
            "eps_4q_growth_year": 111.38,
            "roe": 1.09,
            "roe_4q": 8.559999999999999,
            "gross_profit": 166935,
            "gross_margin": 18.42,
            "gross_margin_4q_avg": 20.61,
            "net_income": 26394,
            "net_income_4q": null,
            "revenue": 906252,
            "revenue_4q": null,
            "common_shares": 505514,
            "book_valuer_per_share": 48.4,
            "book_valuer_per_share_4q_avg": 47.48,
            "equity": 2458381,
            "current_ratio": 171.1,
            "debt_ratio": 39.93,
            "inventory_turnover_ratio": 2.18,
            "account_receivable_turnover_ratio": 0.64,
            "reinvestment_rate": 51.77,
            "research_to_sale_ratio": 4.86,
            "price_fair": 101.22,
            "eps_avg_yearly": 2.89,
            "eps_latest_yearly": 2.12,
            "eps_growth_yearly": 141.52
        },
        "20144": {
            "year_quarter": 20144,
            "year": 2014,
            "quarter": 4,
            "eps": 0.57,
            "eps_growth_year": -55.47,
            "eps_4q": 3.38,
            "eps_4q_growth_year": 16.72,
            "roe": 1.14,
            "roe_4q": 6.9399999999999995,
            "gross_profit": 184121,
            "gross_margin": 18.68,
            "gross_margin_4q_avg": 19.73,
            "net_income": 28370,
            "net_income_4q": null,
            "revenue": 985495,
            "revenue_4q": null,
            "common_shares": 505514,
            "book_valuer_per_share": 49.71,
            "book_valuer_per_share_4q_avg": 48.28,
            "equity": 2537885,
            "current_ratio": 165.96,
            "debt_ratio": 42.85,
            "inventory_turnover_ratio": 2.36,
            "account_receivable_turnover_ratio": 0.69,
            "reinvestment_rate": -169.42,
            "research_to_sale_ratio": 5.16,
            "price_fair": 99.27,
            "eps_avg_yearly": 2.84,
            "eps_latest_yearly": 2.28,
            "eps_growth_yearly": 131.4
        },
        "20151": {
            "year_quarter": 20151,
            "year": 2015,
            "quarter": 1,
            "eps": 0.35,
            "eps_growth_year": -72.44,
            "eps_4q": 2.45,
            "eps_4q_growth_year": -31.22,
            "roe": 0.65,
            "roe_4q": 4.92,
            "gross_profit": 155980,
            "gross_margin": 18.39,
            "gross_margin_4q_avg": 19.55,
            "net_income": 16406,
            "net_income_4q": null,
            "revenue": 848099,
            "revenue_4q": null,
            "common_shares": 505514,
            "book_valuer_per_share": 49.84,
            "book_valuer_per_share_4q_avg": 48.81,
            "equity": 2543246,
            "current_ratio": 176.95,
            "debt_ratio": 39.09,
            "inventory_turnover_ratio": 2.12,
            "account_receivable_turnover_ratio": 0.61,
            "reinvestment_rate": -168.62,
            "research_to_sale_ratio": 5.24,
            "price_fair": 95.08,
            "eps_avg_yearly": 2.72,
            "eps_latest_yearly": 1.4,
            "eps_growth_yearly": 107.59
        },
        "20152": {
            "year_quarter": 20152,
            "year": 2015,
            "quarter": 2,
            "eps": 0.01,
            "eps_growth_year": -99,
            "eps_4q": 1.46,
            "eps_4q_growth_year": -68.24,
            "roe": 0.06,
            "roe_4q": 2.94,
            "gross_profit": 166389,
            "gross_margin": 19.67,
            "gross_margin_4q_avg": 18.79,
            "net_income": 1467,
            "net_income_4q": null,
            "revenue": 846031,
            "revenue_4q": null,
            "common_shares": 505514,
            "book_valuer_per_share": 48.34,
            "book_valuer_per_share_4q_avg": 49.07,
            "equity": 2467902,
            "current_ratio": 176.11,
            "debt_ratio": 38.43,
            "inventory_turnover_ratio": 2.23,
            "account_receivable_turnover_ratio": 0.68,
            "reinvestment_rate": -141.11,
            "research_to_sale_ratio": 5.06,
            "price_fair": 87.88,
            "eps_avg_yearly": 2.51,
            "eps_latest_yearly": 0.04,
            "eps_growth_yearly": 69.42
        },
        "20153": {
            "year_quarter": 20153,
            "year": 2015,
            "quarter": 3,
            "eps": 2.27,
            "eps_growth_year": 328.3,
            "eps_4q": 3.22,
            "eps_4q_growth_year": -21.16,
            "roe": 4.48,
            "roe_4q": 6.33,
            "gross_profit": 231881,
            "gross_margin": 24,
            "gross_margin_4q_avg": 20.19,
            "net_income": 113871,
            "net_income_4q": null,
            "revenue": 966112,
            "revenue_4q": null,
            "common_shares": 505514,
            "book_valuer_per_share": 51.74,
            "book_valuer_per_share_4q_avg": 49.91,
            "equity": 2620247,
            "current_ratio": 173.64,
            "debt_ratio": 39.79,
            "inventory_turnover_ratio": 2.06,
            "account_receivable_turnover_ratio": 0.77,
            "reinvestment_rate": 126.28,
            "research_to_sale_ratio": 4.02,
            "price_fair": 104.3,
            "eps_avg_yearly": 2.98,
            "eps_latest_yearly": 9.08,
            "eps_growth_yearly": 6521.6
        },
        "20154": {
            "year_quarter": 20154,
            "year": 2015,
            "quarter": 4,
            "eps": 1.29,
            "eps_growth_year": 125.77,
            "eps_4q": 3.95,
            "eps_4q_growth_year": 16.87,
            "roe": 2.45,
            "roe_4q": 7.640000000000001,
            "gross_profit": 287524,
            "gross_margin": 23.75,
            "gross_margin_4q_avg": 21.45,
            "net_income": 64517,
            "net_income_4q": null,
            "revenue": 1210451,
            "revenue_4q": null,
            "common_shares": 505514,
            "book_valuer_per_share": 52.21,
            "book_valuer_per_share_4q_avg": 50.53,
            "equity": 2639979,
            "current_ratio": 163.2,
            "debt_ratio": 43.34,
            "inventory_turnover_ratio": 2.19,
            "account_receivable_turnover_ratio": 0.77,
            "reinvestment_rate": -121.29,
            "research_to_sale_ratio": 3.61,
            "price_fair": 116.1,
            "eps_avg_yearly": 3.32,
            "eps_latest_yearly": 5.16,
            "eps_growth_yearly": 6534.23
        },
        "20161": {
            "year_quarter": 20161,
            "year": 2016,
            "quarter": 1,
            "eps": 1.15,
            "eps_growth_year": 228.57,
            "eps_4q": 4.74,
            "eps_4q_growth_year": 93.7,
            "roe": 2.19,
            "roe_4q": 9.180000000000001,
            "gross_profit": 283669,
            "gross_margin": 25.98,
            "gross_margin_4q_avg": 23.35,
            "net_income": 58267,
            "net_income_4q": null,
            "revenue": 1091874,
            "revenue_4q": null,
            "common_shares": 505514,
            "book_valuer_per_share": 53.23,
            "book_valuer_per_share_4q_avg": 51.38,
            "equity": 2692050,
            "current_ratio": 163.47,
            "debt_ratio": 43.42,
            "inventory_turnover_ratio": 1.56,
            "account_receivable_turnover_ratio": 0.65,
            "reinvestment_rate": -100.78,
            "research_to_sale_ratio": 3.78,
            "price_fair": 125.3,
            "eps_avg_yearly": 3.58,
            "eps_latest_yearly": 4.6,
            "eps_growth_yearly": 6499.96
        },
        "20162": {
            "year_quarter": 20162,
            "year": 2016,
            "quarter": 2,
            "eps": 2.67,
            "eps_growth_year": 26600,
            "eps_4q": 7.41,
            "eps_4q_growth_year": 405.73,
            "roe": 4.94,
            "roe_4q": 14.060000000000002,
            "gross_profit": 352636,
            "gross_margin": 22.22,
            "gross_margin_4q_avg": 23.99,
            "net_income": 134026,
            "net_income_4q": null,
            "revenue": 1586693,
            "revenue_4q": null,
            "common_shares": 505514,
            "book_valuer_per_share": 53.97,
            "book_valuer_per_share_4q_avg": 52.79,
            "equity": 2728658,
            "current_ratio": 157.98,
            "debt_ratio": 46.09,
            "inventory_turnover_ratio": 2.27,
            "account_receivable_turnover_ratio": 0.93,
            "reinvestment_rate": -92.23,
            "research_to_sale_ratio": 2.8,
            "price_fair": 140.9,
            "eps_avg_yearly": 4.03,
            "eps_latest_yearly": 10.68,
            "eps_growth_yearly": 6428.41
        },
        "20163": {
            "year_quarter": 20163,
            "year": 2016,
            "quarter": 3,
            "eps": 2.55,
            "eps_growth_year": 12.33,
            "eps_4q": 3.95,
            "eps_4q_growth_year": 22.36,
            "roe": 4.32,
            "roe_4q": 13.900000000000002,
            "gross_profit": 404547,
            "gross_margin": 26.05,
            "gross_margin_4q_avg": 24.5,
            "net_income": 130375,
            "net_income_4q": null,
            "revenue": 1552861,
            "revenue_4q": null,
            "common_shares": 505514,
            "book_valuer_per_share": 56.64,
            "book_valuer_per_share_4q_avg": 54.01,
            "equity": 3312702,
            "current_ratio": 163.72,
            "debt_ratio": 43.7,
            "inventory_turnover_ratio": 2.21,
            "account_receivable_turnover_ratio": 0.81,
            "reinvestment_rate": -80.11,
            "research_to_sale_ratio": 3.08,
            "price_fair": 158.9,
            "eps_avg_yearly": 4.54,
            "eps_latest_yearly": 10.2,
            "eps_growth_yearly": 6436.39
        },
        "20164": {
            "year_quarter": 20164,
            "year": 2016,
            "quarter": 4,
            "eps": 1.01,
            "eps_growth_year": -21.77,
            "eps_4q": 6.34,
            "eps_4q_growth_year": 60.7,
            "roe": 1.8,
            "roe_4q": 13.25,
            "gross_profit": 227253,
            "gross_margin": 17.01,
            "gross_margin_4q_avg": 22.82,
            "net_income": 61029,
            "net_income_4q": null,
            "revenue": 1335739,
            "revenue_4q": null,
            "common_shares": 605514,
            "book_valuer_per_share": 57.35,
            "book_valuer_per_share_4q_avg": 55.3,
            "equity": 3473701,
            "current_ratio": 178.87,
            "debt_ratio": 39.92,
            "inventory_turnover_ratio": 2.1,
            "account_receivable_turnover_ratio": 0.7,
            "reinvestment_rate": -70.86,
            "research_to_sale_ratio": 3.69,
            "price_fair": 165.7,
            "eps_avg_yearly": 4.73,
            "eps_latest_yearly": 4.04,
            "eps_growth_yearly": 6435.13
        },
        "20171": {
            "year_quarter": 20171,
            "year": 2017,
            "quarter": 1,
            "eps": 1.57,
            "eps_growth_year": 36.52,
            "eps_4q": 6.95,
            "eps_4q_growth_year": 46.51,
            "roe": 2.61,
            "roe_4q": 13.670000000000002,
            "gross_profit": 322662,
            "gross_margin": 24.47,
            "gross_margin_4q_avg": 22.44,
            "net_income": 91223,
            "net_income_4q": null,
            "revenue": 1318569,
            "revenue_4q": null,
            "common_shares": 605514,
            "book_valuer_per_share": 57.89,
            "book_valuer_per_share_4q_avg": 56.46,
            "equity": 3503499,
            "current_ratio": 196.59,
            "debt_ratio": 35.91,
            "inventory_turnover_ratio": 1.99,
            "account_receivable_turnover_ratio": 0.72,
            "reinvestment_rate": 87.91,
            "research_to_sale_ratio": 2.7,
            "price_fair": 175.3,
            "eps_avg_yearly": 5.01,
            "eps_latest_yearly": 6.28,
            "eps_growth_yearly": 6426.73
        },
        "20172": {
            "year_quarter": 20172,
            "year": 2017,
            "quarter": 2,
            "eps": 1.54,
            "eps_growth_year": -42.32,
            "eps_4q": 6.26,
            "eps_4q_growth_year": -15.46,
            "roe": 2.64,
            "roe_4q": 11.370000000000001,
            "gross_profit": 331321,
            "gross_margin": 23.98,
            "gross_margin_4q_avg": 22.88,
            "net_income": 91339,
            "net_income_4q": null,
            "revenue": 1381873,
            "revenue_4q": null,
            "common_shares": 605514,
            "book_valuer_per_share": 56.39,
            "book_valuer_per_share_4q_avg": 57.07,
            "equity": 3411519,
            "current_ratio": 176.95,
            "debt_ratio": 40.51,
            "inventory_turnover_ratio": 2.14,
            "account_receivable_turnover_ratio": 0.77,
            "reinvestment_rate": 80.89,
            "research_to_sale_ratio": 2.69,
            "price_fair": 177.99,
            "eps_avg_yearly": 5.09,
            "eps_latest_yearly": 6.16,
            "eps_growth_yearly": 5997.77
        },
        "20173": {
            "year_quarter": 20173,
            "year": 2017,
            "quarter": 3,
            "eps": 1.47,
            "eps_growth_year": -42.35,
            "eps_4q": 5.59,
            "eps_4q_growth_year": 41.79,
            "roe": 2.54,
            "roe_4q": 9.59,
            "gross_profit": 324174,
            "gross_margin": 22.75,
            "gross_margin_4q_avg": 22.05,
            "net_income": 88080,
            "net_income_4q": null,
            "revenue": 1425036,
            "revenue_4q": null,
            "common_shares": 605514,
            "book_valuer_per_share": 58.23,
            "book_valuer_per_share_4q_avg": 57.47,
            "equity": 3522075,
            "current_ratio": 193.79,
            "debt_ratio": 39.72,
            "inventory_turnover_ratio": 2.23,
            "account_receivable_turnover_ratio": 0.77,
            "reinvestment_rate": 48.14,
            "research_to_sale_ratio": 3.13,
            "price_fair": 179.73,
            "eps_avg_yearly": 5.14,
            "eps_latest_yearly": 5.88,
            "eps_growth_yearly": 5621.78
        },
        "20174": {
            "year_quarter": 20174,
            "year": 2017,
            "quarter": 4,
            "eps": 1.25,
            "eps_growth_year": 23.06,
            "eps_4q": 5.83,
            "eps_4q_growth_year": -8.08,
            "roe": 1.77,
            "roe_4q": 9.56,
            "gross_profit": 272129,
            "gross_margin": 20.2,
            "gross_margin_4q_avg": 22.85,
            "net_income": 62896,
            "net_income_4q": null,
            "revenue": 1347350,
            "revenue_4q": null,
            "common_shares": 605514,
            "book_valuer_per_share": 59.55,
            "book_valuer_per_share_4q_avg": 58.02,
            "equity": 3589311,
            "current_ratio": 191.72,
            "debt_ratio": 39.51,
            "inventory_turnover_ratio": 2.22,
            "account_receivable_turnover_ratio": 0.72,
            "reinvestment_rate": 47.78,
            "research_to_sale_ratio": 3.49,
            "price_fair": 179.38,
            "eps_avg_yearly": 5.13,
            "eps_latest_yearly": 5,
            "eps_growth_yearly": 5612.32
        },
        "20181": {
            "year_quarter": 20181,
            "year": 2018,
            "quarter": 1,
            "eps": 0.94,
            "eps_growth_year": -40.13,
            "eps_4q": 5.2,
            "eps_4q_growth_year": -25.18,
            "roe": 1.61,
            "roe_4q": 8.56,
            "gross_profit": 258160,
            "gross_margin": 21.9,
            "gross_margin_4q_avg": 22.21,
            "net_income": 58349,
            "net_income_4q": null,
            "revenue": 1179025,
            "revenue_4q": null,
            "common_shares": 605514,
            "book_valuer_per_share": 60.72,
            "book_valuer_per_share_4q_avg": 58.72,
            "equity": 3650384,
            "current_ratio": 201.82,
            "debt_ratio": 37.52,
            "inventory_turnover_ratio": 1.75,
            "account_receivable_turnover_ratio": 0.67,
            "reinvestment_rate": 51.9,
            "research_to_sale_ratio": 3.86,
            "price_fair": 176.49,
            "eps_avg_yearly": 5.04,
            "eps_latest_yearly": 3.76,
            "eps_growth_yearly": 5606.51
        },
        "20182": {
            "year_quarter": 20182,
            "year": 2018,
            "quarter": 2,
            "eps": 2.35,
            "eps_growth_year": 52.6,
            "eps_4q": 6.01,
            "eps_4q_growth_year": -4.08,
            "roe": 3.9,
            "roe_4q": 9.82,
            "gross_profit": 258510,
            "gross_margin": 17.92,
            "gross_margin_4q_avg": 20.69,
            "net_income": 141290,
            "net_income_4q": null,
            "revenue": 1442587,
            "revenue_4q": null,
            "common_shares": 605514,
            "book_valuer_per_share": 59.83,
            "book_valuer_per_share_4q_avg": 59.58,
            "equity": 3596928,
            "current_ratio": 186.4,
            "debt_ratio": 41,
            "inventory_turnover_ratio": 2.07,
            "account_receivable_turnover_ratio": 0.8,
            "reinvestment_rate": 22.53,
            "research_to_sale_ratio": 3.17,
            "price_fair": 188.3,
            "eps_avg_yearly": 5.38,
            "eps_latest_yearly": 9.4,
            "eps_growth_yearly": 5649.32
        },
        "20183": {
            "year_quarter": 20183,
            "year": 2018,
            "quarter": 3,
            "eps": 2.36,
            "eps_growth_year": 60.54,
            "eps_4q": 6.9,
            "eps_4q_growth_year": 23.32,
            "roe": 3.9,
            "roe_4q": 11.18,
            "gross_profit": 310903,
            "gross_margin": 20.32,
            "gross_margin_4q_avg": 20.09,
            "net_income": 141989,
            "net_income_4q": null,
            "revenue": 1530282,
            "revenue_4q": null,
            "common_shares": 605514,
            "book_valuer_per_share": 61.21,
            "book_valuer_per_share_4q_avg": 60.33,
            "equity": 3680040,
            "current_ratio": 192.24,
            "debt_ratio": 39.96,
            "inventory_turnover_ratio": 2.08,
            "account_receivable_turnover_ratio": 0.75,
            "reinvestment_rate": 17.72,
            "research_to_sale_ratio": 3.1,
            "price_fair": 204.31,
            "eps_avg_yearly": 5.84,
            "eps_latest_yearly": 9.44,
            "eps_growth_yearly": 5661.18
        },
        "20184": {
            "year_quarter": 20184,
            "year": 2018,
            "quarter": 4,
            "eps": 1.79,
            "eps_growth_year": 43.61,
            "eps_4q": 7.44,
            "eps_4q_growth_year": 27.7,
            "roe": 2.88,
            "roe_4q": 12.29,
            "gross_profit": 289572,
            "gross_margin": 17.83,
            "gross_margin_4q_avg": 19.49,
            "net_income": 107621,
            "net_income_4q": null,
            "revenue": 1623690,
            "revenue_4q": null,
            "common_shares": 601214,
            "book_valuer_per_share": 63.2,
            "book_valuer_per_share_4q_avg": 61.24,
            "equity": 3799835,
            "current_ratio": 198.31,
            "debt_ratio": 40.17,
            "inventory_turnover_ratio": 2.33,
            "account_receivable_turnover_ratio": 0.74,
            "reinvestment_rate": -17.01,
            "research_to_sale_ratio": 3.19,
            "price_fair": 214.99,
            "eps_avg_yearly": 6.14,
            "eps_latest_yearly": 7.16,
            "eps_growth_yearly": 5653.25
        },
        "20191": {
            "year_quarter": 20191,
            "year": 2019,
            "quarter": 1,
            "eps": 1.5,
            "eps_growth_year": 59.57,
            "eps_4q": 8.01,
            "eps_4q_growth_year": 53.98,
            "roe": 2.34,
            "roe_4q": 13.02,
            "gross_profit": 300459,
            "gross_margin": 21.82,
            "gross_margin_4q_avg": 19.47,
            "net_income": 90461,
            "net_income_4q": null,
            "revenue": 1377247,
            "revenue_4q": null,
            "common_shares": 601214,
            "book_valuer_per_share": 65.43,
            "book_valuer_per_share_4q_avg": 62.42,
            "equity": 3933958,
            "current_ratio": 209.47,
            "debt_ratio": 38.62,
            "inventory_turnover_ratio": 2.02,
            "account_receivable_turnover_ratio": 0.64,
            "reinvestment_rate": -16.17,
            "research_to_sale_ratio": 3.27,
            "price_fair": 225.05,
            "eps_avg_yearly": 6.43,
            "eps_latest_yearly": 6,
            "eps_growth_yearly": 5658.85
        },
        "20192": {
            "year_quarter": 20192,
            "year": 2019,
            "quarter": 2,
            "eps": 2.12,
            "eps_growth_year": -9.79,
            "eps_4q": 7.77,
            "eps_4q_growth_year": 29.39,
            "roe": 3.3,
            "roe_4q": 12.42,
            "gross_profit": 335551,
            "gross_margin": 22.39,
            "gross_margin_4q_avg": 20.59,
            "net_income": 127122,
            "net_income_4q": null,
            "revenue": 1498386,
            "revenue_4q": null,
            "common_shares": 601214,
            "book_valuer_per_share": 62.67,
            "book_valuer_per_share_4q_avg": 63.13,
            "equity": 3767718,
            "current_ratio": 191.02,
            "debt_ratio": 40.67,
            "inventory_turnover_ratio": 2.3,
            "account_receivable_turnover_ratio": 0.74,
            "reinvestment_rate": -14.76,
            "research_to_sale_ratio": 2.81,
            "price_fair": 243.51,
            "eps_avg_yearly": 6.96,
            "eps_latest_yearly": 8.48,
            "eps_growth_yearly": 5693.47
        },
        "20193": {
            "year_quarter": 20193,
            "year": 2019,
            "quarter": 3,
            "eps": 2.56,
            "eps_growth_year": 8.47,
            "eps_4q": 7.97,
            "eps_4q_growth_year": 15.53,
            "roe": 4.04,
            "roe_4q": 12.559999999999999,
            "gross_profit": 362378,
            "gross_margin": 24.99,
            "gross_margin_4q_avg": 21.76,
            "net_income": 153918,
            "net_income_4q": null,
            "revenue": 1450086,
            "revenue_4q": null,
            "common_shares": 601214,
            "book_valuer_per_share": 64.05,
            "book_valuer_per_share_4q_avg": 63.84,
            "equity": 3850932,
            "current_ratio": 195.39,
            "debt_ratio": 41.33,
            "inventory_turnover_ratio": 2.17,
            "account_receivable_turnover_ratio": 0.72,
            "reinvestment_rate": 21.25,
            "research_to_sale_ratio": 3.54,
            "price_fair": 246.05,
            "eps_avg_yearly": 7.03,
            "eps_latest_yearly": 10.24,
            "eps_growth_yearly": 48.66
        },
        "20194": {
            "year_quarter": 20194,
            "year": 2019,
            "quarter": 4,
            "eps": 1.55,
            "eps_growth_year": -13.41,
            "eps_4q": 7.73,
            "eps_4q_growth_year": 3.86,
            "roe": 2.4,
            "roe_4q": 12.079999999999998,
            "gross_profit": 294939,
            "gross_margin": 20.51,
            "gross_margin_4q_avg": 22.43,
            "net_income": 93189,
            "net_income_4q": null,
            "revenue": 1437855,
            "revenue_4q": null,
            "common_shares": 601214,
            "book_valuer_per_share": 64.99,
            "book_valuer_per_share_4q_avg": 64.29,
            "equity": 3907444,
            "current_ratio": 195.5,
            "debt_ratio": 40.94,
            "inventory_turnover_ratio": 2.13,
            "account_receivable_turnover_ratio": 0.71,
            "reinvestment_rate": 22.16,
            "research_to_sale_ratio": 4.11,
            "price_fair": 248.33,
            "eps_avg_yearly": 7.1,
            "eps_latest_yearly": 6.2,
            "eps_growth_yearly": 49.59
        },
        "20201": {
            "year_quarter": 20201,
            "year": 2020,
            "quarter": 1,
            "eps": 0.27,
            "eps_growth_year": -82,
            "eps_4q": 6.49,
            "eps_4q_growth_year": -18.92,
            "roe": 0.41,
            "roe_4q": 10.149999999999999,
            "gross_profit": 145551,
            "gross_margin": 14.81,
            "gross_margin_4q_avg": 20.68,
            "net_income": 16040,
            "net_income_4q": null,
            "revenue": 982832,
            "revenue_4q": null,
            "common_shares": 601214,
            "book_valuer_per_share": 64.87,
            "book_valuer_per_share_4q_avg": 64.15,
            "equity": 3900181,
            "current_ratio": 212.65,
            "debt_ratio": 38.25,
            "inventory_turnover_ratio": 1.6,
            "account_receivable_turnover_ratio": 0.54,
            "reinvestment_rate": 28.26,
            "research_to_sale_ratio": 4.45,
            "price_fair": 240.63,
            "eps_avg_yearly": 6.88,
            "eps_latest_yearly": 1.08,
            "eps_growth_yearly": 31.66
        },
        "20202": {
            "year_quarter": 20202,
            "year": 2020,
            "quarter": 2,
            "eps": 1.8,
            "eps_growth_year": -15.09,
            "eps_4q": 6.18,
            "eps_4q_growth_year": -20.47,
            "roe": 2.81,
            "roe_4q": 9.66,
            "gross_profit": 279779,
            "gross_margin": 20.32,
            "gross_margin_4q_avg": 20.16,
            "net_income": 108394,
            "net_income_4q": null,
            "revenue": 1376763,
            "revenue_4q": null,
            "common_shares": 601214,
            "book_valuer_per_share": 63.65,
            "book_valuer_per_share_4q_avg": 64.39,
            "equity": 3826793,
            "current_ratio": 185.21,
            "debt_ratio": 43.08,
            "inventory_turnover_ratio": 2.25,
            "account_receivable_turnover_ratio": 0.81,
            "reinvestment_rate": 28.78,
            "research_to_sale_ratio": 3.98,
            "price_fair": 233.01,
            "eps_avg_yearly": 6.66,
            "eps_latest_yearly": 7.2,
            "eps_growth_yearly": 140.28
        },
        "20203": {
            "year_quarter": 20203,
            "year": 2020,
            "quarter": 3,
            "eps": 1.94,
            "eps_growth_year": -24.22,
            "eps_4q": 5.56,
            "eps_4q_growth_year": -30.26,
            "roe": 2.98,
            "roe_4q": 8.6,
            "gross_profit": 357583,
            "gross_margin": 23.39,
            "gross_margin_4q_avg": 19.76,
            "net_income": 116503,
            "net_income_4q": null,
            "revenue": 1528718,
            "revenue_4q": null,
            "common_shares": 601214,
            "book_valuer_per_share": 66.19,
            "book_valuer_per_share_4q_avg": 64.93,
            "equity": 3979479,
            "current_ratio": 177.98,
            "debt_ratio": 43.96,
            "inventory_turnover_ratio": 2.44,
            "account_receivable_turnover_ratio": 0.79,
            "reinvestment_rate": 33.75,
            "research_to_sale_ratio": 3.97,
            "price_fair": 227.68,
            "eps_avg_yearly": 6.51,
            "eps_latest_yearly": 7.76,
            "eps_growth_yearly": 143.35
        },
        "20204": {
            "year_quarter": 20204,
            "year": 2020,
            "quarter": 4,
            "eps": 1.03,
            "eps_growth_year": -33.74,
            "eps_4q": 5.03,
            "eps_4q_growth_year": -34.86,
            "roe": 1.53,
            "roe_4q": 7.73,
            "gross_profit": 344357,
            "gross_margin": 20.77,
            "gross_margin_4q_avg": 19.82,
            "net_income": 61747,
            "net_income_4q": null,
            "revenue": 1657917,
            "revenue_4q": null,
            "common_shares": 601214,
            "book_valuer_per_share": 68.39,
            "book_valuer_per_share_4q_avg": 65.78,
            "equity": 4111480,
            "current_ratio": 163.9,
            "debt_ratio": 48.01,
            "inventory_turnover_ratio": 2.39,
            "account_receivable_turnover_ratio": 0.75,
            "reinvestment_rate": 39.91,
            "research_to_sale_ratio": 4.32,
            "price_fair": 227.85,
            "eps_avg_yearly": 6.51,
            "eps_latest_yearly": 4.12,
            "eps_growth_yearly": 146.72
        },
        "20211": {
            "year_quarter": 20211,
            "year": 2021,
            "quarter": 1,
            "eps": 1.04,
            "eps_growth_year": 285.19,
            "eps_4q": 5.81,
            "eps_4q_growth_year": -10.51,
            "roe": 1.52,
            "roe_4q": 8.84,
            "gross_profit": 281462,
            "gross_margin": 18.42,
            "gross_margin_4q_avg": 20.73,
            "net_income": 62594,
            "net_income_4q": null,
            "revenue": 1528126,
            "revenue_4q": null,
            "common_shares": 601214,
            "book_valuer_per_share": 68.98,
            "book_valuer_per_share_4q_avg": 66.8,
            "equity": 4147403,
            "current_ratio": 161.73,
            "debt_ratio": 48.43,
            "inventory_turnover_ratio": 1.64,
            "account_receivable_turnover_ratio": 0.66,
            "reinvestment_rate": 43.47,
            "research_to_sale_ratio": 4.4,
            "price_fair": 223.21,
            "eps_avg_yearly": 6.38,
            "eps_latest_yearly": 4.16,
            "eps_growth_yearly": 133.1
        },
        "20212": {
            "year_quarter": 20212,
            "year": 2021,
            "quarter": 2,
            "eps": 0.22,
            "eps_growth_year": -87.78,
            "eps_4q": 4.23,
            "eps_4q_growth_year": -31.57,
            "roe": 0.33,
            "roe_4q": 6.359999999999999,
            "gross_profit": 253313,
            "gross_margin": 14.09,
            "gross_margin_4q_avg": 19.17,
            "net_income": 13408,
            "net_income_4q": null,
            "revenue": 1797337,
            "revenue_4q": null,
            "common_shares": 601214,
            "book_valuer_per_share": 65.92,
            "book_valuer_per_share_4q_avg": 67.37,
            "equity": 3963065,
            "current_ratio": 154.44,
            "debt_ratio": 50.02,
            "inventory_turnover_ratio": 1.82,
            "account_receivable_turnover_ratio": 0.75,
            "reinvestment_rate": 47.85,
            "research_to_sale_ratio": 3.28,
            "price_fair": 211.66,
            "eps_avg_yearly": 6.05,
            "eps_latest_yearly": 0.88,
            "eps_growth_yearly": 113.87
        },
        "20213": {
            "year_quarter": 20213,
            "year": 2021,
            "quarter": 3,
            "eps": 0.32,
            "eps_growth_year": -83.51,
            "eps_4q": 2.6,
            "eps_4q_growth_year": -53.18,
            "roe": 0.47,
            "roe_4q": 3.8500000000000005,
            "gross_profit": 249252,
            "gross_margin": 14.79,
            "gross_margin_4q_avg": 17.02,
            "net_income": 18701,
            "net_income_4q": null,
            "revenue": 1684866,
            "revenue_4q": null,
            "common_shares": 601214,
            "book_valuer_per_share": 66,
            "book_valuer_per_share_4q_avg": 67.32,
            "equity": 3967898,
            "current_ratio": 146.27,
            "debt_ratio": 52.6,
            "inventory_turnover_ratio": 1.72,
            "account_receivable_turnover_ratio": 0.67,
            "reinvestment_rate": 76.11,
            "research_to_sale_ratio": 3.72,
            "price_fair": 201.6,
            "eps_avg_yearly": 5.76,
            "eps_latest_yearly": 1.28,
            "eps_growth_yearly": 126.37
        },
        "20214": {
            "year_quarter": 20214,
            "year": 2021,
            "quarter": 4,
            "eps": 2.55,
            "eps_growth_year": 147.93,
            "eps_4q": 4.12,
            "eps_4q_growth_year": -18.13,
            "roe": 3.78,
            "roe_4q": 6.1,
            "gross_profit": 444698,
            "gross_margin": 18.25,
            "gross_margin_4q_avg": 16.39,
            "net_income": 153092,
            "net_income_4q": null,
            "revenue": 2436337,
            "revenue_4q": null,
            "common_shares": 601214,
            "book_valuer_per_share": 68.69,
            "book_valuer_per_share_4q_avg": 67.4,
            "equity": 4129488,
            "current_ratio": 142.96,
            "debt_ratio": 54.36,
            "inventory_turnover_ratio": 2.35,
            "account_receivable_turnover_ratio": 0.87,
            "reinvestment_rate": 77.11,
            "research_to_sale_ratio": 3.73,
            "price_fair": 212.98,
            "eps_avg_yearly": 6.09,
            "eps_latest_yearly": 10.2,
            "eps_growth_yearly": 304.33
        },
        "20221": {
            "year_quarter": 20221,
            "year": 2022,
            "quarter": 1,
            "eps": 2.71,
            "eps_growth_year": 160.58,
            "eps_4q": 5.79,
            "eps_4q_growth_year": -0.27,
            "roe": 3.83,
            "roe_4q": 8.41,
            "gross_profit": 466711,
            "gross_margin": 20.91,
            "gross_margin_4q_avg": 17.01,
            "net_income": 163084,
            "net_income_4q": null,
            "revenue": 2232349,
            "revenue_4q": null,
            "common_shares": 601214,
            "book_valuer_per_share": 72.87,
            "book_valuer_per_share_4q_avg": 68.37,
            "equity": 4381205,
            "current_ratio": 141.49,
            "debt_ratio": 54.98,
            "inventory_turnover_ratio": 2.12,
            "account_receivable_turnover_ratio": 0.7,
            "reinvestment_rate": 75.2,
            "research_to_sale_ratio": 2.13,
            "price_fair": 228.46,
            "eps_avg_yearly": 6.53,
            "eps_latest_yearly": 10.84,
            "eps_growth_yearly": 312.1
        },
        "20222": {
            "year_quarter": 20222,
            "year": 2022,
            "quarter": 2,
            "eps": 1.45,
            "eps_growth_year": 559.09,
            "eps_4q": 7.02,
            "eps_4q_growth_year": 66.04,
            "roe": 2,
            "roe_4q": 10.08,
            "gross_profit": 289613,
            "gross_margin": 20,
            "gross_margin_4q_avg": 18.49,
            "net_income": 87288,
            "net_income_4q": null,
            "revenue": 1448424,
            "revenue_4q": null,
            "common_shares": 601214,
            "book_valuer_per_share": 72.46,
            "book_valuer_per_share_4q_avg": 70.01,
            "equity": 4356162,
            "current_ratio": 166.81,
            "debt_ratio": 50.85,
            "inventory_turnover_ratio": 1.35,
            "account_receivable_turnover_ratio": 0.53,
            "reinvestment_rate": 76.53,
            "research_to_sale_ratio": 3.31,
            "price_fair": 220.59,
            "eps_avg_yearly": 6.3,
            "eps_latest_yearly": 5.8,
            "eps_growth_yearly": 262.97
        },
        "20223": {
            "year_quarter": 20223,
            "year": 2022,
            "quarter": 3,
            "eps": 2.78,
            "eps_growth_year": 768.75,
            "eps_4q": 9.49,
            "eps_4q_growth_year": 264.56,
            "roe": 3.75,
            "roe_4q": 13.36,
            "gross_profit": 329193,
            "gross_margin": 20.08,
            "gross_margin_4q_avg": 19.81,
            "net_income": 166894,
            "net_income_4q": null,
            "revenue": 1639302,
            "revenue_4q": null,
            "common_shares": 601214,
            "book_valuer_per_share": 75.43,
            "book_valuer_per_share_4q_avg": 72.36,
            "equity": 4534903,
            "current_ratio": 174.85,
            "debt_ratio": 48.76,
            "inventory_turnover_ratio": 1.59,
            "account_receivable_turnover_ratio": 0.69,
            "reinvestment_rate": 75.04,
            "research_to_sale_ratio": 3.8,
            "price_fair": 224.26,
            "eps_avg_yearly": 6.41,
            "eps_latest_yearly": 11.12,
            "eps_growth_yearly": 285.8
        },
        "20224": {
            "year_quarter": 20224,
            "year": 2022,
            "quarter": 4,
            "eps": 0.94,
            "eps_growth_year": -62.96,
            "eps_4q": 7.88,
            "eps_4q_growth_year": 91.27,
            "roe": 1.24,
            "roe_4q": 10.82,
            "gross_profit": 318465,
            "gross_margin": 18.73,
            "gross_margin_4q_avg": 19.93,
            "net_income": 56702,
            "net_income_4q": null,
            "revenue": 1700533,
            "revenue_4q": null,
            "common_shares": 601214,
            "book_valuer_per_share": 76.16,
            "book_valuer_per_share_4q_avg": 74.23,
            "equity": 4578551,
            "current_ratio": 171.69,
            "debt_ratio": 49.42,
            "inventory_turnover_ratio": 1.87,
            "account_receivable_turnover_ratio": 0.69,
            "reinvestment_rate": 76.72,
            "research_to_sale_ratio": 3.72,
            "price_fair": 216.83,
            "eps_avg_yearly": 6.2,
            "eps_latest_yearly": 3.76,
            "eps_growth_yearly": 275.29
        },
        "20231": {
            "year_quarter": 20231,
            "year": 2023,
            "quarter": 1,
            "eps": 0.06,
            "eps_growth_year": -97.79,
            "eps_4q": 5.23,
            "eps_4q_growth_year": -9.74,
            "roe": 0.08,
            "roe_4q": 7.07,
            "gross_profit": 169045,
            "gross_margin": 12.82,
            "gross_margin_4q_avg": 17.91,
            "net_income": 3491,
            "net_income_4q": null,
            "revenue": 1319114,
            "revenue_4q": null,
            "common_shares": 601214,
            "book_valuer_per_share": 73.47,
            "book_valuer_per_share_4q_avg": 74.38,
            "equity": 4416829,
            "current_ratio": 170.86,
            "debt_ratio": 48.05,
            "inventory_turnover_ratio": 1.57,
            "account_receivable_turnover_ratio": 0.6,
            "reinvestment_rate": 83.79,
            "research_to_sale_ratio": 3.4,
            "price_fair": 204.23,
            "eps_avg_yearly": 5.84,
            "eps_latest_yearly": 0.24,
            "eps_growth_yearly": 255.94
        },
        "20232": {
            "year_quarter": 20232,
            "year": 2023,
            "quarter": 2,
            "eps": 2.04,
            "eps_growth_year": 40.69,
            "eps_4q": 5.81,
            "eps_4q_growth_year": -17.2,
            "roe": 2.76,
            "roe_4q": 7.83,
            "gross_profit": 302013,
            "gross_margin": 15.32,
            "gross_margin_4q_avg": 16.74,
            "net_income": 122481,
            "net_income_4q": null,
            "revenue": 1970994,
            "revenue_4q": null,
            "common_shares": 601214,
            "book_valuer_per_share": 74.03,
            "book_valuer_per_share_4q_avg": 74.77,
            "equity": 4451161,
            "current_ratio": 167.56,
            "debt_ratio": 48.76,
            "inventory_turnover_ratio": 2.2,
            "account_receivable_turnover_ratio": 0.84,
            "reinvestment_rate": 84.47,
            "research_to_sale_ratio": 2.47,
            "price_fair": 203.53,
            "eps_avg_yearly": 5.82,
            "eps_latest_yearly": 8.16,
            "eps_growth_yearly": 1070.6
        },
        "20233": {
            "year_quarter": 20233,
            "year": 2023,
            "quarter": 3,
            "eps": 3.75,
            "eps_growth_year": 34.89,
            "eps_4q": 6.33,
            "eps_4q_growth_year": -33.29,
            "roe": 4.77,
            "roe_4q": 8.85,
            "gross_profit": 515960,
            "gross_margin": 19.96,
            "gross_margin_4q_avg": 16.71,
            "net_income": 227534,
            "net_income_4q": null,
            "revenue": 2584601,
            "revenue_4q": null,
            "common_shares": 601228,
            "book_valuer_per_share": 78.55,
            "book_valuer_per_share_4q_avg": 75.55,
            "equity": 5091145,
            "current_ratio": 156.74,
            "debt_ratio": 48.63,
            "inventory_turnover_ratio": 2.78,
            "account_receivable_turnover_ratio": 0.83,
            "reinvestment_rate": 40.8,
            "research_to_sale_ratio": 2.35,
            "price_fair": 213.94,
            "eps_avg_yearly": 6.11,
            "eps_latest_yearly": 15,
            "eps_growth_yearly": 1086.37
        }
    },
    "months": {
        "2007-01": {
            "month": "2007-01",
            "price": "136.50",
            "revenue": 126393
        },
        "2007-02": {
            "month": "2007-02",
            "price": "137.63",
            "revenue": 83875
        },
        "2007-03": {
            "month": "2007-03",
            "price": "145.94",
            "revenue": 133467
        },
        "2007-04": {
            "month": "2007-04",
            "price": "147.86",
            "revenue": 128045
        },
        "2007-05": {
            "month": "2007-05",
            "price": "150.46",
            "revenue": 115146
        },
        "2007-06": {
            "month": "2007-06",
            "price": "170.40",
            "revenue": 121606
        },
        "2007-07": {
            "month": "2007-07",
            "price": "182.57",
            "revenue": 143343
        },
        "2007-08": {
            "month": "2007-08",
            "price": "142.50",
            "revenue": 149001
        },
        "2007-09": {
            "month": "2007-09",
            "price": "138.95",
            "revenue": 116249
        },
        "2007-10": {
            "month": "2007-10",
            "price": "135.97",
            "revenue": 152080
        },
        "2007-11": {
            "month": "2007-11",
            "price": "127.40",
            "revenue": 136146
        },
        "2007-12": {
            "month": "2007-12",
            "price": "110.28",
            "revenue": 120096
        },
        "2008-01": {
            "month": "2008-01",
            "price": "102.22",
            "revenue": 131243
        },
        "2008-02": {
            "month": "2008-02",
            "price": "94.56",
            "revenue": 89791
        },
        "2008-03": {
            "month": "2008-03",
            "price": "76.27",
            "revenue": 121823
        },
        "2008-04": {
            "month": "2008-04",
            "price": "78.25",
            "revenue": 134642
        },
        "2008-05": {
            "month": "2008-05",
            "price": "70.82",
            "revenue": 135349
        },
        "2008-06": {
            "month": "2008-06",
            "price": "55.28",
            "revenue": 83883
        },
        "2008-07": {
            "month": "2008-07",
            "price": "43.35",
            "revenue": 250393
        },
        "2008-08": {
            "month": "2008-08",
            "price": "41.09",
            "revenue": 277195
        },
        "2008-09": {
            "month": "2008-09",
            "price": "30.41",
            "revenue": 350392
        },
        "2008-10": {
            "month": "2008-10",
            "price": "25.99",
            "revenue": 358114
        },
        "2008-11": {
            "month": "2008-11",
            "price": "22.82",
            "revenue": 276854
        },
        "2008-12": {
            "month": "2008-12",
            "price": "19.70",
            "revenue": 194510
        },
        "2009-01": {
            "month": "2009-01",
            "price": "19.40",
            "revenue": 132214
        },
        "2009-02": {
            "month": "2009-02",
            "price": "19.81",
            "revenue": 198623
        },
        "2009-03": {
            "month": "2009-03",
            "price": "25.70",
            "revenue": 193335
        },
        "2009-04": {
            "month": "2009-04",
            "price": "29.29",
            "revenue": 182089
        },
        "2009-05": {
            "month": "2009-05",
            "price": "30.73",
            "revenue": 188435
        },
        "2009-06": {
            "month": "2009-06",
            "price": "29.29",
            "revenue": 226899
        },
        "2009-07": {
            "month": "2009-07",
            "price": "33.72",
            "revenue": 207449
        },
        "2009-08": {
            "month": "2009-08",
            "price": "32.81",
            "revenue": 232200
        },
        "2009-09": {
            "month": "2009-09",
            "price": "36.53",
            "revenue": 295190
        },
        "2009-10": {
            "month": "2009-10",
            "price": "44.22",
            "revenue": 318754
        },
        "2009-11": {
            "month": "2009-11",
            "price": "43.90",
            "revenue": 296969
        },
        "2009-12": {
            "month": "2009-12",
            "price": "53.47",
            "revenue": 259979
        },
        "2010-01": {
            "month": "2010-01",
            "price": "51.85",
            "revenue": 276169
        },
        "2010-02": {
            "month": "2010-02",
            "price": "43.92",
            "revenue": 247898
        },
        "2010-03": {
            "month": "2010-03",
            "price": "48.20",
            "revenue": 301353
        },
        "2010-04": {
            "month": "2010-04",
            "price": "50.71",
            "revenue": 316981
        },
        "2010-05": {
            "month": "2010-05",
            "price": "45.48",
            "revenue": 290696
        },
        "2010-06": {
            "month": "2010-06",
            "price": "42.68",
            "revenue": 289299
        },
        "2010-07": {
            "month": "2010-07",
            "price": "42.59",
            "revenue": 246333
        },
        "2010-08": {
            "month": "2010-08",
            "price": "40.97",
            "revenue": 267878
        },
        "2010-09": {
            "month": "2010-09",
            "price": "41.94",
            "revenue": 289520
        },
        "2010-10": {
            "month": "2010-10",
            "price": "40.41",
            "revenue": 257530
        },
        "2010-11": {
            "month": "2010-11",
            "price": "34.09",
            "revenue": 282892
        },
        "2010-12": {
            "month": "2010-12",
            "price": "34.06",
            "revenue": 277736
        },
        "2011-01": {
            "month": "2011-01",
            "price": "32.32",
            "revenue": 268472
        },
        "2011-02": {
            "month": "2011-02",
            "price": "30.28",
            "revenue": 199471
        },
        "2011-03": {
            "month": "2011-03",
            "price": "29.50",
            "revenue": 289131
        },
        "2011-04": {
            "month": "2011-04",
            "price": "27.53",
            "revenue": 227788
        },
        "2011-05": {
            "month": "2011-05",
            "price": "24.33",
            "revenue": 303267
        },
        "2011-06": {
            "month": "2011-06",
            "price": "22.54",
            "revenue": 304727
        },
        "2011-07": {
            "month": "2011-07",
            "price": "20.78",
            "revenue": 278175
        },
        "2011-08": {
            "month": "2011-08",
            "price": "18.68",
            "revenue": 324392
        },
        "2011-09": {
            "month": "2011-09",
            "price": "17.85",
            "revenue": 306519
        },
        "2011-10": {
            "month": "2011-10",
            "price": "18.80",
            "revenue": 303468
        },
        "2011-11": {
            "month": "2011-11",
            "price": "18.20",
            "revenue": 282569
        },
        "2011-12": {
            "month": "2011-12",
            "price": "16.60",
            "revenue": 256250
        },
        "2012-01": {
            "month": "2012-01",
            "price": "17.75",
            "revenue": 255714
        },
        "2012-02": {
            "month": "2012-02",
            "price": "21.60",
            "revenue": 195104
        },
        "2012-03": {
            "month": "2012-03",
            "price": "21.58",
            "revenue": 310921
        },
        "2012-04": {
            "month": "2012-04",
            "price": "19.92",
            "revenue": 284050
        },
        "2012-05": {
            "month": "2012-05",
            "price": "23.04",
            "revenue": 291643
        },
        "2012-06": {
            "month": "2012-06",
            "price": "27.41",
            "revenue": 303495
        },
        "2012-07": {
            "month": "2012-07",
            "price": "32.30",
            "revenue": 304241
        },
        "2012-08": {
            "month": "2012-08",
            "price": "36.98",
            "revenue": 279366
        },
        "2012-09": {
            "month": "2012-09",
            "price": "34.29",
            "revenue": 269976
        },
        "2012-10": {
            "month": "2012-10",
            "price": "30.28",
            "revenue": 250651
        },
        "2012-11": {
            "month": "2012-11",
            "price": "25.93",
            "revenue": 256105
        },
        "2012-12": {
            "month": "2012-12",
            "price": "29.68",
            "revenue": 222068
        },
        "2013-01": {
            "month": "2013-01",
            "price": "29.53",
            "revenue": 240228
        },
        "2013-02": {
            "month": "2013-02",
            "price": "29.21",
            "revenue": 171832
        },
        "2013-03": {
            "month": "2013-03",
            "price": "28.66",
            "revenue": 186639
        },
        "2013-04": {
            "month": "2013-04",
            "price": "26.23",
            "revenue": 213444
        },
        "2013-05": {
            "month": "2013-05",
            "price": "26.36",
            "revenue": 201353
        },
        "2013-06": {
            "month": "2013-06",
            "price": "27.64",
            "revenue": 211652
        },
        "2013-07": {
            "month": "2013-07",
            "price": "26.95",
            "revenue": 280617
        },
        "2013-08": {
            "month": "2013-08",
            "price": "25.13",
            "revenue": 316444
        },
        "2013-09": {
            "month": "2013-09",
            "price": "25.28",
            "revenue": 313997
        },
        "2013-10": {
            "month": "2013-10",
            "price": "26.03",
            "revenue": 332144
        },
        "2013-11": {
            "month": "2013-11",
            "price": "27.80",
            "revenue": 331305
        },
        "2013-12": {
            "month": "2013-12",
            "price": "29.31",
            "revenue": 331391
        },
        "2014-01": {
            "month": "2014-01",
            "price": "31.90",
            "revenue": 274082
        },
        "2014-02": {
            "month": "2014-02",
            "price": "30.75",
            "revenue": 242858
        },
        "2014-03": {
            "month": "2014-03",
            "price": "31.56",
            "revenue": 282770
        },
        "2014-04": {
            "month": "2014-04",
            "price": "36.93",
            "revenue": 337470
        },
        "2014-05": {
            "month": "2014-05",
            "price": "45.88",
            "revenue": 382872
        },
        "2014-06": {
            "month": "2014-06",
            "price": "54.18",
            "revenue": 320761
        },
        "2014-07": {
            "month": "2014-07",
            "price": "49.82",
            "revenue": 312504
        },
        "2014-08": {
            "month": "2014-08",
            "price": "46.38",
            "revenue": 295057
        },
        "2014-09": {
            "month": "2014-09",
            "price": "43.89",
            "revenue": 298690
        },
        "2014-10": {
            "month": "2014-10",
            "price": "36.52",
            "revenue": 357228
        },
        "2014-11": {
            "month": "2014-11",
            "price": "35.78",
            "revenue": 332932
        },
        "2014-12": {
            "month": "2014-12",
            "price": "37.72",
            "revenue": 295335
        },
        "2015-01": {
            "month": "2015-01",
            "price": "36.68",
            "revenue": 280406
        },
        "2015-02": {
            "month": "2015-02",
            "price": "35.57",
            "revenue": 254396
        },
        "2015-03": {
            "month": "2015-03",
            "price": "36.01",
            "revenue": 313297
        },
        "2015-04": {
            "month": "2015-04",
            "price": "35.50",
            "revenue": 322288
        },
        "2015-05": {
            "month": "2015-05",
            "price": "29.13",
            "revenue": 279770
        },
        "2015-06": {
            "month": "2015-06",
            "price": "24.51",
            "revenue": 243973
        },
        "2015-07": {
            "month": "2015-07",
            "price": "21.97",
            "revenue": 251778
        },
        "2015-08": {
            "month": "2015-08",
            "price": "19.66",
            "revenue": 330801
        },
        "2015-09": {
            "month": "2015-09",
            "price": "22.34",
            "revenue": 383533
        },
        "2015-10": {
            "month": "2015-10",
            "price": "29.61",
            "revenue": 417577
        },
        "2015-11": {
            "month": "2015-11",
            "price": "36.89",
            "revenue": 363434
        },
        "2015-12": {
            "month": "2015-12",
            "price": "34.25",
            "revenue": 429440
        },
        "2016-01": {
            "month": "2016-01",
            "price": "33.35",
            "revenue": 444885
        },
        "2016-02": {
            "month": "2016-02",
            "price": "41.71",
            "revenue": 277573
        },
        "2016-03": {
            "month": "2016-03",
            "price": "45.41",
            "revenue": 369417
        },
        "2016-04": {
            "month": "2016-04",
            "price": "45.01",
            "revenue": 449112
        },
        "2016-05": {
            "month": "2016-05",
            "price": "45.18",
            "revenue": 579742
        },
        "2016-06": {
            "month": "2016-06",
            "price": "61.03",
            "revenue": 557840
        },
        "2016-07": {
            "month": "2016-07",
            "price": "60.34",
            "revenue": 574367
        },
        "2016-08": {
            "month": "2016-08",
            "price": "74.94",
            "revenue": 507457
        },
        "2016-09": {
            "month": "2016-09",
            "price": "70.42",
            "revenue": 471037
        },
        "2016-10": {
            "month": "2016-10",
            "price": "61.55",
            "revenue": 405670
        },
        "2016-11": {
            "month": "2016-11",
            "price": "61.36",
            "revenue": 424597
        },
        "2016-12": {
            "month": "2016-12",
            "price": "61.24",
            "revenue": 505472
        },
        "2017-01": {
            "month": "2017-01",
            "price": "63.06",
            "revenue": 410038
        },
        "2017-02": {
            "month": "2017-02",
            "price": "66.47",
            "revenue": 406716
        },
        "2017-03": {
            "month": "2017-03",
            "price": "60.37",
            "revenue": 490681
        },
        "2017-04": {
            "month": "2017-04",
            "price": "54.45",
            "revenue": 435806
        },
        "2017-05": {
            "month": "2017-05",
            "price": "59.24",
            "revenue": 459549
        },
        "2017-06": {
            "month": "2017-06",
            "price": "60.63",
            "revenue": 486515
        },
        "2017-07": {
            "month": "2017-07",
            "price": "58.59",
            "revenue": 508987
        },
        "2017-08": {
            "month": "2017-08",
            "price": "59.47",
            "revenue": 467828
        },
        "2017-09": {
            "month": "2017-09",
            "price": "55.31",
            "revenue": 448220
        },
        "2017-10": {
            "month": "2017-10",
            "price": "53.87",
            "revenue": 455172
        },
        "2017-11": {
            "month": "2017-11",
            "price": "53.02",
            "revenue": 472027
        },
        "2017-12": {
            "month": "2017-12",
            "price": "50.84",
            "revenue": 420151
        },
        "2018-01": {
            "month": "2018-01",
            "price": "50.85",
            "revenue": 456319
        },
        "2018-02": {
            "month": "2018-02",
            "price": "47.98",
            "revenue": 344759
        },
        "2018-03": {
            "month": "2018-03",
            "price": "52.27",
            "revenue": 377948
        },
        "2018-04": {
            "month": "2018-04",
            "price": "49.89",
            "revenue": 391417
        },
        "2018-05": {
            "month": "2018-05",
            "price": "47.61",
            "revenue": 557502
        },
        "2018-06": {
            "month": "2018-06",
            "price": "49.91",
            "revenue": 493667
        },
        "2018-07": {
            "month": "2018-07",
            "price": "49.38",
            "revenue": 513029
        },
        "2018-08": {
            "month": "2018-08",
            "price": "51.14",
            "revenue": 491757
        },
        "2018-09": {
            "month": "2018-09",
            "price": "47.80",
            "revenue": 525496
        },
        "2018-10": {
            "month": "2018-10",
            "price": "43.79",
            "revenue": 526329
        },
        "2018-11": {
            "month": "2018-11",
            "price": "48.08",
            "revenue": 529687
        },
        "2018-12": {
            "month": "2018-12",
            "price": "53.88",
            "revenue": 567674
        },
        "2019-01": {
            "month": "2019-01",
            "price": "62.37",
            "revenue": 524189
        },
        "2019-02": {
            "month": "2019-02",
            "price": "71.43",
            "revenue": 426861
        },
        "2019-03": {
            "month": "2019-03",
            "price": "72.51",
            "revenue": 426197
        },
        "2019-04": {
            "month": "2019-04",
            "price": "70.42",
            "revenue": 462747
        },
        "2019-05": {
            "month": "2019-05",
            "price": "65.42",
            "revenue": 507566
        },
        "2019-06": {
            "month": "2019-06",
            "price": "65.31",
            "revenue": 528073
        },
        "2019-07": {
            "month": "2019-07",
            "price": "69.97",
            "revenue": 506110
        },
        "2019-08": {
            "month": "2019-08",
            "price": "69.01",
            "revenue": 468618
        },
        "2019-09": {
            "month": "2019-09",
            "price": "69.84",
            "revenue": 475358
        },
        "2019-10": {
            "month": "2019-10",
            "price": "68.70",
            "revenue": 482410
        },
        "2019-11": {
            "month": "2019-11",
            "price": "79.20",
            "revenue": 501094
        },
        "2019-12": {
            "month": "2019-12",
            "price": "82.23",
            "revenue": 454351
        },
        "2020-01": {
            "month": "2020-01",
            "price": "90.96",
            "revenue": 432178
        },
        "2020-02": {
            "month": "2020-02",
            "price": "82.81",
            "revenue": 176866
        },
        "2020-03": {
            "month": "2020-03",
            "price": "69.01",
            "revenue": 373787
        },
        "2020-04": {
            "month": "2020-04",
            "price": "67.46",
            "revenue": 495477
        },
        "2020-05": {
            "month": "2020-05",
            "price": "65.27",
            "revenue": 476051
        },
        "2020-06": {
            "month": "2020-06",
            "price": "63.69",
            "revenue": 405234
        },
        "2020-07": {
            "month": "2020-07",
            "price": "64.35",
            "revenue": 437105
        },
        "2020-08": {
            "month": "2020-08",
            "price": "64.08",
            "revenue": 522277
        },
        "2020-09": {
            "month": "2020-09",
            "price": "69.05",
            "revenue": 569336
        },
        "2020-10": {
            "month": "2020-10",
            "price": "67.72",
            "revenue": 530504
        },
        "2020-11": {
            "month": "2020-11",
            "price": "69.28",
            "revenue": 547030
        },
        "2020-12": {
            "month": "2020-12",
            "price": "70.07",
            "revenue": 580383
        },
        "2021-01": {
            "month": "2021-01",
            "price": "74.56",
            "revenue": 524497
        },
        "2021-02": {
            "month": "2021-02",
            "price": "72.66",
            "revenue": 497419
        },
        "2021-03": {
            "month": "2021-03",
            "price": "77.26",
            "revenue": 506210
        },
        "2021-04": {
            "month": "2021-04",
            "price": "83.33",
            "revenue": 541648
        },
        "2021-05": {
            "month": "2021-05",
            "price": "70.14",
            "revenue": 620247
        },
        "2021-06": {
            "month": "2021-06",
            "price": "75.69",
            "revenue": 635442
        },
        "2021-07": {
            "month": "2021-07",
            "price": "74.24",
            "revenue": 512260
        },
        "2021-08": {
            "month": "2021-08",
            "price": "63.50",
            "revenue": 617438
        },
        "2021-09": {
            "month": "2021-09",
            "price": "62.87",
            "revenue": 555167
        },
        "2021-10": {
            "month": "2021-10",
            "price": "54.46",
            "revenue": 587276
        },
        "2021-11": {
            "month": "2021-11",
            "price": "55.88",
            "revenue": 856755
        },
        "2021-12": {
            "month": "2021-12",
            "price": "62.39",
            "revenue": 992307
        },
        "2022-01": {
            "month": "2022-01",
            "price": "66.98",
            "revenue": 902614
        },
        "2022-02": {
            "month": "2022-02",
            "price": "75.08",
            "revenue": 660553
        },
        "2022-03": {
            "month": "2022-03",
            "price": "73.32",
            "revenue": 669182
        },
        "2022-04": {
            "month": "2022-04",
            "price": "66.41",
            "revenue": 380019
        },
        "2022-05": {
            "month": "2022-05",
            "price": "64.30",
            "revenue": 456143
        },
        "2022-06": {
            "month": "2022-06",
            "price": "65.11",
            "revenue": 612263
        },
        "2022-07": {
            "month": "2022-07",
            "price": "58.13",
            "revenue": 502716
        },
        "2022-08": {
            "month": "2022-08",
            "price": "63.33",
            "revenue": 605636
        },
        "2022-09": {
            "month": "2022-09",
            "price": "64.39",
            "revenue": 530949
        },
        "2022-10": {
            "month": "2022-10",
            "price": "54.88",
            "revenue": 597147
        },
        "2022-11": {
            "month": "2022-11",
            "price": "59.14",
            "revenue": 524360
        },
        "2022-12": {
            "month": "2022-12",
            "price": "59.40",
            "revenue": 579026
        },
        "2023-01": {
            "month": "2023-01",
            "price": "61.32",
            "revenue": 369065
        },
        "2023-02": {
            "month": "2023-02",
            "price": "66.08",
            "revenue": 387814
        },
        "2023-03": {
            "month": "2023-03",
            "price": "66.74",
            "revenue": 562236
        },
        "2023-04": {
            "month": "2023-04",
            "price": "68.74",
            "revenue": 596409
        },
        "2023-05": {
            "month": "2023-05",
            "price": "72.02",
            "revenue": 683589
        },
        "2023-06": {
            "month": "2023-06",
            "price": "75.45",
            "revenue": 690996
        },
        "2023-07": {
            "month": "2023-07",
            "price": "74.09",
            "revenue": 815400
        },
        "2023-08": {
            "month": "2023-08",
            "price": "82.24",
            "revenue": 871818
        },
        "2023-09": {
            "month": "2023-09",
            "price": "127.12",
            "revenue": 897384
        },
        "2023-10": {
            "month": "2023-10",
            "price": "143.58",
            "revenue": 787621
        },
        "2023-11": {
            "month": "2023-11",
            "price": "198.11",
            "revenue": 860610
        },
        "2023-12": {
            "month": "2023-12",
            "price": "212.45",
            "revenue": 697723
        }
    }
}
