{
    "summary": {
        "stock_name": "聯穎",
        "stock_id": "3550",
        "category": "電子零組件",
        "main_business": "資訊、通訊及消費性電子用訊號傳輸線材及線組之研發、製造及銷售<br>醫療、工業及自動化設備用訊號傳輸線材及線組之研發、製造及銷售<br>汽車、伺服器用訊號傳輸線材及線組與塑膠製品之研發、製造及銷售",
        "website_url": "http://www.copartner.com.tw",
        "ceo": "廖文宏",
        "pe_ratio": -9,
        "report_year_from": 2006,
        "report_year_to": 2023,
        "age": 18,
        "eps_negative_percentage": 24,
        "eps_growth_avg": {
            "last_all": -11.54,
            "last_2y": -48.94,
            "last_4y": -23.37,
            "last_8y": -9.19,
            "last_12y": -5.59,
            "last_16y": null,
            "last_20y": null,
            "at_2006_last_3y": null,
            "at_2007_last_3y": null,
            "at_2008_last_3y": null,
            "at_2009_last_3y": null,
            "at_2010_last_3y": null,
            "at_2011_last_3y": -62.84,
            "at_2012_last_3y": -44.25,
            "at_2013_last_3y": 3.83,
            "at_2014_last_3y": 4.01,
            "at_2015_last_3y": 30.73,
            "at_2016_last_3y": 30.52,
            "at_2017_last_3y": 9.69,
            "at_2018_last_3y": 4.98,
            "at_2019_last_3y": -4.48,
            "at_2020_last_3y": 3.57,
            "at_2021_last_3y": -0.07,
            "at_2022_last_3y": -23.37,
            "at_2023_last_3y": -11.93,
            "at_2024_last_3y": -11.93,
            "at_2006_last_all": null,
            "at_2007_last_all": null,
            "at_2008_last_all": null,
            "at_2009_last_all": -100,
            "at_2010_last_all": -44.25,
            "at_2011_last_all": -62.84,
            "at_2012_last_all": -62.84,
            "at_2013_last_all": -22.13,
            "at_2014_last_all": -15.29,
            "at_2015_last_all": -16.05,
            "at_2016_last_all": -9.49,
            "at_2017_last_all": -6.22,
            "at_2018_last_all": -6.28,
            "at_2019_last_all": -11.42,
            "at_2020_last_all": -4.74,
            "at_2021_last_all": -4.17,
            "at_2022_last_all": -11.54,
            "at_2023_last_all": -11.54,
            "at_2024_last_all": -11.54
        },
        "latest_eps": -1.67,
        "latest_price": 15.4,
        "latest_roe": -7.68,
        "latest_gross_margin": 8.92,
        "latest_equity": 1816228,
        "latest_revenue": 957410,
        "latest_gross_profit": 85424,
        "latest_net_income": -85400,
        "latest_debt_ratio": 60.44,
        "latest_current_ratio": 165.33,
        "latest_account_receivable_turnover_ratio": 0.69,
        "latest_inventory_turnover_ratio": 3.01,
        "latest_reinvestment_rate": 2141.9,
        "latest_research_to_sale_ratio": 3.32
    },
    "eps_dividends": {
        "2001": {
            "cash": 0,
            "stock": 0,
            "eps": 0
        },
        "2002": {
            "cash": 0,
            "stock": 0,
            "eps": 0
        },
        "2003": {
            "cash": 0,
            "stock": 0,
            "eps": 0
        },
        "2004": {
            "cash": 0,
            "stock": 0,
            "eps": 0
        },
        "2005": {
            "cash": 0,
            "stock": 0,
            "eps": 0
        },
        "2006": {
            "cash": 0,
            "stock": 0,
            "eps": 0
        },
        "2007": {
            "cash": 2,
            "stock": 2,
            "eps": 1.59
        },
        "2008": {
            "cash": 2,
            "stock": 0.5,
            "eps": -2.06
        },
        "2009": {
            "cash": 1,
            "stock": 0,
            "eps": 3.22
        },
        "2010": {
            "cash": 2,
            "stock": 0,
            "eps": 3.59
        },
        "2011": {
            "cash": 3,
            "stock": 0,
            "eps": -1.55
        },
        "2012": {
            "cash": 0,
            "stock": 0,
            "eps": 0.29
        },
        "2013": {
            "cash": 0.5,
            "stock": 0,
            "eps": 1.08
        },
        "2014": {
            "cash": 1,
            "stock": 0,
            "eps": 1.21
        },
        "2015": {
            "cash": 1,
            "stock": 0,
            "eps": 0.97
        },
        "2016": {
            "cash": 1,
            "stock": 0,
            "eps": 1.26
        },
        "2017": {
            "cash": 1.5,
            "stock": 0,
            "eps": 1.47
        },
        "2018": {
            "cash": 1.5,
            "stock": 0,
            "eps": 1.37
        },
        "2019": {
            "cash": 1,
            "stock": 0,
            "eps": 0.58
        },
        "2020": {
            "cash": 0.5,
            "stock": 0,
            "eps": 0.94
        },
        "2021": {
            "cash": 0.5,
            "stock": 0,
            "eps": 0.96
        },
        "2022": {
            "cash": 0.3,
            "stock": 0.3,
            "eps": -0.26
        },
        "2023": {
            "cash": 0.5,
            "stock": 0,
            "eps": -1.59
        }
    },
    "dividends": {
        "2007-04-18": {
            "cash": 2,
            "stock": 2
        },
        "2008-03-28": {
            "cash": 2,
            "stock": 0.5
        },
        "2009-04-22": {
            "cash": 1,
            "stock": 0
        },
        "2010-03-23": {
            "cash": 2,
            "stock": 0
        },
        "2011-01-01": {
            "cash": 0.5,
            "stock": 0
        },
        "2011-03-30": {
            "cash": 2.5,
            "stock": 0
        },
        "2013-03-27": {
            "cash": 0.5,
            "stock": 0
        },
        "2014-07-31": {
            "cash": 1,
            "stock": 0
        },
        "2015-07-24": {
            "cash": 1,
            "stock": 0
        },
        "2016-07-28": {
            "cash": 1,
            "stock": 0
        },
        "2017-08-17": {
            "cash": 1.5,
            "stock": 0
        },
        "2018-08-16": {
            "cash": 1.5,
            "stock": 0
        },
        "2019-08-16": {
            "cash": 1,
            "stock": 0
        },
        "2020-08-14": {
            "cash": 0.5,
            "stock": 0
        },
        "2021-10-07": {
            "cash": 0.5,
            "stock": 0
        },
        "2022-08-11": {
            "cash": 0.3,
            "stock": 0.3
        },
        "2023-08-17": {
            "cash": 0.5,
            "stock": 0
        }
    },
    "prices": {
        "200101": "無",
        "200102": "無",
        "200103": "無",
        "200104": "無",
        "200105": "無",
        "200106": "無",
        "200107": "無",
        "200108": "無",
        "200109": "無",
        "200110": "無",
        "200111": "無",
        "200112": "無",
        "200201": "無",
        "200202": "無",
        "200203": "無",
        "200204": "無",
        "200205": "無",
        "200206": "無",
        "200207": "無",
        "200208": "無",
        "200209": "無",
        "200210": "無",
        "200211": "無",
        "200212": "無",
        "200301": "無",
        "200302": "無",
        "200303": "無",
        "200304": "無",
        "200305": "無",
        "200306": "無",
        "200307": "無",
        "200308": "無",
        "200309": "無",
        "200310": "無",
        "200311": "無",
        "200312": "無",
        "200401": "無",
        "200402": "無",
        "200403": "無",
        "200404": "無",
        "200405": "無",
        "200406": "無",
        "200407": "無",
        "200408": "無",
        "200409": "無",
        "200410": "無",
        "200411": "無",
        "200412": "無",
        "200501": "無",
        "200502": "無",
        "200503": "無",
        "200504": "無",
        "200505": "無",
        "200506": "無",
        "200507": "無",
        "200508": "無",
        "200509": "無",
        "200510": "無",
        "200511": "無",
        "200512": "無",
        "200601": "無",
        "200602": "無",
        "200603": "無",
        "200604": "無",
        "200605": "無",
        "200606": "無",
        "200607": "無",
        "200608": "無",
        "200609": "無",
        "200610": "無",
        "200611": "無",
        "200612": "無",
        "200701": "無",
        "200702": "無",
        "200703": "無",
        "200704": "無",
        "200705": "無",
        "200706": "無",
        "200707": "無",
        "200708": "無",
        "200709": "54.65",
        "200710": "43.80",
        "200711": "45.94",
        "200712": "41.85",
        "200801": "38.60",
        "200802": "36.14",
        "200803": "40.67",
        "200804": "38.51",
        "200805": "39.11",
        "200806": "36.94",
        "200807": "32.26",
        "200808": "28.22",
        "200809": "26.86",
        "200810": "22.52",
        "200811": "14.95",
        "200812": "11.34",
        "200901": "8.14",
        "200902": "7.57",
        "200903": "11.37",
        "200904": "15.40",
        "200905": "14.14",
        "200906": "13.52",
        "200907": "15.00",
        "200908": "16.29",
        "200909": "23.55",
        "200910": "25.02",
        "200911": "25.56",
        "200912": "27.18",
        "201001": "31.42",
        "201002": "28.94",
        "201003": "30.18",
        "201004": "36.21",
        "201005": "39.05",
        "201006": "34.60",
        "201007": "34.68",
        "201008": "35.23",
        "201009": "37.73",
        "201010": "35.55",
        "201011": "29.17",
        "201012": "30.12",
        "201101": "29.66",
        "201102": "29.19",
        "201103": "27.88",
        "201104": "28.16",
        "201105": "24.57",
        "201106": "23.56",
        "201107": "20.29",
        "201108": "16.12",
        "201109": "15.80",
        "201110": "14.90",
        "201111": "12.42",
        "201112": "11.02",
        "201201": "10.87",
        "201202": "13.48",
        "201203": "13.74",
        "201204": "12.91",
        "201205": "12.82",
        "201206": "12.18",
        "201207": "12.64",
        "201208": "13.23",
        "201209": "14.04",
        "201210": "13.14",
        "201211": "12.24",
        "201212": "12.10",
        "201301": "12.03",
        "201302": "12.84",
        "201303": "13.85",
        "201304": "13.56",
        "201305": "13.98",
        "201306": "13.37",
        "201307": "12.84",
        "201308": "13.74",
        "201309": "14.96",
        "201310": "15.50",
        "201311": "14.69",
        "201312": "16.95",
        "201401": "18.16",
        "201402": "18.05",
        "201403": "18.57",
        "201404": "17.66",
        "201405": "16.64",
        "201406": "17.10",
        "201407": "17.34",
        "201408": "17.07",
        "201409": "16.93",
        "201410": "16.10",
        "201411": "15.90",
        "201412": "16.69",
        "201501": "16.64",
        "201502": "16.78",
        "201503": "16.76",
        "201504": "16.94",
        "201505": "15.70",
        "201506": "13.83",
        "201507": "13.16",
        "201508": "12.44",
        "201509": "11.94",
        "201510": "11.67",
        "201511": "12.07",
        "201512": "11.86",
        "201601": "11.90",
        "201602": "12.23",
        "201603": "12.56",
        "201604": "13.40",
        "201605": "12.91",
        "201606": "13.38",
        "201607": "13.68",
        "201608": "15.23",
        "201609": "16.88",
        "201610": "16.10",
        "201611": "15.41",
        "201612": "15.62",
        "201701": "15.23",
        "201702": "16.63",
        "201703": "17.58",
        "201704": "18.56",
        "201705": "17.62",
        "201706": "17.49",
        "201707": "17.04",
        "201708": "15.86",
        "201709": "15.93",
        "201710": "15.94",
        "201711": "16.65",
        "201712": "19.23",
        "201801": "22.59",
        "201802": "21.63",
        "201803": "21.25",
        "201804": "21.25",
        "201805": "20.23",
        "201806": "23.00",
        "201807": "21.02",
        "201808": "19.70",
        "201809": "18.30",
        "201810": "15.78",
        "201811": "15.80",
        "201812": "16.29",
        "201901": "16.35",
        "201902": "17.13",
        "201903": "17.96",
        "201904": "17.59",
        "201905": "16.05",
        "201906": "15.13",
        "201907": "15.33",
        "201908": "14.39",
        "201909": "14.40",
        "201910": "14.52",
        "201911": "14.66",
        "201912": "14.56",
        "202001": "14.48",
        "202002": "13.41",
        "202003": "11.15",
        "202004": "11.68",
        "202005": "12.22",
        "202006": "12.68",
        "202007": "12.52",
        "202008": "13.32",
        "202009": "14.55",
        "202010": "14.95",
        "202011": "14.15",
        "202012": "14.92",
        "202101": "14.59",
        "202102": "14.65",
        "202103": "16.72",
        "202104": "20.64",
        "202105": "18.20",
        "202106": "18.64",
        "202107": "21.14",
        "202108": "19.90",
        "202109": "18.43",
        "202110": "16.92",
        "202111": "18.20",
        "202112": "18.34",
        "202201": "18.17",
        "202202": "17.61",
        "202203": "17.10",
        "202204": "16.20",
        "202205": "14.50",
        "202206": "15.04",
        "202207": "14.30",
        "202208": "14.97",
        "202209": "14.79",
        "202210": "13.46",
        "202211": "13.44",
        "202212": "13.92",
        "202301": "13.88",
        "202302": "14.08",
        "202303": "14.86",
        "202304": "15.67",
        "202305": "15.79",
        "202306": "16.26",
        "202307": "16.19",
        "202308": "15.77",
        "202309": "15.44",
        "202310": "15.27",
        "202311": "15.00",
        "202312": "14.89"
    },
    "quarters": {
        "20011": {
            "year_quarter": 20011,
            "year": 2001,
            "quarter": 1,
            "eps": null,
            "eps_growth_year": null,
            "eps_4q": null,
            "eps_4q_growth_year": null,
            "roe": null,
            "roe_4q": 0,
            "gross_profit": null,
            "gross_margin": null,
            "gross_margin_4q_avg": 0,
            "net_income": null,
            "net_income_4q": null,
            "revenue": null,
            "revenue_4q": null,
            "common_shares": null,
            "book_valuer_per_share": null,
            "book_valuer_per_share_4q_avg": 0,
            "equity": null,
            "current_ratio": null,
            "debt_ratio": null,
            "inventory_turnover_ratio": null,
            "account_receivable_turnover_ratio": null,
            "reinvestment_rate": null,
            "research_to_sale_ratio": null,
            "price_fair": 0,
            "eps_avg_yearly": 0,
            "eps_latest_yearly": 0,
            "eps_growth_yearly": 0
        },
        "20012": {
            "year_quarter": 20012,
            "year": 2001,
            "quarter": 2,
            "eps": null,
            "eps_growth_year": null,
            "eps_4q": null,
            "eps_4q_growth_year": null,
            "roe": null,
            "roe_4q": 0,
            "gross_profit": null,
            "gross_margin": null,
            "gross_margin_4q_avg": 0,
            "net_income": null,
            "net_income_4q": null,
            "revenue": null,
            "revenue_4q": null,
            "common_shares": null,
            "book_valuer_per_share": null,
            "book_valuer_per_share_4q_avg": 0,
            "equity": null,
            "current_ratio": null,
            "debt_ratio": null,
            "inventory_turnover_ratio": null,
            "account_receivable_turnover_ratio": null,
            "reinvestment_rate": null,
            "research_to_sale_ratio": null,
            "price_fair": 0,
            "eps_avg_yearly": 0,
            "eps_latest_yearly": 0,
            "eps_growth_yearly": 0
        },
        "20013": {
            "year_quarter": 20013,
            "year": 2001,
            "quarter": 3,
            "eps": null,
            "eps_growth_year": null,
            "eps_4q": null,
            "eps_4q_growth_year": null,
            "roe": null,
            "roe_4q": 0,
            "gross_profit": null,
            "gross_margin": null,
            "gross_margin_4q_avg": 0,
            "net_income": null,
            "net_income_4q": null,
            "revenue": null,
            "revenue_4q": null,
            "common_shares": null,
            "book_valuer_per_share": null,
            "book_valuer_per_share_4q_avg": 0,
            "equity": null,
            "current_ratio": null,
            "debt_ratio": null,
            "inventory_turnover_ratio": null,
            "account_receivable_turnover_ratio": null,
            "reinvestment_rate": null,
            "research_to_sale_ratio": null,
            "price_fair": 0,
            "eps_avg_yearly": 0,
            "eps_latest_yearly": 0,
            "eps_growth_yearly": 0
        },
        "20014": {
            "year_quarter": 20014,
            "year": 2001,
            "quarter": 4,
            "eps": null,
            "eps_growth_year": null,
            "eps_4q": null,
            "eps_4q_growth_year": null,
            "roe": null,
            "roe_4q": 0,
            "gross_profit": null,
            "gross_margin": null,
            "gross_margin_4q_avg": 0,
            "net_income": null,
            "net_income_4q": null,
            "revenue": null,
            "revenue_4q": null,
            "common_shares": 100000,
            "book_valuer_per_share": 37.1,
            "book_valuer_per_share_4q_avg": 9.28,
            "equity": 371048,
            "current_ratio": 113.16,
            "debt_ratio": 68.48,
            "inventory_turnover_ratio": null,
            "account_receivable_turnover_ratio": null,
            "reinvestment_rate": null,
            "research_to_sale_ratio": null,
            "price_fair": 0,
            "eps_avg_yearly": 0,
            "eps_latest_yearly": 0,
            "eps_growth_yearly": 0
        },
        "20021": {
            "year_quarter": 20021,
            "year": 2002,
            "quarter": 1,
            "eps": null,
            "eps_growth_year": null,
            "eps_4q": null,
            "eps_4q_growth_year": null,
            "roe": null,
            "roe_4q": 0,
            "gross_profit": null,
            "gross_margin": null,
            "gross_margin_4q_avg": 0,
            "net_income": null,
            "net_income_4q": null,
            "revenue": null,
            "revenue_4q": null,
            "common_shares": null,
            "book_valuer_per_share": null,
            "book_valuer_per_share_4q_avg": 9.28,
            "equity": null,
            "current_ratio": null,
            "debt_ratio": null,
            "inventory_turnover_ratio": null,
            "account_receivable_turnover_ratio": null,
            "reinvestment_rate": null,
            "research_to_sale_ratio": null,
            "price_fair": 0,
            "eps_avg_yearly": 0,
            "eps_latest_yearly": 0,
            "eps_growth_yearly": 0
        },
        "20022": {
            "year_quarter": 20022,
            "year": 2002,
            "quarter": 2,
            "eps": null,
            "eps_growth_year": null,
            "eps_4q": null,
            "eps_4q_growth_year": null,
            "roe": null,
            "roe_4q": 0,
            "gross_profit": null,
            "gross_margin": null,
            "gross_margin_4q_avg": 0,
            "net_income": null,
            "net_income_4q": null,
            "revenue": null,
            "revenue_4q": null,
            "common_shares": null,
            "book_valuer_per_share": null,
            "book_valuer_per_share_4q_avg": 9.28,
            "equity": null,
            "current_ratio": null,
            "debt_ratio": null,
            "inventory_turnover_ratio": null,
            "account_receivable_turnover_ratio": null,
            "reinvestment_rate": null,
            "research_to_sale_ratio": null,
            "price_fair": 0,
            "eps_avg_yearly": 0,
            "eps_latest_yearly": 0,
            "eps_growth_yearly": 0
        },
        "20023": {
            "year_quarter": 20023,
            "year": 2002,
            "quarter": 3,
            "eps": null,
            "eps_growth_year": null,
            "eps_4q": null,
            "eps_4q_growth_year": null,
            "roe": null,
            "roe_4q": 0,
            "gross_profit": null,
            "gross_margin": null,
            "gross_margin_4q_avg": 0,
            "net_income": null,
            "net_income_4q": null,
            "revenue": null,
            "revenue_4q": null,
            "common_shares": null,
            "book_valuer_per_share": null,
            "book_valuer_per_share_4q_avg": 9.28,
            "equity": null,
            "current_ratio": null,
            "debt_ratio": null,
            "inventory_turnover_ratio": null,
            "account_receivable_turnover_ratio": null,
            "reinvestment_rate": null,
            "research_to_sale_ratio": null,
            "price_fair": 0,
            "eps_avg_yearly": 0,
            "eps_latest_yearly": 0,
            "eps_growth_yearly": 0
        },
        "20024": {
            "year_quarter": 20024,
            "year": 2002,
            "quarter": 4,
            "eps": null,
            "eps_growth_year": null,
            "eps_4q": null,
            "eps_4q_growth_year": null,
            "roe": null,
            "roe_4q": 0,
            "gross_profit": null,
            "gross_margin": null,
            "gross_margin_4q_avg": 0,
            "net_income": null,
            "net_income_4q": null,
            "revenue": null,
            "revenue_4q": null,
            "common_shares": 100000,
            "book_valuer_per_share": 34.47,
            "book_valuer_per_share_4q_avg": 8.62,
            "equity": 344730,
            "current_ratio": 114.45,
            "debt_ratio": 71.86,
            "inventory_turnover_ratio": null,
            "account_receivable_turnover_ratio": null,
            "reinvestment_rate": null,
            "research_to_sale_ratio": null,
            "price_fair": 0,
            "eps_avg_yearly": 0,
            "eps_latest_yearly": 0,
            "eps_growth_yearly": 0
        },
        "20031": {
            "year_quarter": 20031,
            "year": 2003,
            "quarter": 1,
            "eps": null,
            "eps_growth_year": null,
            "eps_4q": null,
            "eps_4q_growth_year": null,
            "roe": null,
            "roe_4q": 0,
            "gross_profit": null,
            "gross_margin": null,
            "gross_margin_4q_avg": 0,
            "net_income": null,
            "net_income_4q": null,
            "revenue": null,
            "revenue_4q": null,
            "common_shares": null,
            "book_valuer_per_share": null,
            "book_valuer_per_share_4q_avg": 8.62,
            "equity": null,
            "current_ratio": null,
            "debt_ratio": null,
            "inventory_turnover_ratio": null,
            "account_receivable_turnover_ratio": null,
            "reinvestment_rate": null,
            "research_to_sale_ratio": null,
            "price_fair": 0,
            "eps_avg_yearly": 0,
            "eps_latest_yearly": 0,
            "eps_growth_yearly": 0
        },
        "20032": {
            "year_quarter": 20032,
            "year": 2003,
            "quarter": 2,
            "eps": null,
            "eps_growth_year": null,
            "eps_4q": null,
            "eps_4q_growth_year": null,
            "roe": null,
            "roe_4q": 0,
            "gross_profit": null,
            "gross_margin": null,
            "gross_margin_4q_avg": 0,
            "net_income": null,
            "net_income_4q": null,
            "revenue": null,
            "revenue_4q": null,
            "common_shares": null,
            "book_valuer_per_share": null,
            "book_valuer_per_share_4q_avg": 8.62,
            "equity": null,
            "current_ratio": null,
            "debt_ratio": null,
            "inventory_turnover_ratio": null,
            "account_receivable_turnover_ratio": null,
            "reinvestment_rate": null,
            "research_to_sale_ratio": null,
            "price_fair": 0,
            "eps_avg_yearly": 0,
            "eps_latest_yearly": 0,
            "eps_growth_yearly": 0
        },
        "20033": {
            "year_quarter": 20033,
            "year": 2003,
            "quarter": 3,
            "eps": null,
            "eps_growth_year": null,
            "eps_4q": null,
            "eps_4q_growth_year": null,
            "roe": null,
            "roe_4q": 0,
            "gross_profit": null,
            "gross_margin": null,
            "gross_margin_4q_avg": 0,
            "net_income": null,
            "net_income_4q": null,
            "revenue": null,
            "revenue_4q": null,
            "common_shares": null,
            "book_valuer_per_share": null,
            "book_valuer_per_share_4q_avg": 8.62,
            "equity": null,
            "current_ratio": null,
            "debt_ratio": null,
            "inventory_turnover_ratio": null,
            "account_receivable_turnover_ratio": null,
            "reinvestment_rate": null,
            "research_to_sale_ratio": null,
            "price_fair": 0,
            "eps_avg_yearly": 0,
            "eps_latest_yearly": 0,
            "eps_growth_yearly": 0
        },
        "20034": {
            "year_quarter": 20034,
            "year": 2003,
            "quarter": 4,
            "eps": null,
            "eps_growth_year": null,
            "eps_4q": null,
            "eps_4q_growth_year": null,
            "roe": null,
            "roe_4q": 0,
            "gross_profit": null,
            "gross_margin": null,
            "gross_margin_4q_avg": 0,
            "net_income": null,
            "net_income_4q": null,
            "revenue": null,
            "revenue_4q": null,
            "common_shares": 300000,
            "book_valuer_per_share": 20.65,
            "book_valuer_per_share_4q_avg": 5.16,
            "equity": 619406,
            "current_ratio": 106.11,
            "debt_ratio": 61.11,
            "inventory_turnover_ratio": null,
            "account_receivable_turnover_ratio": null,
            "reinvestment_rate": null,
            "research_to_sale_ratio": null,
            "price_fair": 0,
            "eps_avg_yearly": 0,
            "eps_latest_yearly": 0,
            "eps_growth_yearly": 0
        },
        "20041": {
            "year_quarter": 20041,
            "year": 2004,
            "quarter": 1,
            "eps": null,
            "eps_growth_year": null,
            "eps_4q": null,
            "eps_4q_growth_year": null,
            "roe": null,
            "roe_4q": 0,
            "gross_profit": null,
            "gross_margin": null,
            "gross_margin_4q_avg": 0,
            "net_income": null,
            "net_income_4q": null,
            "revenue": null,
            "revenue_4q": null,
            "common_shares": null,
            "book_valuer_per_share": null,
            "book_valuer_per_share_4q_avg": 5.16,
            "equity": null,
            "current_ratio": null,
            "debt_ratio": null,
            "inventory_turnover_ratio": null,
            "account_receivable_turnover_ratio": null,
            "reinvestment_rate": null,
            "research_to_sale_ratio": null,
            "price_fair": 0,
            "eps_avg_yearly": 0,
            "eps_latest_yearly": 0,
            "eps_growth_yearly": 0
        },
        "20042": {
            "year_quarter": 20042,
            "year": 2004,
            "quarter": 2,
            "eps": null,
            "eps_growth_year": null,
            "eps_4q": null,
            "eps_4q_growth_year": null,
            "roe": null,
            "roe_4q": 0,
            "gross_profit": null,
            "gross_margin": null,
            "gross_margin_4q_avg": 0,
            "net_income": null,
            "net_income_4q": null,
            "revenue": null,
            "revenue_4q": null,
            "common_shares": null,
            "book_valuer_per_share": null,
            "book_valuer_per_share_4q_avg": 5.16,
            "equity": null,
            "current_ratio": null,
            "debt_ratio": null,
            "inventory_turnover_ratio": null,
            "account_receivable_turnover_ratio": null,
            "reinvestment_rate": null,
            "research_to_sale_ratio": null,
            "price_fair": 0,
            "eps_avg_yearly": 0,
            "eps_latest_yearly": 0,
            "eps_growth_yearly": 0
        },
        "20043": {
            "year_quarter": 20043,
            "year": 2004,
            "quarter": 3,
            "eps": null,
            "eps_growth_year": null,
            "eps_4q": null,
            "eps_4q_growth_year": null,
            "roe": null,
            "roe_4q": 0,
            "gross_profit": null,
            "gross_margin": null,
            "gross_margin_4q_avg": 0,
            "net_income": null,
            "net_income_4q": null,
            "revenue": null,
            "revenue_4q": null,
            "common_shares": null,
            "book_valuer_per_share": null,
            "book_valuer_per_share_4q_avg": 5.16,
            "equity": null,
            "current_ratio": null,
            "debt_ratio": null,
            "inventory_turnover_ratio": null,
            "account_receivable_turnover_ratio": null,
            "reinvestment_rate": null,
            "research_to_sale_ratio": null,
            "price_fair": 0,
            "eps_avg_yearly": 0,
            "eps_latest_yearly": 0,
            "eps_growth_yearly": 0
        },
        "20044": {
            "year_quarter": 20044,
            "year": 2004,
            "quarter": 4,
            "eps": null,
            "eps_growth_year": null,
            "eps_4q": null,
            "eps_4q_growth_year": null,
            "roe": null,
            "roe_4q": 0,
            "gross_profit": null,
            "gross_margin": null,
            "gross_margin_4q_avg": 0,
            "net_income": null,
            "net_income_4q": null,
            "revenue": null,
            "revenue_4q": null,
            "common_shares": 350000,
            "book_valuer_per_share": 22.16,
            "book_valuer_per_share_4q_avg": 5.54,
            "equity": 794188,
            "current_ratio": 139.03,
            "debt_ratio": 67.07,
            "inventory_turnover_ratio": null,
            "account_receivable_turnover_ratio": null,
            "reinvestment_rate": null,
            "research_to_sale_ratio": null,
            "price_fair": 0,
            "eps_avg_yearly": 0,
            "eps_latest_yearly": 0,
            "eps_growth_yearly": 0
        },
        "20051": {
            "year_quarter": 20051,
            "year": 2005,
            "quarter": 1,
            "eps": null,
            "eps_growth_year": null,
            "eps_4q": null,
            "eps_4q_growth_year": null,
            "roe": null,
            "roe_4q": 0,
            "gross_profit": null,
            "gross_margin": null,
            "gross_margin_4q_avg": 0,
            "net_income": null,
            "net_income_4q": null,
            "revenue": null,
            "revenue_4q": null,
            "common_shares": null,
            "book_valuer_per_share": null,
            "book_valuer_per_share_4q_avg": 5.54,
            "equity": null,
            "current_ratio": null,
            "debt_ratio": null,
            "inventory_turnover_ratio": null,
            "account_receivable_turnover_ratio": null,
            "reinvestment_rate": null,
            "research_to_sale_ratio": null,
            "price_fair": 0,
            "eps_avg_yearly": 0,
            "eps_latest_yearly": 0,
            "eps_growth_yearly": 0
        },
        "20052": {
            "year_quarter": 20052,
            "year": 2005,
            "quarter": 2,
            "eps": null,
            "eps_growth_year": null,
            "eps_4q": null,
            "eps_4q_growth_year": null,
            "roe": null,
            "roe_4q": 0,
            "gross_profit": null,
            "gross_margin": null,
            "gross_margin_4q_avg": 0,
            "net_income": null,
            "net_income_4q": null,
            "revenue": null,
            "revenue_4q": null,
            "common_shares": null,
            "book_valuer_per_share": null,
            "book_valuer_per_share_4q_avg": 5.54,
            "equity": null,
            "current_ratio": null,
            "debt_ratio": null,
            "inventory_turnover_ratio": null,
            "account_receivable_turnover_ratio": null,
            "reinvestment_rate": null,
            "research_to_sale_ratio": null,
            "price_fair": 0,
            "eps_avg_yearly": 0,
            "eps_latest_yearly": 0,
            "eps_growth_yearly": 0
        },
        "20053": {
            "year_quarter": 20053,
            "year": 2005,
            "quarter": 3,
            "eps": null,
            "eps_growth_year": null,
            "eps_4q": null,
            "eps_4q_growth_year": null,
            "roe": null,
            "roe_4q": 0,
            "gross_profit": null,
            "gross_margin": null,
            "gross_margin_4q_avg": 0,
            "net_income": null,
            "net_income_4q": null,
            "revenue": null,
            "revenue_4q": null,
            "common_shares": null,
            "book_valuer_per_share": null,
            "book_valuer_per_share_4q_avg": 5.54,
            "equity": null,
            "current_ratio": null,
            "debt_ratio": null,
            "inventory_turnover_ratio": null,
            "account_receivable_turnover_ratio": null,
            "reinvestment_rate": null,
            "research_to_sale_ratio": null,
            "price_fair": 0,
            "eps_avg_yearly": 0,
            "eps_latest_yearly": 0,
            "eps_growth_yearly": 0
        },
        "20054": {
            "year_quarter": 20054,
            "year": 2005,
            "quarter": 4,
            "eps": null,
            "eps_growth_year": null,
            "eps_4q": null,
            "eps_4q_growth_year": null,
            "roe": null,
            "roe_4q": 0,
            "gross_profit": null,
            "gross_margin": null,
            "gross_margin_4q_avg": 0,
            "net_income": null,
            "net_income_4q": null,
            "revenue": null,
            "revenue_4q": null,
            "common_shares": 439000,
            "book_valuer_per_share": 23.34,
            "book_valuer_per_share_4q_avg": 5.84,
            "equity": 1055537,
            "current_ratio": 126.95,
            "debt_ratio": 65.66,
            "inventory_turnover_ratio": null,
            "account_receivable_turnover_ratio": null,
            "reinvestment_rate": null,
            "research_to_sale_ratio": null,
            "price_fair": 0,
            "eps_avg_yearly": 0,
            "eps_latest_yearly": 0,
            "eps_growth_yearly": 0
        },
        "20061": {
            "year_quarter": 20061,
            "year": 2006,
            "quarter": 1,
            "eps": null,
            "eps_growth_year": null,
            "eps_4q": null,
            "eps_4q_growth_year": null,
            "roe": null,
            "roe_4q": 0,
            "gross_profit": null,
            "gross_margin": null,
            "gross_margin_4q_avg": 0,
            "net_income": null,
            "net_income_4q": null,
            "revenue": null,
            "revenue_4q": null,
            "common_shares": null,
            "book_valuer_per_share": null,
            "book_valuer_per_share_4q_avg": 5.84,
            "equity": null,
            "current_ratio": null,
            "debt_ratio": null,
            "inventory_turnover_ratio": null,
            "account_receivable_turnover_ratio": null,
            "reinvestment_rate": null,
            "research_to_sale_ratio": null,
            "price_fair": 0,
            "eps_avg_yearly": 0,
            "eps_latest_yearly": 0,
            "eps_growth_yearly": 0
        },
        "20062": {
            "year_quarter": 20062,
            "year": 2006,
            "quarter": 2,
            "eps": null,
            "eps_growth_year": null,
            "eps_4q": null,
            "eps_4q_growth_year": null,
            "roe": null,
            "roe_4q": 0,
            "gross_profit": null,
            "gross_margin": null,
            "gross_margin_4q_avg": 0,
            "net_income": null,
            "net_income_4q": null,
            "revenue": null,
            "revenue_4q": null,
            "common_shares": null,
            "book_valuer_per_share": null,
            "book_valuer_per_share_4q_avg": 5.84,
            "equity": null,
            "current_ratio": null,
            "debt_ratio": null,
            "inventory_turnover_ratio": null,
            "account_receivable_turnover_ratio": null,
            "reinvestment_rate": null,
            "research_to_sale_ratio": null,
            "price_fair": 0,
            "eps_avg_yearly": 0,
            "eps_latest_yearly": 0,
            "eps_growth_yearly": 0
        },
        "20063": {
            "year_quarter": 20063,
            "year": 2006,
            "quarter": 3,
            "eps": null,
            "eps_growth_year": null,
            "eps_4q": null,
            "eps_4q_growth_year": null,
            "roe": null,
            "roe_4q": 0,
            "gross_profit": null,
            "gross_margin": null,
            "gross_margin_4q_avg": 0,
            "net_income": null,
            "net_income_4q": null,
            "revenue": null,
            "revenue_4q": null,
            "common_shares": null,
            "book_valuer_per_share": null,
            "book_valuer_per_share_4q_avg": 5.84,
            "equity": null,
            "current_ratio": null,
            "debt_ratio": null,
            "inventory_turnover_ratio": null,
            "account_receivable_turnover_ratio": null,
            "reinvestment_rate": null,
            "research_to_sale_ratio": null,
            "price_fair": 0,
            "eps_avg_yearly": 0,
            "eps_latest_yearly": 0,
            "eps_growth_yearly": 0
        },
        "20064": {
            "year_quarter": 20064,
            "year": 2006,
            "quarter": 4,
            "eps": null,
            "eps_growth_year": null,
            "eps_4q": null,
            "eps_4q_growth_year": null,
            "roe": null,
            "roe_4q": 0,
            "gross_profit": null,
            "gross_margin": null,
            "gross_margin_4q_avg": 0,
            "net_income": null,
            "net_income_4q": null,
            "revenue": null,
            "revenue_4q": null,
            "common_shares": 600000,
            "book_valuer_per_share": 29.92,
            "book_valuer_per_share_4q_avg": 7.48,
            "equity": 1836109,
            "current_ratio": 217.65,
            "debt_ratio": 50.87,
            "inventory_turnover_ratio": null,
            "account_receivable_turnover_ratio": null,
            "reinvestment_rate": null,
            "research_to_sale_ratio": null,
            "price_fair": 0,
            "eps_avg_yearly": 0,
            "eps_latest_yearly": 0,
            "eps_growth_yearly": 0
        },
        "20071": {
            "year_quarter": 20071,
            "year": 2007,
            "quarter": 1,
            "eps": null,
            "eps_growth_year": null,
            "eps_4q": null,
            "eps_4q_growth_year": null,
            "roe": null,
            "roe_4q": 0,
            "gross_profit": null,
            "gross_margin": null,
            "gross_margin_4q_avg": 0,
            "net_income": null,
            "net_income_4q": null,
            "revenue": null,
            "revenue_4q": null,
            "common_shares": null,
            "book_valuer_per_share": null,
            "book_valuer_per_share_4q_avg": 7.48,
            "equity": null,
            "current_ratio": null,
            "debt_ratio": null,
            "inventory_turnover_ratio": null,
            "account_receivable_turnover_ratio": null,
            "reinvestment_rate": null,
            "research_to_sale_ratio": null,
            "price_fair": 0,
            "eps_avg_yearly": 0,
            "eps_latest_yearly": 0,
            "eps_growth_yearly": 0
        },
        "20072": {
            "year_quarter": 20072,
            "year": 2007,
            "quarter": 2,
            "eps": null,
            "eps_growth_year": null,
            "eps_4q": null,
            "eps_4q_growth_year": null,
            "roe": null,
            "roe_4q": 0,
            "gross_profit": null,
            "gross_margin": null,
            "gross_margin_4q_avg": 0,
            "net_income": null,
            "net_income_4q": null,
            "revenue": null,
            "revenue_4q": null,
            "common_shares": null,
            "book_valuer_per_share": null,
            "book_valuer_per_share_4q_avg": 7.48,
            "equity": null,
            "current_ratio": null,
            "debt_ratio": null,
            "inventory_turnover_ratio": null,
            "account_receivable_turnover_ratio": null,
            "reinvestment_rate": null,
            "research_to_sale_ratio": null,
            "price_fair": 0,
            "eps_avg_yearly": 0,
            "eps_latest_yearly": 0,
            "eps_growth_yearly": 0
        },
        "20073": {
            "year_quarter": 20073,
            "year": 2007,
            "quarter": 3,
            "eps": 1.38,
            "eps_growth_year": null,
            "eps_4q": null,
            "eps_4q_growth_year": null,
            "roe": 5.01,
            "roe_4q": 5.01,
            "gross_profit": 51768,
            "gross_margin": 5.39,
            "gross_margin_4q_avg": 1.35,
            "net_income": 101357,
            "net_income_4q": null,
            "revenue": 960497,
            "revenue_4q": null,
            "common_shares": 736000,
            "book_valuer_per_share": 27.48,
            "book_valuer_per_share_4q_avg": 14.35,
            "equity": 2022453,
            "current_ratio": 86.68,
            "debt_ratio": 49.49,
            "inventory_turnover_ratio": 155.79,
            "account_receivable_turnover_ratio": null,
            "reinvestment_rate": null,
            "research_to_sale_ratio": null,
            "price_fair": 0,
            "eps_avg_yearly": 0,
            "eps_latest_yearly": 0,
            "eps_growth_yearly": 0
        },
        "20074": {
            "year_quarter": 20074,
            "year": 2007,
            "quarter": 4,
            "eps": 0.21,
            "eps_growth_year": null,
            "eps_4q": null,
            "eps_4q_growth_year": null,
            "roe": 0.75,
            "roe_4q": 5.76,
            "gross_profit": 47068,
            "gross_margin": 5.57,
            "gross_margin_4q_avg": 2.74,
            "net_income": 15557,
            "net_income_4q": null,
            "revenue": 844420,
            "revenue_4q": null,
            "common_shares": 736000,
            "book_valuer_per_share": 28.5,
            "book_valuer_per_share_4q_avg": 14,
            "equity": 2145683,
            "current_ratio": 193.35,
            "debt_ratio": 46.62,
            "inventory_turnover_ratio": 4.13,
            "account_receivable_turnover_ratio": null,
            "reinvestment_rate": null,
            "research_to_sale_ratio": null,
            "price_fair": 2.52,
            "eps_avg_yearly": 0.84,
            "eps_latest_yearly": 0.84,
            "eps_growth_yearly": -339.13
        },
        "20081": {
            "year_quarter": 20081,
            "year": 2008,
            "quarter": 1,
            "eps": null,
            "eps_growth_year": null,
            "eps_4q": null,
            "eps_4q_growth_year": null,
            "roe": null,
            "roe_4q": 5.76,
            "gross_profit": null,
            "gross_margin": null,
            "gross_margin_4q_avg": 2.74,
            "net_income": null,
            "net_income_4q": null,
            "revenue": null,
            "revenue_4q": null,
            "common_shares": null,
            "book_valuer_per_share": null,
            "book_valuer_per_share_4q_avg": 14,
            "equity": null,
            "current_ratio": null,
            "debt_ratio": null,
            "inventory_turnover_ratio": null,
            "account_receivable_turnover_ratio": null,
            "reinvestment_rate": null,
            "research_to_sale_ratio": null,
            "price_fair": 2.52,
            "eps_avg_yearly": 0.84,
            "eps_latest_yearly": 0.84,
            "eps_growth_yearly": -339.13
        },
        "20082": {
            "year_quarter": 20082,
            "year": 2008,
            "quarter": 2,
            "eps": null,
            "eps_growth_year": null,
            "eps_4q": null,
            "eps_4q_growth_year": null,
            "roe": null,
            "roe_4q": 5.76,
            "gross_profit": null,
            "gross_margin": null,
            "gross_margin_4q_avg": 2.74,
            "net_income": null,
            "net_income_4q": null,
            "revenue": null,
            "revenue_4q": null,
            "common_shares": null,
            "book_valuer_per_share": null,
            "book_valuer_per_share_4q_avg": 14,
            "equity": null,
            "current_ratio": null,
            "debt_ratio": null,
            "inventory_turnover_ratio": null,
            "account_receivable_turnover_ratio": null,
            "reinvestment_rate": null,
            "research_to_sale_ratio": null,
            "price_fair": 2.52,
            "eps_avg_yearly": 0.84,
            "eps_latest_yearly": 0.84,
            "eps_growth_yearly": -339.13
        },
        "20083": {
            "year_quarter": 20083,
            "year": 2008,
            "quarter": 3,
            "eps": -0.5,
            "eps_growth_year": -136.23,
            "eps_4q": null,
            "eps_4q_growth_year": null,
            "roe": -1.67,
            "roe_4q": -0.9199999999999999,
            "gross_profit": 193548,
            "gross_margin": 13.7,
            "gross_margin_4q_avg": 4.82,
            "net_income": -37756,
            "net_income_4q": null,
            "revenue": 1412604,
            "revenue_4q": null,
            "common_shares": 780800,
            "book_valuer_per_share": 28.27,
            "book_valuer_per_share_4q_avg": 14.19,
            "equity": 2261447,
            "current_ratio": 164.56,
            "debt_ratio": 46.28,
            "inventory_turnover_ratio": 2.67,
            "account_receivable_turnover_ratio": null,
            "reinvestment_rate": null,
            "research_to_sale_ratio": null,
            "price_fair": 2.52,
            "eps_avg_yearly": 0.84,
            "eps_latest_yearly": 0.84,
            "eps_growth_yearly": -339.13
        },
        "20084": {
            "year_quarter": 20084,
            "year": 2008,
            "quarter": 4,
            "eps": -1.56,
            "eps_growth_year": -842.86,
            "eps_4q": null,
            "eps_4q_growth_year": null,
            "roe": -5.48,
            "roe_4q": -7.15,
            "gross_profit": 72994,
            "gross_margin": 7.21,
            "gross_margin_4q_avg": 5.23,
            "net_income": -121382,
            "net_income_4q": null,
            "revenue": 1012957,
            "revenue_4q": null,
            "common_shares": 780800,
            "book_valuer_per_share": 27.02,
            "book_valuer_per_share_4q_avg": 13.82,
            "equity": 2165640,
            "current_ratio": 305.24,
            "debt_ratio": 40.32,
            "inventory_turnover_ratio": 2.92,
            "account_receivable_turnover_ratio": 1.28,
            "reinvestment_rate": null,
            "research_to_sale_ratio": null,
            "price_fair": 2.52,
            "eps_avg_yearly": 0.84,
            "eps_latest_yearly": 0.84,
            "eps_growth_yearly": -339.13
        },
        "20091": {
            "year_quarter": 20091,
            "year": 2009,
            "quarter": 1,
            "eps": 0.45,
            "eps_growth_year": null,
            "eps_4q": null,
            "eps_4q_growth_year": null,
            "roe": 1.6,
            "roe_4q": -5.550000000000001,
            "gross_profit": 18091,
            "gross_margin": 4.76,
            "gross_margin_4q_avg": 6.42,
            "net_income": 35233,
            "net_income_4q": null,
            "revenue": 379753,
            "revenue_4q": null,
            "common_shares": 780800,
            "book_valuer_per_share": 28.77,
            "book_valuer_per_share_4q_avg": 21.02,
            "equity": 2246491,
            "current_ratio": 68.63,
            "debt_ratio": 47.66,
            "inventory_turnover_ratio": 3.74,
            "account_receivable_turnover_ratio": 0.62,
            "reinvestment_rate": null,
            "research_to_sale_ratio": null,
            "price_fair": 2.52,
            "eps_avg_yearly": 0.84,
            "eps_latest_yearly": 0.84,
            "eps_growth_yearly": -339.13
        },
        "20092": {
            "year_quarter": 20092,
            "year": 2009,
            "quarter": 2,
            "eps": 1.11,
            "eps_growth_year": null,
            "eps_4q": -0.51,
            "eps_4q_growth_year": null,
            "roe": 3.93,
            "roe_4q": -1.62,
            "gross_profit": 21461,
            "gross_margin": 5.1,
            "gross_margin_4q_avg": 7.69,
            "net_income": 86400,
            "net_income_4q": null,
            "revenue": 420545,
            "revenue_4q": null,
            "common_shares": 780800,
            "book_valuer_per_share": 27.51,
            "book_valuer_per_share_4q_avg": 27.89,
            "equity": 2148264,
            "current_ratio": 57.04,
            "debt_ratio": 44.96,
            "inventory_turnover_ratio": 47.52,
            "account_receivable_turnover_ratio": 0.78,
            "reinvestment_rate": null,
            "research_to_sale_ratio": null,
            "price_fair": 92.4,
            "eps_avg_yearly": 2.64,
            "eps_latest_yearly": 4.44,
            "eps_growth_yearly": 123.77
        },
        "20093": {
            "year_quarter": 20093,
            "year": 2009,
            "quarter": 3,
            "eps": 1.09,
            "eps_growth_year": null,
            "eps_4q": 1.08,
            "eps_4q_growth_year": null,
            "roe": 3.93,
            "roe_4q": 3.9800000000000004,
            "gross_profit": 33239,
            "gross_margin": 6.57,
            "gross_margin_4q_avg": 5.91,
            "net_income": 84804,
            "net_income_4q": null,
            "revenue": 505888,
            "revenue_4q": null,
            "common_shares": 780800,
            "book_valuer_per_share": 27.8,
            "book_valuer_per_share_4q_avg": 27.78,
            "equity": 2170734,
            "current_ratio": 63.61,
            "debt_ratio": 45.58,
            "inventory_turnover_ratio": 39.84,
            "account_receivable_turnover_ratio": 0.87,
            "reinvestment_rate": null,
            "research_to_sale_ratio": null,
            "price_fair": 112.47,
            "eps_avg_yearly": 3.21,
            "eps_latest_yearly": 4.36,
            "eps_growth_yearly": 80.11
        },
        "20094": {
            "year_quarter": 20094,
            "year": 2009,
            "quarter": 4,
            "eps": 0.57,
            "eps_growth_year": null,
            "eps_4q": 3.21,
            "eps_4q_growth_year": null,
            "roe": 2,
            "roe_4q": 11.459999999999999,
            "gross_profit": 34807,
            "gross_margin": 6.79,
            "gross_margin_4q_avg": 5.81,
            "net_income": 44433,
            "net_income_4q": null,
            "revenue": 512795,
            "revenue_4q": null,
            "common_shares": 780800,
            "book_valuer_per_share": 28.33,
            "book_valuer_per_share_4q_avg": 28.1,
            "equity": 2263442,
            "current_ratio": 324.67,
            "debt_ratio": 39.66,
            "inventory_turnover_ratio": 3.47,
            "account_receivable_turnover_ratio": 0.65,
            "reinvestment_rate": null,
            "research_to_sale_ratio": null,
            "price_fair": 66.68,
            "eps_avg_yearly": 2.98,
            "eps_latest_yearly": 2.28,
            "eps_growth_yearly": 12.38
        },
        "20101": {
            "year_quarter": 20101,
            "year": 2010,
            "quarter": 1,
            "eps": 0.97,
            "eps_growth_year": 115.56,
            "eps_4q": 3.73,
            "eps_4q_growth_year": null,
            "roe": 3.34,
            "roe_4q": 13.2,
            "gross_profit": 212305,
            "gross_margin": 18.1,
            "gross_margin_4q_avg": 9.14,
            "net_income": 76354,
            "net_income_4q": null,
            "revenue": 1172798,
            "revenue_4q": null,
            "common_shares": 780800,
            "book_valuer_per_share": 28.88,
            "book_valuer_per_share_4q_avg": 28.13,
            "equity": 2306363,
            "current_ratio": 286.17,
            "debt_ratio": 41.36,
            "inventory_turnover_ratio": 3.16,
            "account_receivable_turnover_ratio": 0.71,
            "reinvestment_rate": null,
            "research_to_sale_ratio": 1.02,
            "price_fair": 110.6,
            "eps_avg_yearly": 3.16,
            "eps_latest_yearly": 3.88,
            "eps_growth_yearly": 66.04
        },
        "20102": {
            "year_quarter": 20102,
            "year": 2010,
            "quarter": 2,
            "eps": 1.17,
            "eps_growth_year": 5.38,
            "eps_4q": 3.79,
            "eps_4q_growth_year": null,
            "roe": 4.04,
            "roe_4q": 13.309999999999999,
            "gross_profit": 267713,
            "gross_margin": 17.95,
            "gross_margin_4q_avg": 12.35,
            "net_income": 92581,
            "net_income_4q": null,
            "revenue": 1491318,
            "revenue_4q": null,
            "common_shares": 780800,
            "book_valuer_per_share": 28.43,
            "book_valuer_per_share_4q_avg": 28.36,
            "equity": 2273161,
            "current_ratio": 262.72,
            "debt_ratio": 46.55,
            "inventory_turnover_ratio": 3.77,
            "account_receivable_turnover_ratio": 0.78,
            "reinvestment_rate": null,
            "research_to_sale_ratio": 0.84,
            "price_fair": 119.47,
            "eps_avg_yearly": 3.41,
            "eps_latest_yearly": 4.68,
            "eps_growth_yearly": 68.78
        },
        "20103": {
            "year_quarter": 20103,
            "year": 2010,
            "quarter": 3,
            "eps": 0.7,
            "eps_growth_year": -36.19,
            "eps_4q": 3.4,
            "eps_4q_growth_year": 214.27,
            "roe": 2.46,
            "roe_4q": 11.84,
            "gross_profit": 214415,
            "gross_margin": 17.5,
            "gross_margin_4q_avg": 15.09,
            "net_income": 55913,
            "net_income_4q": null,
            "revenue": 1225033,
            "revenue_4q": null,
            "common_shares": 780800,
            "book_valuer_per_share": 28.46,
            "book_valuer_per_share_4q_avg": 28.53,
            "equity": 2276586,
            "current_ratio": 293.35,
            "debt_ratio": 42.84,
            "inventory_turnover_ratio": 3.01,
            "account_receivable_turnover_ratio": 0.6,
            "reinvestment_rate": null,
            "research_to_sale_ratio": 1.05,
            "price_fair": 116.4,
            "eps_avg_yearly": 3.33,
            "eps_latest_yearly": 2.8,
            "eps_growth_yearly": 36
        },
        "20104": {
            "year_quarter": 20104,
            "year": 2010,
            "quarter": 4,
            "eps": 0.75,
            "eps_growth_year": 31.52,
            "eps_4q": 3.26,
            "eps_4q_growth_year": 1.6,
            "roe": 2.82,
            "roe_4q": 12.66,
            "gross_profit": 202877,
            "gross_margin": 17.55,
            "gross_margin_4q_avg": 17.78,
            "net_income": 66695,
            "net_income_4q": null,
            "revenue": 1156036,
            "revenue_4q": null,
            "common_shares": 880000,
            "book_valuer_per_share": 27.37,
            "book_valuer_per_share_4q_avg": 28.29,
            "equity": 2460400,
            "current_ratio": 344.31,
            "debt_ratio": 37.54,
            "inventory_turnover_ratio": 2.74,
            "account_receivable_turnover_ratio": 0.64,
            "reinvestment_rate": null,
            "research_to_sale_ratio": 1.08,
            "price_fair": 114.98,
            "eps_avg_yearly": 3.29,
            "eps_latest_yearly": 3,
            "eps_growth_yearly": 35.07
        },
        "20111": {
            "year_quarter": 20111,
            "year": 2011,
            "quarter": 1,
            "eps": 0.02,
            "eps_growth_year": -97.94,
            "eps_4q": 2.43,
            "eps_4q_growth_year": -34.92,
            "roe": 0.08,
            "roe_4q": 9.399999999999999,
            "gross_profit": 159989,
            "gross_margin": 14.89,
            "gross_margin_4q_avg": 16.97,
            "net_income": 1882,
            "net_income_4q": null,
            "revenue": 1074210,
            "revenue_4q": null,
            "common_shares": 880000,
            "book_valuer_per_share": 27.99,
            "book_valuer_per_share_4q_avg": 28.06,
            "equity": 2528222,
            "current_ratio": 341.97,
            "debt_ratio": 34.46,
            "inventory_turnover_ratio": 2.5,
            "account_receivable_turnover_ratio": 0.62,
            "reinvestment_rate": null,
            "research_to_sale_ratio": 1.07,
            "price_fair": 8.79,
            "eps_avg_yearly": 2.93,
            "eps_latest_yearly": 0.08,
            "eps_growth_yearly": -12.09
        },
        "20112": {
            "year_quarter": 20112,
            "year": 2011,
            "quarter": 2,
            "eps": 0.03,
            "eps_growth_year": -97.57,
            "eps_4q": 1.42,
            "eps_4q_growth_year": -62.61,
            "roe": 0.14,
            "roe_4q": 5.5,
            "gross_profit": 145196,
            "gross_margin": 12.79,
            "gross_margin_4q_avg": 15.68,
            "net_income": 3298,
            "net_income_4q": null,
            "revenue": 1134798,
            "revenue_4q": null,
            "common_shares": 880000,
            "book_valuer_per_share": 25.06,
            "book_valuer_per_share_4q_avg": 27.22,
            "equity": 2267179,
            "current_ratio": 280.92,
            "debt_ratio": 39.09,
            "inventory_turnover_ratio": 2.7,
            "account_receivable_turnover_ratio": 0.65,
            "reinvestment_rate": null,
            "research_to_sale_ratio": 1.09,
            "price_fair": 50.64,
            "eps_avg_yearly": 2.65,
            "eps_latest_yearly": 0.12,
            "eps_growth_yearly": 9.12
        },
        "20113": {
            "year_quarter": 20113,
            "year": 2011,
            "quarter": 3,
            "eps": -0.7,
            "eps_growth_year": -200.39,
            "eps_4q": 0.12,
            "eps_4q_growth_year": -96.41,
            "roe": -2.57,
            "roe_4q": 0.4700000000000002,
            "gross_profit": 121646,
            "gross_margin": 10.7,
            "gross_margin_4q_avg": 13.98,
            "net_income": -59815,
            "net_income_4q": null,
            "revenue": 1137302,
            "revenue_4q": null,
            "common_shares": 880000,
            "book_valuer_per_share": 27.03,
            "book_valuer_per_share_4q_avg": 26.86,
            "equity": 2391735,
            "current_ratio": 256.58,
            "debt_ratio": 41.28,
            "inventory_turnover_ratio": 2.75,
            "account_receivable_turnover_ratio": 0.61,
            "reinvestment_rate": null,
            "research_to_sale_ratio": 0.94,
            "price_fair": 50.64,
            "eps_avg_yearly": 2.65,
            "eps_latest_yearly": 0.12,
            "eps_growth_yearly": 9.12
        },
        "20114": {
            "year_quarter": 20114,
            "year": 2011,
            "quarter": 4,
            "eps": -0.9,
            "eps_growth_year": -220.4,
            "eps_4q": -1.56,
            "eps_4q_growth_year": -147.64,
            "roe": -3.21,
            "roe_4q": -5.56,
            "gross_profit": 115014,
            "gross_margin": 10.52,
            "gross_margin_4q_avg": 12.23,
            "net_income": -75391,
            "net_income_4q": null,
            "revenue": 1093026,
            "revenue_4q": null,
            "common_shares": 850000,
            "book_valuer_per_share": 26.28,
            "book_valuer_per_share_4q_avg": 26.59,
            "equity": 2302566,
            "current_ratio": 268.18,
            "debt_ratio": 40.69,
            "inventory_turnover_ratio": 2.55,
            "account_receivable_turnover_ratio": 0.57,
            "reinvestment_rate": null,
            "research_to_sale_ratio": 0.94,
            "price_fair": 99.71,
            "eps_avg_yearly": 2.85,
            "eps_latest_yearly": 0.12,
            "eps_growth_yearly": 47.82
        },
        "20121": {
            "year_quarter": 20121,
            "year": 2012,
            "quarter": 1,
            "eps": 0.21,
            "eps_growth_year": 950,
            "eps_4q": -1.37,
            "eps_4q_growth_year": -156.47,
            "roe": 0.84,
            "roe_4q": -4.8,
            "gross_profit": 126901,
            "gross_margin": 13.37,
            "gross_margin_4q_avg": 11.85,
            "net_income": 19054,
            "net_income_4q": null,
            "revenue": 949450,
            "revenue_4q": null,
            "common_shares": 850000,
            "book_valuer_per_share": 25.68,
            "book_valuer_per_share_4q_avg": 26.01,
            "equity": 2251779,
            "current_ratio": 379.85,
            "debt_ratio": 40.47,
            "inventory_turnover_ratio": 2.22,
            "account_receivable_turnover_ratio": 0.55,
            "reinvestment_rate": null,
            "research_to_sale_ratio": 0.89,
            "price_fair": 99.71,
            "eps_avg_yearly": 2.85,
            "eps_latest_yearly": 0.12,
            "eps_growth_yearly": 47.82
        },
        "20122": {
            "year_quarter": 20122,
            "year": 2012,
            "quarter": 2,
            "eps": -0.13,
            "eps_growth_year": -548.36,
            "eps_4q": -1.53,
            "eps_4q_growth_year": -207.69,
            "roe": -0.41,
            "roe_4q": -5.35,
            "gross_profit": 130165,
            "gross_margin": 12.5,
            "gross_margin_4q_avg": 11.77,
            "net_income": -9157,
            "net_income_4q": null,
            "revenue": 1041681,
            "revenue_4q": null,
            "common_shares": 850000,
            "book_valuer_per_share": 25.3,
            "book_valuer_per_share_4q_avg": 26.07,
            "equity": 2221210,
            "current_ratio": 353.13,
            "debt_ratio": 42.01,
            "inventory_turnover_ratio": 2.57,
            "account_receivable_turnover_ratio": 0.64,
            "reinvestment_rate": 287.88,
            "research_to_sale_ratio": 0.84,
            "price_fair": 99.71,
            "eps_avg_yearly": 2.85,
            "eps_latest_yearly": 0.12,
            "eps_growth_yearly": 47.82
        },
        "20123": {
            "year_quarter": 20123,
            "year": 2012,
            "quarter": 3,
            "eps": 0.28,
            "eps_growth_year": null,
            "eps_4q": -0.54,
            "eps_4q_growth_year": -540.2,
            "roe": 1.14,
            "roe_4q": -1.6400000000000001,
            "gross_profit": 149499,
            "gross_margin": 13.86,
            "gross_margin_4q_avg": 12.56,
            "net_income": 25085,
            "net_income_4q": null,
            "revenue": 1078688,
            "revenue_4q": null,
            "common_shares": 850000,
            "book_valuer_per_share": 24.87,
            "book_valuer_per_share_4q_avg": 25.53,
            "equity": 2186497,
            "current_ratio": 351.97,
            "debt_ratio": 42.44,
            "inventory_turnover_ratio": 2.8,
            "account_receivable_turnover_ratio": 0.65,
            "reinvestment_rate": -65.47,
            "research_to_sale_ratio": 0.82,
            "price_fair": 99.71,
            "eps_avg_yearly": 2.85,
            "eps_latest_yearly": 0.12,
            "eps_growth_yearly": 47.82
        },
        "20124": {
            "year_quarter": 20124,
            "year": 2012,
            "quarter": 4,
            "eps": -0.07,
            "eps_growth_year": null,
            "eps_4q": 0.3,
            "eps_4q_growth_year": null,
            "roe": -0.2,
            "roe_4q": 1.37,
            "gross_profit": 138186,
            "gross_margin": 13.56,
            "gross_margin_4q_avg": 13.32,
            "net_income": -4389,
            "net_income_4q": null,
            "revenue": 1018857,
            "revenue_4q": null,
            "common_shares": 850000,
            "book_valuer_per_share": 24.78,
            "book_valuer_per_share_4q_avg": 25.16,
            "equity": 2180657,
            "current_ratio": 370.35,
            "debt_ratio": 41.64,
            "inventory_turnover_ratio": 2.7,
            "account_receivable_turnover_ratio": 0.6,
            "reinvestment_rate": -51.98,
            "research_to_sale_ratio": 0.84,
            "price_fair": 99.71,
            "eps_avg_yearly": 2.85,
            "eps_latest_yearly": 0.12,
            "eps_growth_yearly": 47.82
        },
        "20131": {
            "year_quarter": 20131,
            "year": 2013,
            "quarter": 1,
            "eps": 0.17,
            "eps_growth_year": -19.05,
            "eps_4q": 0.26,
            "eps_4q_growth_year": null,
            "roe": 0.67,
            "roe_4q": 1.2,
            "gross_profit": 128217,
            "gross_margin": 13.86,
            "gross_margin_4q_avg": 13.45,
            "net_income": 14647,
            "net_income_4q": null,
            "revenue": 924986,
            "revenue_4q": null,
            "common_shares": 850000,
            "book_valuer_per_share": 25.07,
            "book_valuer_per_share_4q_avg": 25.01,
            "equity": 2206733,
            "current_ratio": 390.2,
            "debt_ratio": 39.08,
            "inventory_turnover_ratio": 2.37,
            "account_receivable_turnover_ratio": 0.56,
            "reinvestment_rate": 132.64,
            "research_to_sale_ratio": 1.07,
            "price_fair": 99.71,
            "eps_avg_yearly": 2.85,
            "eps_latest_yearly": 0.12,
            "eps_growth_yearly": 47.82
        },
        "20132": {
            "year_quarter": 20132,
            "year": 2013,
            "quarter": 2,
            "eps": 0.37,
            "eps_growth_year": null,
            "eps_4q": 0.76,
            "eps_4q_growth_year": null,
            "roe": 1.5,
            "roe_4q": 3.11,
            "gross_profit": 161607,
            "gross_margin": 15.04,
            "gross_margin_4q_avg": 14.08,
            "net_income": 33105,
            "net_income_4q": null,
            "revenue": 1074852,
            "revenue_4q": null,
            "common_shares": 850000,
            "book_valuer_per_share": 25.2,
            "book_valuer_per_share_4q_avg": 24.98,
            "equity": 2209519,
            "current_ratio": 303.63,
            "debt_ratio": 40.87,
            "inventory_turnover_ratio": 2.67,
            "account_receivable_turnover_ratio": 0.63,
            "reinvestment_rate": 148.48,
            "research_to_sale_ratio": 1.07,
            "price_fair": 88.2,
            "eps_avg_yearly": 2.52,
            "eps_latest_yearly": 1.48,
            "eps_growth_yearly": 34.92
        },
        "20133": {
            "year_quarter": 20133,
            "year": 2013,
            "quarter": 3,
            "eps": 0.26,
            "eps_growth_year": -8.31,
            "eps_4q": 0.73,
            "eps_4q_growth_year": null,
            "roe": 1.06,
            "roe_4q": 3.03,
            "gross_profit": 157864,
            "gross_margin": 14.77,
            "gross_margin_4q_avg": 14.31,
            "net_income": 23506,
            "net_income_4q": null,
            "revenue": 1068986,
            "revenue_4q": null,
            "common_shares": 850000,
            "book_valuer_per_share": 25.31,
            "book_valuer_per_share_4q_avg": 25.09,
            "equity": 2220549,
            "current_ratio": 307.11,
            "debt_ratio": 41.63,
            "inventory_turnover_ratio": 2.77,
            "account_receivable_turnover_ratio": 0.61,
            "reinvestment_rate": 176.89,
            "research_to_sale_ratio": 1.01,
            "price_fair": 69.93,
            "eps_avg_yearly": 2.15,
            "eps_latest_yearly": 1.04,
            "eps_growth_yearly": 22.51
        },
        "20134": {
            "year_quarter": 20134,
            "year": 2013,
            "quarter": 4,
            "eps": 0.28,
            "eps_growth_year": null,
            "eps_4q": 1.07,
            "eps_4q_growth_year": 262.05,
            "roe": 1.13,
            "roe_4q": 4.36,
            "gross_profit": 168245,
            "gross_margin": 15.26,
            "gross_margin_4q_avg": 14.73,
            "net_income": 25400,
            "net_income_4q": null,
            "revenue": 1102796,
            "revenue_4q": null,
            "common_shares": 850000,
            "book_valuer_per_share": 25.88,
            "book_valuer_per_share_4q_avg": 25.37,
            "equity": 2271286,
            "current_ratio": 301.94,
            "debt_ratio": 41.63,
            "inventory_turnover_ratio": 2.76,
            "account_receivable_turnover_ratio": 0.61,
            "reinvestment_rate": -81.02,
            "research_to_sale_ratio": 1.1,
            "price_fair": 70.78,
            "eps_avg_yearly": 2.02,
            "eps_latest_yearly": 1.12,
            "eps_growth_yearly": 47.13
        },
        "20141": {
            "year_quarter": 20141,
            "year": 2014,
            "quarter": 1,
            "eps": 0.24,
            "eps_growth_year": 41.18,
            "eps_4q": 1.14,
            "eps_4q_growth_year": 334.93,
            "roe": 0.93,
            "roe_4q": 4.62,
            "gross_profit": 148246,
            "gross_margin": 15.5,
            "gross_margin_4q_avg": 15.14,
            "net_income": 21323,
            "net_income_4q": null,
            "revenue": 956183,
            "revenue_4q": null,
            "common_shares": 850000,
            "book_valuer_per_share": 26.27,
            "book_valuer_per_share_4q_avg": 25.67,
            "equity": 2306546,
            "current_ratio": 350.32,
            "debt_ratio": 39.89,
            "inventory_turnover_ratio": 2.29,
            "account_receivable_turnover_ratio": 0.53,
            "reinvestment_rate": -102.77,
            "research_to_sale_ratio": 1.25,
            "price_fair": 33.26,
            "eps_avg_yearly": 1.7,
            "eps_latest_yearly": 0.96,
            "eps_growth_yearly": 9.59
        },
        "20142": {
            "year_quarter": 20142,
            "year": 2014,
            "quarter": 2,
            "eps": 0.34,
            "eps_growth_year": -8.11,
            "eps_4q": 1.11,
            "eps_4q_growth_year": 47.66,
            "roe": 1.32,
            "roe_4q": 4.4399999999999995,
            "gross_profit": 185893,
            "gross_margin": 16.43,
            "gross_margin_4q_avg": 15.49,
            "net_income": 29997,
            "net_income_4q": null,
            "revenue": 1131738,
            "revenue_4q": null,
            "common_shares": 850000,
            "book_valuer_per_share": 25.34,
            "book_valuer_per_share_4q_avg": 25.7,
            "equity": 2227468,
            "current_ratio": 316.02,
            "debt_ratio": 42.42,
            "inventory_turnover_ratio": 2.68,
            "account_receivable_turnover_ratio": 0.62,
            "reinvestment_rate": -177.74,
            "research_to_sale_ratio": 1.38,
            "price_fair": 38.47,
            "eps_avg_yearly": 1.33,
            "eps_latest_yearly": 1.36,
            "eps_growth_yearly": 18.95
        },
        "20143": {
            "year_quarter": 20143,
            "year": 2014,
            "quarter": 3,
            "eps": 0.5,
            "eps_growth_year": 92.31,
            "eps_4q": 1.36,
            "eps_4q_growth_year": 86.41,
            "roe": 1.94,
            "roe_4q": 5.319999999999999,
            "gross_profit": 159510,
            "gross_margin": 15.38,
            "gross_margin_4q_avg": 15.64,
            "net_income": 43750,
            "net_income_4q": null,
            "revenue": 1036844,
            "revenue_4q": null,
            "common_shares": 850000,
            "book_valuer_per_share": 26.08,
            "book_valuer_per_share_4q_avg": 25.89,
            "equity": 2292535,
            "current_ratio": 343.57,
            "debt_ratio": 41.01,
            "inventory_turnover_ratio": 2.48,
            "account_receivable_turnover_ratio": 0.56,
            "reinvestment_rate": -169.77,
            "research_to_sale_ratio": 1.28,
            "price_fair": 43.4,
            "eps_avg_yearly": 1.24,
            "eps_latest_yearly": 2,
            "eps_growth_yearly": 57.72
        },
        "20144": {
            "year_quarter": 20144,
            "year": 2014,
            "quarter": 4,
            "eps": 0.13,
            "eps_growth_year": -52.2,
            "eps_4q": 1.21,
            "eps_4q_growth_year": 12.93,
            "roe": 0.5,
            "roe_4q": 4.6899999999999995,
            "gross_profit": 151207,
            "gross_margin": 15.39,
            "gross_margin_4q_avg": 15.68,
            "net_income": 11708,
            "net_income_4q": null,
            "revenue": 982642,
            "revenue_4q": null,
            "common_shares": 850000,
            "book_valuer_per_share": 26.96,
            "book_valuer_per_share_4q_avg": 26.16,
            "equity": 2371176,
            "current_ratio": 355.44,
            "debt_ratio": 39.39,
            "inventory_turnover_ratio": 2.47,
            "account_receivable_turnover_ratio": 0.56,
            "reinvestment_rate": -204.84,
            "research_to_sale_ratio": 1.7,
            "price_fair": 30.53,
            "eps_avg_yearly": 0.96,
            "eps_latest_yearly": 0.52,
            "eps_growth_yearly": 21.65
        },
        "20151": {
            "year_quarter": 20151,
            "year": 2015,
            "quarter": 1,
            "eps": 0.08,
            "eps_growth_year": -66.67,
            "eps_4q": 1.05,
            "eps_4q_growth_year": -8.12,
            "roe": 0.31,
            "roe_4q": 4.07,
            "gross_profit": 142388,
            "gross_margin": 16.78,
            "gross_margin_4q_avg": 16,
            "net_income": 7231,
            "net_income_4q": null,
            "revenue": 848446,
            "revenue_4q": null,
            "common_shares": 850000,
            "book_valuer_per_share": 26.64,
            "book_valuer_per_share_4q_avg": 26.26,
            "equity": 2343075,
            "current_ratio": 311.64,
            "debt_ratio": 38.65,
            "inventory_turnover_ratio": 2.15,
            "account_receivable_turnover_ratio": 0.52,
            "reinvestment_rate": -225.22,
            "research_to_sale_ratio": 1.91,
            "price_fair": 34.69,
            "eps_avg_yearly": 0.99,
            "eps_latest_yearly": 0.32,
            "eps_growth_yearly": 47.82
        },
        "20152": {
            "year_quarter": 20152,
            "year": 2015,
            "quarter": 2,
            "eps": 0.24,
            "eps_growth_year": -29.41,
            "eps_4q": 0.95,
            "eps_4q_growth_year": -14.94,
            "roe": 0.89,
            "roe_4q": 3.6399999999999997,
            "gross_profit": 164032,
            "gross_margin": 17.99,
            "gross_margin_4q_avg": 16.39,
            "net_income": 20556,
            "net_income_4q": null,
            "revenue": 911892,
            "revenue_4q": null,
            "common_shares": 850000,
            "book_valuer_per_share": 25.77,
            "book_valuer_per_share_4q_avg": 26.36,
            "equity": 2263633,
            "current_ratio": 289.92,
            "debt_ratio": 41.17,
            "inventory_turnover_ratio": 2.19,
            "account_receivable_turnover_ratio": 0.6,
            "reinvestment_rate": -195.77,
            "research_to_sale_ratio": 1.87,
            "price_fair": 37.96,
            "eps_avg_yearly": 1.08,
            "eps_latest_yearly": 0.96,
            "eps_growth_yearly": 114.48
        },
        "20153": {
            "year_quarter": 20153,
            "year": 2015,
            "quarter": 3,
            "eps": 0.48,
            "eps_growth_year": -4,
            "eps_4q": 0.93,
            "eps_4q_growth_year": -31.89,
            "roe": 1.81,
            "roe_4q": 3.5100000000000002,
            "gross_profit": 155398,
            "gross_margin": 17.53,
            "gross_margin_4q_avg": 16.92,
            "net_income": 41653,
            "net_income_4q": null,
            "revenue": 886433,
            "revenue_4q": null,
            "common_shares": 850000,
            "book_valuer_per_share": 26.63,
            "book_valuer_per_share_4q_avg": 26.5,
            "equity": 2339712,
            "current_ratio": 310.02,
            "debt_ratio": 39.21,
            "inventory_turnover_ratio": 2.31,
            "account_receivable_turnover_ratio": 0.59,
            "reinvestment_rate": -127.92,
            "research_to_sale_ratio": 1.99,
            "price_fair": 40.88,
            "eps_avg_yearly": 1.17,
            "eps_latest_yearly": 1.92,
            "eps_growth_yearly": 143.04
        },
        "20154": {
            "year_quarter": 20154,
            "year": 2015,
            "quarter": 4,
            "eps": 0.17,
            "eps_growth_year": 29.51,
            "eps_4q": 0.96,
            "eps_4q_growth_year": -20.51,
            "roe": 0.69,
            "roe_4q": 3.7,
            "gross_profit": 201111,
            "gross_margin": 21.05,
            "gross_margin_4q_avg": 18.34,
            "net_income": 16081,
            "net_income_4q": null,
            "revenue": 955404,
            "revenue_4q": null,
            "common_shares": 850000,
            "book_valuer_per_share": 26.26,
            "book_valuer_per_share_4q_avg": 26.33,
            "equity": 2307006,
            "current_ratio": 319.37,
            "debt_ratio": 38.66,
            "inventory_turnover_ratio": 2.68,
            "account_receivable_turnover_ratio": 0.62,
            "reinvestment_rate": -80.2,
            "research_to_sale_ratio": 1.94,
            "price_fair": 39.33,
            "eps_avg_yearly": 1.12,
            "eps_latest_yearly": 0.68,
            "eps_growth_yearly": 106.55
        },
        "20161": {
            "year_quarter": 20161,
            "year": 2016,
            "quarter": 1,
            "eps": -0.03,
            "eps_growth_year": -137.5,
            "eps_4q": 0.86,
            "eps_4q_growth_year": -18.35,
            "roe": -0.14,
            "roe_4q": 3.25,
            "gross_profit": 169180,
            "gross_margin": 22.23,
            "gross_margin_4q_avg": 19.7,
            "net_income": -3231,
            "net_income_4q": null,
            "revenue": 761012,
            "revenue_4q": null,
            "common_shares": 850000,
            "book_valuer_per_share": 25.81,
            "book_valuer_per_share_4q_avg": 26.12,
            "equity": 2266743,
            "current_ratio": 346.76,
            "debt_ratio": 37.26,
            "inventory_turnover_ratio": 2.25,
            "account_receivable_turnover_ratio": 0.52,
            "reinvestment_rate": -88.08,
            "research_to_sale_ratio": 2.02,
            "price_fair": 39.33,
            "eps_avg_yearly": 1.12,
            "eps_latest_yearly": 0.68,
            "eps_growth_yearly": 106.55
        },
        "20162": {
            "year_quarter": 20162,
            "year": 2016,
            "quarter": 2,
            "eps": 0.55,
            "eps_growth_year": 129.17,
            "eps_4q": 1.18,
            "eps_4q_growth_year": 23.95,
            "roe": 2.2,
            "roe_4q": 4.5600000000000005,
            "gross_profit": 190882,
            "gross_margin": 22.42,
            "gross_margin_4q_avg": 20.81,
            "net_income": 48742,
            "net_income_4q": null,
            "revenue": 851547,
            "revenue_4q": null,
            "common_shares": 850000,
            "book_valuer_per_share": 24.72,
            "book_valuer_per_share_4q_avg": 25.86,
            "equity": 2173862,
            "current_ratio": 326.48,
            "debt_ratio": 39.08,
            "inventory_turnover_ratio": 2.68,
            "account_receivable_turnover_ratio": 0.63,
            "reinvestment_rate": -74.94,
            "research_to_sale_ratio": 1.06,
            "price_fair": 39.33,
            "eps_avg_yearly": 1.12,
            "eps_latest_yearly": 0.68,
            "eps_growth_yearly": 106.55
        },
        "20163": {
            "year_quarter": 20163,
            "year": 2016,
            "quarter": 3,
            "eps": 0.23,
            "eps_growth_year": -52.08,
            "eps_4q": 0.92,
            "eps_4q_growth_year": -0.76,
            "roe": 0.98,
            "roe_4q": 3.73,
            "gross_profit": 187500,
            "gross_margin": 21.6,
            "gross_margin_4q_avg": 21.83,
            "net_income": 21020,
            "net_income_4q": null,
            "revenue": 868220,
            "revenue_4q": null,
            "common_shares": 850000,
            "book_valuer_per_share": 24.04,
            "book_valuer_per_share_4q_avg": 25.21,
            "equity": 2115819,
            "current_ratio": 315.42,
            "debt_ratio": 40.26,
            "inventory_turnover_ratio": 2.79,
            "account_receivable_turnover_ratio": 0.63,
            "reinvestment_rate": -73.98,
            "research_to_sale_ratio": 1.43,
            "price_fair": 38.73,
            "eps_avg_yearly": 1.11,
            "eps_latest_yearly": 0.92,
            "eps_growth_yearly": 78.27
        },
        "20164": {
            "year_quarter": 20164,
            "year": 2016,
            "quarter": 4,
            "eps": 0.51,
            "eps_growth_year": 195.39,
            "eps_4q": 1.26,
            "eps_4q_growth_year": 30.09,
            "roe": 2.1,
            "roe_4q": 5.140000000000001,
            "gross_profit": 205065,
            "gross_margin": 21.3,
            "gross_margin_4q_avg": 21.89,
            "net_income": 44470,
            "net_income_4q": null,
            "revenue": 962620,
            "revenue_4q": null,
            "common_shares": 850000,
            "book_valuer_per_share": 24.19,
            "book_valuer_per_share_4q_avg": 24.69,
            "equity": 2128824,
            "current_ratio": 299.42,
            "debt_ratio": 41.62,
            "inventory_turnover_ratio": 2.7,
            "account_receivable_turnover_ratio": 0.66,
            "reinvestment_rate": -58.72,
            "research_to_sale_ratio": 1.68,
            "price_fair": 41.25,
            "eps_avg_yearly": 1.18,
            "eps_latest_yearly": 2.04,
            "eps_growth_yearly": 109.71
        },
        "20171": {
            "year_quarter": 20171,
            "year": 2017,
            "quarter": 1,
            "eps": 0.06,
            "eps_growth_year": null,
            "eps_4q": 1.35,
            "eps_4q_growth_year": 57.61,
            "roe": 0.3,
            "roe_4q": 5.58,
            "gross_profit": 163944,
            "gross_margin": 19.84,
            "gross_margin_4q_avg": 21.29,
            "net_income": 6308,
            "net_income_4q": null,
            "revenue": 826367,
            "revenue_4q": null,
            "common_shares": 850000,
            "book_valuer_per_share": 22.82,
            "book_valuer_per_share_4q_avg": 23.94,
            "equity": 2009620,
            "current_ratio": 306.38,
            "debt_ratio": 41.64,
            "inventory_turnover_ratio": 2.16,
            "account_receivable_turnover_ratio": 0.56,
            "reinvestment_rate": -74.82,
            "research_to_sale_ratio": 1.24,
            "price_fair": 38.9,
            "eps_avg_yearly": 1.11,
            "eps_latest_yearly": 0.24,
            "eps_growth_yearly": 76.66
        },
        "20172": {
            "year_quarter": 20172,
            "year": 2017,
            "quarter": 2,
            "eps": 0.38,
            "eps_growth_year": -30.91,
            "eps_4q": 1.17,
            "eps_4q_growth_year": -0.33,
            "roe": 1.7,
            "roe_4q": 5.08,
            "gross_profit": 172012,
            "gross_margin": 19.98,
            "gross_margin_4q_avg": 20.68,
            "net_income": 33721,
            "net_income_4q": null,
            "revenue": 860860,
            "revenue_4q": null,
            "common_shares": 850000,
            "book_valuer_per_share": 22.22,
            "book_valuer_per_share_4q_avg": 23.32,
            "equity": 1961710,
            "current_ratio": 274.62,
            "debt_ratio": 44.47,
            "inventory_turnover_ratio": 2.28,
            "account_receivable_turnover_ratio": 0.59,
            "reinvestment_rate": -65.93,
            "research_to_sale_ratio": 1.65,
            "price_fair": 39,
            "eps_avg_yearly": 1.11,
            "eps_latest_yearly": 1.52,
            "eps_growth_yearly": 195.43
        },
        "20173": {
            "year_quarter": 20173,
            "year": 2017,
            "quarter": 3,
            "eps": 0.56,
            "eps_growth_year": 143.48,
            "eps_4q": 1.5,
            "eps_4q_growth_year": 63.77,
            "roe": 2.44,
            "roe_4q": 6.539999999999999,
            "gross_profit": 197797,
            "gross_margin": 19.1,
            "gross_margin_4q_avg": 20.06,
            "net_income": 48936,
            "net_income_4q": null,
            "revenue": 1035656,
            "revenue_4q": null,
            "common_shares": 850000,
            "book_valuer_per_share": 23.32,
            "book_valuer_per_share_4q_avg": 23.14,
            "equity": 2053226,
            "current_ratio": 269.47,
            "debt_ratio": 44.5,
            "inventory_turnover_ratio": 2.79,
            "account_receivable_turnover_ratio": 0.66,
            "reinvestment_rate": -51.89,
            "research_to_sale_ratio": 1.54,
            "price_fair": 42,
            "eps_avg_yearly": 1.2,
            "eps_latest_yearly": 2.24,
            "eps_growth_yearly": 217.46
        },
        "20174": {
            "year_quarter": 20174,
            "year": 2017,
            "quarter": 4,
            "eps": 0.47,
            "eps_growth_year": -8.47,
            "eps_4q": 1.46,
            "eps_4q_growth_year": 16.42,
            "roe": 1.99,
            "roe_4q": 6.43,
            "gross_profit": 211817,
            "gross_margin": 19.88,
            "gross_margin_4q_avg": 19.7,
            "net_income": 41157,
            "net_income_4q": null,
            "revenue": 1065284,
            "revenue_4q": null,
            "common_shares": 850000,
            "book_valuer_per_share": 23.66,
            "book_valuer_per_share_4q_avg": 23.01,
            "equity": 2083502,
            "current_ratio": 264.34,
            "debt_ratio": 44.94,
            "inventory_turnover_ratio": 2.61,
            "account_receivable_turnover_ratio": 0.61,
            "reinvestment_rate": -44.15,
            "research_to_sale_ratio": 2.17,
            "price_fair": 43.9,
            "eps_avg_yearly": 1.25,
            "eps_latest_yearly": 1.88,
            "eps_growth_yearly": 210.67
        },
        "20181": {
            "year_quarter": 20181,
            "year": 2018,
            "quarter": 1,
            "eps": 0.16,
            "eps_growth_year": 166.67,
            "eps_4q": 1.56,
            "eps_4q_growth_year": 15.39,
            "roe": 0.72,
            "roe_4q": 6.8500000000000005,
            "gross_profit": 174527,
            "gross_margin": 18.06,
            "gross_margin_4q_avg": 19.26,
            "net_income": 15265,
            "net_income_4q": null,
            "revenue": 966179,
            "revenue_4q": null,
            "common_shares": 850000,
            "book_valuer_per_share": 24.31,
            "book_valuer_per_share_4q_avg": 23.38,
            "equity": 2141595,
            "current_ratio": 279.39,
            "debt_ratio": 43.19,
            "inventory_turnover_ratio": 2.13,
            "account_receivable_turnover_ratio": 0.55,
            "reinvestment_rate": -43.06,
            "research_to_sale_ratio": 1.51,
            "price_fair": 43.1,
            "eps_avg_yearly": 1.23,
            "eps_latest_yearly": 0.64,
            "eps_growth_yearly": 195.91
        },
        "20182": {
            "year_quarter": 20182,
            "year": 2018,
            "quarter": 2,
            "eps": 0.52,
            "eps_growth_year": 36.84,
            "eps_4q": 1.7,
            "eps_4q_growth_year": 45.53,
            "roe": 2.19,
            "roe_4q": 7.34,
            "gross_profit": 210775,
            "gross_margin": 19.02,
            "gross_margin_4q_avg": 19.02,
            "net_income": 45985,
            "net_income_4q": null,
            "revenue": 1108086,
            "revenue_4q": null,
            "common_shares": 850000,
            "book_valuer_per_share": 23.25,
            "book_valuer_per_share_4q_avg": 23.64,
            "equity": 2052316,
            "current_ratio": 245.39,
            "debt_ratio": 46.99,
            "inventory_turnover_ratio": 2.34,
            "account_receivable_turnover_ratio": 0.64,
            "reinvestment_rate": -30.06,
            "research_to_sale_ratio": 1.69,
            "price_fair": 44.9,
            "eps_avg_yearly": 1.28,
            "eps_latest_yearly": 2.08,
            "eps_growth_yearly": 248.29
        },
        "20183": {
            "year_quarter": 20183,
            "year": 2018,
            "quarter": 3,
            "eps": 0.44,
            "eps_growth_year": -21.43,
            "eps_4q": 1.58,
            "eps_4q_growth_year": 5.35,
            "roe": 1.88,
            "roe_4q": 6.78,
            "gross_profit": 189870,
            "gross_margin": 18.23,
            "gross_margin_4q_avg": 18.8,
            "net_income": 37971,
            "net_income_4q": null,
            "revenue": 1041776,
            "revenue_4q": null,
            "common_shares": 850000,
            "book_valuer_per_share": 22.54,
            "book_valuer_per_share_4q_avg": 23.44,
            "equity": 1990776,
            "current_ratio": 243.36,
            "debt_ratio": 47.45,
            "inventory_turnover_ratio": 2.38,
            "account_receivable_turnover_ratio": 0.6,
            "reinvestment_rate": -29.26,
            "research_to_sale_ratio": 1.44,
            "price_fair": 44.3,
            "eps_avg_yearly": 1.27,
            "eps_latest_yearly": 1.76,
            "eps_growth_yearly": 230.45
        },
        "20184": {
            "year_quarter": 20184,
            "year": 2018,
            "quarter": 4,
            "eps": 0.25,
            "eps_growth_year": -45.61,
            "eps_4q": 1.37,
            "eps_4q_growth_year": -6.08,
            "roe": 1.18,
            "roe_4q": 5.97,
            "gross_profit": 188576,
            "gross_margin": 19.24,
            "gross_margin_4q_avg": 18.64,
            "net_income": 23389,
            "net_income_4q": null,
            "revenue": 980055,
            "revenue_4q": null,
            "common_shares": 850000,
            "book_valuer_per_share": 23.22,
            "book_valuer_per_share_4q_avg": 23.33,
            "equity": 1985804,
            "current_ratio": 237.52,
            "debt_ratio": 48.14,
            "inventory_turnover_ratio": 2.37,
            "account_receivable_turnover_ratio": 0.58,
            "reinvestment_rate": -28.87,
            "research_to_sale_ratio": 2.05,
            "price_fair": 45.5,
            "eps_avg_yearly": 1.3,
            "eps_latest_yearly": 1,
            "eps_growth_yearly": 239.25
        },
        "20191": {
            "year_quarter": 20191,
            "year": 2019,
            "quarter": 1,
            "eps": -0.11,
            "eps_growth_year": -168.75,
            "eps_4q": 1.11,
            "eps_4q_growth_year": -29.08,
            "roe": -0.41,
            "roe_4q": 4.84,
            "gross_profit": 131820,
            "gross_margin": 16.81,
            "gross_margin_4q_avg": 18.33,
            "net_income": -8289,
            "net_income_4q": null,
            "revenue": 783951,
            "revenue_4q": null,
            "common_shares": 850000,
            "book_valuer_per_share": 23.72,
            "book_valuer_per_share_4q_avg": 23.18,
            "equity": 2029820,
            "current_ratio": 237.11,
            "debt_ratio": 49.21,
            "inventory_turnover_ratio": 1.87,
            "account_receivable_turnover_ratio": 0.49,
            "reinvestment_rate": -21.94,
            "research_to_sale_ratio": 2.61,
            "price_fair": 48.14,
            "eps_avg_yearly": 1.38,
            "eps_latest_yearly": 1,
            "eps_growth_yearly": 269.49
        },
        "20192": {
            "year_quarter": 20192,
            "year": 2019,
            "quarter": 2,
            "eps": 0.15,
            "eps_growth_year": -71.15,
            "eps_4q": 0.73,
            "eps_4q_growth_year": -57.17,
            "roe": 0.64,
            "roe_4q": 3.29,
            "gross_profit": 155006,
            "gross_margin": 18.25,
            "gross_margin_4q_avg": 18.13,
            "net_income": 12588,
            "net_income_4q": null,
            "revenue": 849507,
            "revenue_4q": null,
            "common_shares": 850000,
            "book_valuer_per_share": 22.45,
            "book_valuer_per_share_4q_avg": 22.98,
            "equity": 1921245,
            "current_ratio": 230.94,
            "debt_ratio": 50.31,
            "inventory_turnover_ratio": 2.12,
            "account_receivable_turnover_ratio": 0.58,
            "reinvestment_rate": -21.99,
            "research_to_sale_ratio": 2.71,
            "price_fair": 49.35,
            "eps_avg_yearly": 1.41,
            "eps_latest_yearly": 1,
            "eps_growth_yearly": 225.28
        },
        "20193": {
            "year_quarter": 20193,
            "year": 2019,
            "quarter": 3,
            "eps": 0.21,
            "eps_growth_year": -52.27,
            "eps_4q": 0.5,
            "eps_4q_growth_year": -68.3,
            "roe": 0.98,
            "roe_4q": 2.39,
            "gross_profit": 167798,
            "gross_margin": 18.79,
            "gross_margin_4q_avg": 18.27,
            "net_income": 18492,
            "net_income_4q": null,
            "revenue": 893212,
            "revenue_4q": null,
            "common_shares": 850000,
            "book_valuer_per_share": 21.73,
            "book_valuer_per_share_4q_avg": 22.78,
            "equity": 1860728,
            "current_ratio": 223.76,
            "debt_ratio": 51.07,
            "inventory_turnover_ratio": 2.7,
            "account_receivable_turnover_ratio": 0.63,
            "reinvestment_rate": -17.35,
            "research_to_sale_ratio": 2.67,
            "price_fair": 46.2,
            "eps_avg_yearly": 1.32,
            "eps_latest_yearly": 0.84,
            "eps_growth_yearly": 205.28
        },
        "20194": {
            "year_quarter": 20194,
            "year": 2019,
            "quarter": 4,
            "eps": 0.33,
            "eps_growth_year": 30.19,
            "eps_4q": 0.58,
            "eps_4q_growth_year": -57.82,
            "roe": 1.53,
            "roe_4q": 2.7399999999999998,
            "gross_profit": 203498,
            "gross_margin": 20.3,
            "gross_margin_4q_avg": 18.54,
            "net_income": 28315,
            "net_income_4q": null,
            "revenue": 1002479,
            "revenue_4q": null,
            "common_shares": 850000,
            "book_valuer_per_share": 21.44,
            "book_valuer_per_share_4q_avg": 22.34,
            "equity": 1836401,
            "current_ratio": 208.42,
            "debt_ratio": 52.94,
            "inventory_turnover_ratio": 2.94,
            "account_receivable_turnover_ratio": 0.67,
            "reinvestment_rate": -6.97,
            "research_to_sale_ratio": 2.64,
            "price_fair": 48.07,
            "eps_avg_yearly": 1.37,
            "eps_latest_yearly": 1.32,
            "eps_growth_yearly": 245.86
        },
        "20201": {
            "year_quarter": 20201,
            "year": 2020,
            "quarter": 1,
            "eps": -0.2,
            "eps_growth_year": null,
            "eps_4q": 0.48,
            "eps_4q_growth_year": -56.56,
            "roe": -0.98,
            "roe_4q": 2.17,
            "gross_profit": 107726,
            "gross_margin": 16.38,
            "gross_margin_4q_avg": 18.43,
            "net_income": -17764,
            "net_income_4q": null,
            "revenue": 657575,
            "revenue_4q": null,
            "common_shares": 850000,
            "book_valuer_per_share": 20.99,
            "book_valuer_per_share_4q_avg": 21.65,
            "equity": 1796973,
            "current_ratio": 221.56,
            "debt_ratio": 52.05,
            "inventory_turnover_ratio": 1.88,
            "account_receivable_turnover_ratio": 0.46,
            "reinvestment_rate": -2.73,
            "research_to_sale_ratio": 4.81,
            "price_fair": 48.07,
            "eps_avg_yearly": 1.37,
            "eps_latest_yearly": 1.32,
            "eps_growth_yearly": 245.86
        },
        "20202": {
            "year_quarter": 20202,
            "year": 2020,
            "quarter": 2,
            "eps": 0.45,
            "eps_growth_year": 200,
            "eps_4q": 0.79,
            "eps_4q_growth_year": 7.53,
            "roe": 2.23,
            "roe_4q": 3.7600000000000002,
            "gross_profit": 190597,
            "gross_margin": 22.02,
            "gross_margin_4q_avg": 19.37,
            "net_income": 39379,
            "net_income_4q": null,
            "revenue": 865447,
            "revenue_4q": null,
            "common_shares": 850000,
            "book_valuer_per_share": 20.34,
            "book_valuer_per_share_4q_avg": 21.13,
            "equity": 1742395,
            "current_ratio": 214.45,
            "debt_ratio": 53.29,
            "inventory_turnover_ratio": 2.39,
            "account_receivable_turnover_ratio": 0.64,
            "reinvestment_rate": -1.26,
            "research_to_sale_ratio": 3.87,
            "price_fair": 48.07,
            "eps_avg_yearly": 1.37,
            "eps_latest_yearly": 1.32,
            "eps_growth_yearly": 245.86
        },
        "20203": {
            "year_quarter": 20203,
            "year": 2020,
            "quarter": 3,
            "eps": 0.18,
            "eps_growth_year": -14.29,
            "eps_4q": 0.76,
            "eps_4q_growth_year": 51.53,
            "roe": 0.9,
            "roe_4q": 3.6799999999999997,
            "gross_profit": 183622,
            "gross_margin": 19.44,
            "gross_margin_4q_avg": 19.54,
            "net_income": 16037,
            "net_income_4q": null,
            "revenue": 944465,
            "revenue_4q": null,
            "common_shares": 850000,
            "book_valuer_per_share": 21.16,
            "book_valuer_per_share_4q_avg": 20.98,
            "equity": 1812957,
            "current_ratio": 214.3,
            "debt_ratio": 53.26,
            "inventory_turnover_ratio": 2.61,
            "account_receivable_turnover_ratio": 0.68,
            "reinvestment_rate": 4.16,
            "research_to_sale_ratio": 3.09,
            "price_fair": 47.48,
            "eps_avg_yearly": 1.36,
            "eps_latest_yearly": 0.72,
            "eps_growth_yearly": 245.25
        },
        "20204": {
            "year_quarter": 20204,
            "year": 2020,
            "quarter": 4,
            "eps": 0.51,
            "eps_growth_year": 54.3,
            "eps_4q": 0.94,
            "eps_4q_growth_year": 62.45,
            "roe": 2.35,
            "roe_4q": 4.5,
            "gross_profit": 232844,
            "gross_margin": 20.6,
            "gross_margin_4q_avg": 19.61,
            "net_income": 43756,
            "net_income_4q": null,
            "revenue": 1130142,
            "revenue_4q": null,
            "common_shares": 850000,
            "book_valuer_per_share": 22.39,
            "book_valuer_per_share_4q_avg": 21.22,
            "equity": 1914591,
            "current_ratio": 208.89,
            "debt_ratio": 53.36,
            "inventory_turnover_ratio": 2.62,
            "account_receivable_turnover_ratio": 0.72,
            "reinvestment_rate": 4.79,
            "research_to_sale_ratio": 2.91,
            "price_fair": 47.48,
            "eps_avg_yearly": 1.36,
            "eps_latest_yearly": 2.04,
            "eps_growth_yearly": 265.78
        },
        "20211": {
            "year_quarter": 20211,
            "year": 2021,
            "quarter": 1,
            "eps": 0.46,
            "eps_growth_year": null,
            "eps_4q": 1.6,
            "eps_4q_growth_year": 234.07,
            "roe": 2.03,
            "roe_4q": 7.51,
            "gross_profit": 201368,
            "gross_margin": 17.96,
            "gross_margin_4q_avg": 20.01,
            "net_income": 39087,
            "net_income_4q": null,
            "revenue": 1121450,
            "revenue_4q": null,
            "common_shares": 850000,
            "book_valuer_per_share": 22.67,
            "book_valuer_per_share_4q_avg": 21.64,
            "equity": 1938419,
            "current_ratio": 212.44,
            "debt_ratio": 52.47,
            "inventory_turnover_ratio": 2.26,
            "account_receivable_turnover_ratio": 0.64,
            "reinvestment_rate": 8.78,
            "research_to_sale_ratio": 2.6,
            "price_fair": 52.15,
            "eps_avg_yearly": 1.49,
            "eps_latest_yearly": 1.84,
            "eps_growth_yearly": 291.93
        },
        "20212": {
            "year_quarter": 20212,
            "year": 2021,
            "quarter": 2,
            "eps": 0.43,
            "eps_growth_year": -4.44,
            "eps_4q": 1.59,
            "eps_4q_growth_year": 102.2,
            "roe": 1.9,
            "roe_4q": 7.18,
            "gross_profit": 231043,
            "gross_margin": 18.01,
            "gross_margin_4q_avg": 19,
            "net_income": 37040,
            "net_income_4q": null,
            "revenue": 1283208,
            "revenue_4q": null,
            "common_shares": 850000,
            "book_valuer_per_share": 22.93,
            "book_valuer_per_share_4q_avg": 22.29,
            "equity": 1960041,
            "current_ratio": 212.73,
            "debt_ratio": 52.36,
            "inventory_turnover_ratio": 2.33,
            "account_receivable_turnover_ratio": 0.68,
            "reinvestment_rate": 3.34,
            "research_to_sale_ratio": 2.48,
            "price_fair": 52.73,
            "eps_avg_yearly": 1.51,
            "eps_latest_yearly": 1.72,
            "eps_growth_yearly": 111.97
        },
        "20213": {
            "year_quarter": 20213,
            "year": 2021,
            "quarter": 3,
            "eps": 0.07,
            "eps_growth_year": -61.11,
            "eps_4q": 1.47,
            "eps_4q_growth_year": 93.43,
            "roe": 0.31,
            "roe_4q": 6.59,
            "gross_profit": 182732,
            "gross_margin": 14.94,
            "gross_margin_4q_avg": 17.88,
            "net_income": 5991,
            "net_income_4q": null,
            "revenue": 1223487,
            "revenue_4q": null,
            "common_shares": 850000,
            "book_valuer_per_share": 22.31,
            "book_valuer_per_share_4q_avg": 22.58,
            "equity": 1907367,
            "current_ratio": 202.36,
            "debt_ratio": 56.42,
            "inventory_turnover_ratio": 2.25,
            "account_receivable_turnover_ratio": 0.62,
            "reinvestment_rate": 7.88,
            "research_to_sale_ratio": 2.71,
            "price_fair": 47.02,
            "eps_avg_yearly": 1.34,
            "eps_latest_yearly": 0.28,
            "eps_growth_yearly": 68.28
        },
        "20214": {
            "year_quarter": 20214,
            "year": 2021,
            "quarter": 4,
            "eps": -0,
            "eps_growth_year": -100.25,
            "eps_4q": 0.96,
            "eps_4q_growth_year": 2.35,
            "roe": -0,
            "roe_4q": 4.24,
            "gross_profit": 184725,
            "gross_margin": 15.12,
            "gross_margin_4q_avg": 16.51,
            "net_income": -34,
            "net_income_4q": null,
            "revenue": 1221489,
            "revenue_4q": null,
            "common_shares": 850000,
            "book_valuer_per_share": 22.71,
            "book_valuer_per_share_4q_avg": 22.66,
            "equity": 1942222,
            "current_ratio": 197.37,
            "debt_ratio": 55.81,
            "inventory_turnover_ratio": 2.32,
            "account_receivable_turnover_ratio": 0.63,
            "reinvestment_rate": 46.91,
            "research_to_sale_ratio": 3.09,
            "price_fair": 45.31,
            "eps_avg_yearly": 1.29,
            "eps_latest_yearly": 0.28,
            "eps_growth_yearly": 80.33
        },
        "20221": {
            "year_quarter": 20221,
            "year": 2022,
            "quarter": 1,
            "eps": -0.15,
            "eps_growth_year": -132.61,
            "eps_4q": 0.35,
            "eps_4q_growth_year": -77.91,
            "roe": -0.66,
            "roe_4q": 1.5499999999999998,
            "gross_profit": 162776,
            "gross_margin": 15.03,
            "gross_margin_4q_avg": 15.78,
            "net_income": -13224,
            "net_income_4q": null,
            "revenue": 1083150,
            "revenue_4q": null,
            "common_shares": 850000,
            "book_valuer_per_share": 23.93,
            "book_valuer_per_share_4q_avg": 22.97,
            "equity": 2045658,
            "current_ratio": 197.35,
            "debt_ratio": 54.72,
            "inventory_turnover_ratio": 2.05,
            "account_receivable_turnover_ratio": 0.58,
            "reinvestment_rate": 80.16,
            "research_to_sale_ratio": 3.96,
            "price_fair": 47.6,
            "eps_avg_yearly": 1.36,
            "eps_latest_yearly": 0.28,
            "eps_growth_yearly": 114.75
        },
        "20222": {
            "year_quarter": 20222,
            "year": 2022,
            "quarter": 2,
            "eps": 0.22,
            "eps_growth_year": -48.84,
            "eps_4q": 0.14,
            "eps_4q_growth_year": -91.26,
            "roe": 0.91,
            "roe_4q": 0.56,
            "gross_profit": 182163,
            "gross_margin": 16.83,
            "gross_margin_4q_avg": 15.48,
            "net_income": 18281,
            "net_income_4q": null,
            "revenue": 1082128,
            "revenue_4q": null,
            "common_shares": 850000,
            "book_valuer_per_share": 23.17,
            "book_valuer_per_share_4q_avg": 23.03,
            "equity": 1980361,
            "current_ratio": 190.18,
            "debt_ratio": 56.5,
            "inventory_turnover_ratio": 1.98,
            "account_receivable_turnover_ratio": 0.62,
            "reinvestment_rate": 81.64,
            "research_to_sale_ratio": 3.39,
            "price_fair": 44.8,
            "eps_avg_yearly": 1.28,
            "eps_latest_yearly": 0.28,
            "eps_growth_yearly": 27.49
        },
        "20223": {
            "year_quarter": 20223,
            "year": 2022,
            "quarter": 3,
            "eps": -0.25,
            "eps_growth_year": -457.14,
            "eps_4q": -0.18,
            "eps_4q_growth_year": -112.43,
            "roe": -1.14,
            "roe_4q": -0.8899999999999999,
            "gross_profit": 122953,
            "gross_margin": 12.62,
            "gross_margin_4q_avg": 14.9,
            "net_income": -22587,
            "net_income_4q": null,
            "revenue": 973889,
            "revenue_4q": null,
            "common_shares": 875500,
            "book_valuer_per_share": 22.66,
            "book_valuer_per_share_4q_avg": 23.12,
            "equity": 1994137,
            "current_ratio": 191.08,
            "debt_ratio": 55.74,
            "inventory_turnover_ratio": 2.13,
            "account_receivable_turnover_ratio": 0.61,
            "reinvestment_rate": 122.78,
            "research_to_sale_ratio": 3.67,
            "price_fair": 42.7,
            "eps_avg_yearly": 1.22,
            "eps_latest_yearly": 0.28,
            "eps_growth_yearly": 38.62
        },
        "20224": {
            "year_quarter": 20224,
            "year": 2022,
            "quarter": 4,
            "eps": -0.08,
            "eps_growth_year": null,
            "eps_4q": -0.26,
            "eps_4q_growth_year": -126.82,
            "roe": -0.36,
            "roe_4q": -1.25,
            "gross_profit": 149715,
            "gross_margin": 14.57,
            "gross_margin_4q_avg": 14.76,
            "net_income": -7104,
            "net_income_4q": null,
            "revenue": 1027482,
            "revenue_4q": null,
            "common_shares": 875500,
            "book_valuer_per_share": 22.04,
            "book_valuer_per_share_4q_avg": 22.95,
            "equity": 1939773,
            "current_ratio": 201.34,
            "debt_ratio": 56.4,
            "inventory_turnover_ratio": 2.55,
            "account_receivable_turnover_ratio": 0.68,
            "reinvestment_rate": 137.74,
            "research_to_sale_ratio": 3.42,
            "price_fair": 43.8,
            "eps_avg_yearly": 1.25,
            "eps_latest_yearly": 0.28,
            "eps_growth_yearly": 68.82
        },
        "20231": {
            "year_quarter": 20231,
            "year": 2023,
            "quarter": 1,
            "eps": -0.38,
            "eps_growth_year": null,
            "eps_4q": -0.5,
            "eps_4q_growth_year": -239.73,
            "roe": -1.73,
            "roe_4q": -2.3199999999999994,
            "gross_profit": 127980,
            "gross_margin": 14.2,
            "gross_margin_4q_avg": 14.56,
            "net_income": -33451,
            "net_income_4q": null,
            "revenue": 901529,
            "revenue_4q": null,
            "common_shares": 875500,
            "book_valuer_per_share": 21.82,
            "book_valuer_per_share_4q_avg": 22.42,
            "equity": 1920430,
            "current_ratio": 184.14,
            "debt_ratio": 57.58,
            "inventory_turnover_ratio": 2.28,
            "account_receivable_turnover_ratio": 0.63,
            "reinvestment_rate": 247.01,
            "research_to_sale_ratio": 3.54,
            "price_fair": 43.8,
            "eps_avg_yearly": 1.25,
            "eps_latest_yearly": 0.28,
            "eps_growth_yearly": 68.82
        },
        "20232": {
            "year_quarter": 20232,
            "year": 2023,
            "quarter": 2,
            "eps": -0.23,
            "eps_growth_year": -204.55,
            "eps_4q": -0.95,
            "eps_4q_growth_year": -781.19,
            "roe": -1.1,
            "roe_4q": -4.33,
            "gross_profit": 130630,
            "gross_margin": 14.15,
            "gross_margin_4q_avg": 13.89,
            "net_income": -20359,
            "net_income_4q": null,
            "revenue": 922875,
            "revenue_4q": null,
            "common_shares": 875500,
            "book_valuer_per_share": 20.1,
            "book_valuer_per_share_4q_avg": 21.66,
            "equity": 1769175,
            "current_ratio": 171.87,
            "debt_ratio": 60.18,
            "inventory_turnover_ratio": 2.53,
            "account_receivable_turnover_ratio": 0.67,
            "reinvestment_rate": 379.63,
            "research_to_sale_ratio": 3.6,
            "price_fair": 43.8,
            "eps_avg_yearly": 1.25,
            "eps_latest_yearly": 0.28,
            "eps_growth_yearly": 68.82
        },
        "20233": {
            "year_quarter": 20233,
            "year": 2023,
            "quarter": 3,
            "eps": -0.98,
            "eps_growth_year": null,
            "eps_4q": -1.67,
            "eps_4q_growth_year": null,
            "roe": -4.76,
            "roe_4q": -7.95,
            "gross_profit": 85424,
            "gross_margin": 8.92,
            "gross_margin_4q_avg": 12.96,
            "net_income": -85400,
            "net_income_4q": null,
            "revenue": 957410,
            "revenue_4q": null,
            "common_shares": 875500,
            "book_valuer_per_share": 20.63,
            "book_valuer_per_share_4q_avg": 21.15,
            "equity": 1816228,
            "current_ratio": 165.33,
            "debt_ratio": 60.44,
            "inventory_turnover_ratio": 3.01,
            "account_receivable_turnover_ratio": 0.69,
            "reinvestment_rate": 2141.9,
            "research_to_sale_ratio": 3.32,
            "price_fair": 46.2,
            "eps_avg_yearly": 1.32,
            "eps_latest_yearly": 0.28,
            "eps_growth_yearly": 53.62
        }
    },
    "months": {
        "2007-09": {
            "month": "2007-09",
            "price": "54.65",
            "revenue": 301882
        },
        "2007-10": {
            "month": "2007-10",
            "price": "43.80",
            "revenue": 321976
        },
        "2007-11": {
            "month": "2007-11",
            "price": "45.94",
            "revenue": 282082
        },
        "2007-12": {
            "month": "2007-12",
            "price": "41.85",
            "revenue": 240363
        },
        "2008-01": {
            "month": "2008-01",
            "price": "38.60",
            "revenue": 282609
        },
        "2008-02": {
            "month": "2008-02",
            "price": "36.14",
            "revenue": 194658
        },
        "2008-03": {
            "month": "2008-03",
            "price": "40.67",
            "revenue": 336345
        },
        "2008-04": {
            "month": "2008-04",
            "price": "38.51",
            "revenue": 308943
        },
        "2008-05": {
            "month": "2008-05",
            "price": "39.11",
            "revenue": 257000
        },
        "2008-06": {
            "month": "2008-06",
            "price": "36.94",
            "revenue": 211633
        },
        "2008-07": {
            "month": "2008-07",
            "price": "32.26",
            "revenue": 248530
        },
        "2008-08": {
            "month": "2008-08",
            "price": "28.22",
            "revenue": 228885
        },
        "2008-09": {
            "month": "2008-09",
            "price": "26.86",
            "revenue": 237837
        },
        "2008-10": {
            "month": "2008-10",
            "price": "22.52",
            "revenue": 204432
        },
        "2008-11": {
            "month": "2008-11",
            "price": "14.95",
            "revenue": 148080
        },
        "2008-12": {
            "month": "2008-12",
            "price": "11.34",
            "revenue": 146223
        },
        "2009-01": {
            "month": "2009-01",
            "price": "8.14",
            "revenue": 162695
        },
        "2009-02": {
            "month": "2009-02",
            "price": "7.57",
            "revenue": 275251
        },
        "2009-03": {
            "month": "2009-03",
            "price": "11.37",
            "revenue": 351677
        },
        "2009-04": {
            "month": "2009-04",
            "price": "15.40",
            "revenue": 321526
        },
        "2009-05": {
            "month": "2009-05",
            "price": "14.14",
            "revenue": 296220
        },
        "2009-06": {
            "month": "2009-06",
            "price": "13.52",
            "revenue": 274651
        },
        "2009-07": {
            "month": "2009-07",
            "price": "15.00",
            "revenue": 335238
        },
        "2009-08": {
            "month": "2009-08",
            "price": "16.29",
            "revenue": 360690
        },
        "2009-09": {
            "month": "2009-09",
            "price": "23.55",
            "revenue": 374665
        },
        "2009-10": {
            "month": "2009-10",
            "price": "25.02",
            "revenue": 334444
        },
        "2009-11": {
            "month": "2009-11",
            "price": "25.56",
            "revenue": 365040
        },
        "2009-12": {
            "month": "2009-12",
            "price": "27.18",
            "revenue": 377891
        },
        "2010-01": {
            "month": "2010-01",
            "price": "31.42",
            "revenue": 383685
        },
        "2010-02": {
            "month": "2010-02",
            "price": "28.94",
            "revenue": 285004
        },
        "2010-03": {
            "month": "2010-03",
            "price": "30.18",
            "revenue": 504109
        },
        "2010-04": {
            "month": "2010-04",
            "price": "36.21",
            "revenue": 534977
        },
        "2010-05": {
            "month": "2010-05",
            "price": "39.05",
            "revenue": 529322
        },
        "2010-06": {
            "month": "2010-06",
            "price": "34.60",
            "revenue": 427839
        },
        "2010-07": {
            "month": "2010-07",
            "price": "34.68",
            "revenue": 407448
        },
        "2010-08": {
            "month": "2010-08",
            "price": "35.23",
            "revenue": 440165
        },
        "2010-09": {
            "month": "2010-09",
            "price": "37.73",
            "revenue": 376600
        },
        "2010-10": {
            "month": "2010-10",
            "price": "35.55",
            "revenue": 362854
        },
        "2010-11": {
            "month": "2010-11",
            "price": "29.17",
            "revenue": 407857
        },
        "2010-12": {
            "month": "2010-12",
            "price": "30.12",
            "revenue": 385326
        },
        "2011-01": {
            "month": "2011-01",
            "price": "29.66",
            "revenue": 346509
        },
        "2011-02": {
            "month": "2011-02",
            "price": "29.19",
            "revenue": 286316
        },
        "2011-03": {
            "month": "2011-03",
            "price": "27.88",
            "revenue": 441385
        },
        "2011-04": {
            "month": "2011-04",
            "price": "28.16",
            "revenue": 414894
        },
        "2011-05": {
            "month": "2011-05",
            "price": "24.57",
            "revenue": 370117
        },
        "2011-06": {
            "month": "2011-06",
            "price": "23.56",
            "revenue": 349787
        },
        "2011-07": {
            "month": "2011-07",
            "price": "20.29",
            "revenue": 384802
        },
        "2011-08": {
            "month": "2011-08",
            "price": "16.12",
            "revenue": 394541
        },
        "2011-09": {
            "month": "2011-09",
            "price": "15.80",
            "revenue": 357959
        },
        "2011-10": {
            "month": "2011-10",
            "price": "14.90",
            "revenue": 355392
        },
        "2011-11": {
            "month": "2011-11",
            "price": "12.42",
            "revenue": 378770
        },
        "2011-12": {
            "month": "2011-12",
            "price": "11.02",
            "revenue": 358864
        },
        "2012-01": {
            "month": "2012-01",
            "price": "10.87",
            "revenue": 215615
        },
        "2012-02": {
            "month": "2012-02",
            "price": "13.48",
            "revenue": 350323
        },
        "2012-03": {
            "month": "2012-03",
            "price": "13.74",
            "revenue": 383512
        },
        "2012-04": {
            "month": "2012-04",
            "price": "12.91",
            "revenue": 358366
        },
        "2012-05": {
            "month": "2012-05",
            "price": "12.82",
            "revenue": 361283
        },
        "2012-06": {
            "month": "2012-06",
            "price": "12.18",
            "revenue": 322032
        },
        "2012-07": {
            "month": "2012-07",
            "price": "12.64",
            "revenue": 361178
        },
        "2012-08": {
            "month": "2012-08",
            "price": "13.23",
            "revenue": 368321
        },
        "2012-09": {
            "month": "2012-09",
            "price": "14.04",
            "revenue": 349212
        },
        "2012-10": {
            "month": "2012-10",
            "price": "13.14",
            "revenue": 351277
        },
        "2012-11": {
            "month": "2012-11",
            "price": "12.24",
            "revenue": 348833
        },
        "2012-12": {
            "month": "2012-12",
            "price": "12.10",
            "revenue": 318724
        },
        "2013-01": {
            "month": "2013-01",
            "price": "12.03",
            "revenue": 355447
        },
        "2013-02": {
            "month": "2013-02",
            "price": "12.84",
            "revenue": 179864
        },
        "2013-03": {
            "month": "2013-03",
            "price": "13.85",
            "revenue": 389675
        },
        "2013-04": {
            "month": "2013-04",
            "price": "13.56",
            "revenue": 382771
        },
        "2013-05": {
            "month": "2013-05",
            "price": "13.98",
            "revenue": 368447
        },
        "2013-06": {
            "month": "2013-06",
            "price": "13.37",
            "revenue": 323633
        },
        "2013-07": {
            "month": "2013-07",
            "price": "12.84",
            "revenue": 368135
        },
        "2013-08": {
            "month": "2013-08",
            "price": "13.74",
            "revenue": 363599
        },
        "2013-09": {
            "month": "2013-09",
            "price": "14.96",
            "revenue": 337253
        },
        "2013-10": {
            "month": "2013-10",
            "price": "15.50",
            "revenue": 349975
        },
        "2013-11": {
            "month": "2013-11",
            "price": "14.69",
            "revenue": 379311
        },
        "2013-12": {
            "month": "2013-12",
            "price": "16.95",
            "revenue": 373510
        },
        "2014-01": {
            "month": "2014-01",
            "price": "18.16",
            "revenue": 317970
        },
        "2014-02": {
            "month": "2014-02",
            "price": "18.05",
            "revenue": 248455
        },
        "2014-03": {
            "month": "2014-03",
            "price": "18.57",
            "revenue": 389758
        },
        "2014-04": {
            "month": "2014-04",
            "price": "17.66",
            "revenue": 382838
        },
        "2014-05": {
            "month": "2014-05",
            "price": "16.64",
            "revenue": 389032
        },
        "2014-06": {
            "month": "2014-06",
            "price": "17.10",
            "revenue": 359868
        },
        "2014-07": {
            "month": "2014-07",
            "price": "17.34",
            "revenue": 388518
        },
        "2014-08": {
            "month": "2014-08",
            "price": "17.07",
            "revenue": 330109
        },
        "2014-09": {
            "month": "2014-09",
            "price": "16.93",
            "revenue": 318217
        },
        "2014-10": {
            "month": "2014-10",
            "price": "16.10",
            "revenue": 307360
        },
        "2014-11": {
            "month": "2014-11",
            "price": "15.90",
            "revenue": 325763
        },
        "2014-12": {
            "month": "2014-12",
            "price": "16.69",
            "revenue": 349518
        },
        "2015-01": {
            "month": "2015-01",
            "price": "16.64",
            "revenue": 333791
        },
        "2015-02": {
            "month": "2015-02",
            "price": "16.78",
            "revenue": 164503
        },
        "2015-03": {
            "month": "2015-03",
            "price": "16.76",
            "revenue": 350152
        },
        "2015-04": {
            "month": "2015-04",
            "price": "16.94",
            "revenue": 342882
        },
        "2015-05": {
            "month": "2015-05",
            "price": "15.70",
            "revenue": 293505
        },
        "2015-06": {
            "month": "2015-06",
            "price": "13.83",
            "revenue": 275505
        },
        "2015-07": {
            "month": "2015-07",
            "price": "13.16",
            "revenue": 293604
        },
        "2015-08": {
            "month": "2015-08",
            "price": "12.44",
            "revenue": 289474
        },
        "2015-09": {
            "month": "2015-09",
            "price": "11.94",
            "revenue": 303355
        },
        "2015-10": {
            "month": "2015-10",
            "price": "11.67",
            "revenue": 313247
        },
        "2015-11": {
            "month": "2015-11",
            "price": "12.07",
            "revenue": 319541
        },
        "2015-12": {
            "month": "2015-12",
            "price": "11.86",
            "revenue": 322616
        },
        "2016-01": {
            "month": "2016-01",
            "price": "11.90",
            "revenue": 281160
        },
        "2016-02": {
            "month": "2016-02",
            "price": "12.23",
            "revenue": 146525
        },
        "2016-03": {
            "month": "2016-03",
            "price": "12.56",
            "revenue": 333327
        },
        "2016-04": {
            "month": "2016-04",
            "price": "13.40",
            "revenue": 280636
        },
        "2016-05": {
            "month": "2016-05",
            "price": "12.91",
            "revenue": 290369
        },
        "2016-06": {
            "month": "2016-06",
            "price": "13.38",
            "revenue": 280542
        },
        "2016-07": {
            "month": "2016-07",
            "price": "13.68",
            "revenue": 270705
        },
        "2016-08": {
            "month": "2016-08",
            "price": "15.23",
            "revenue": 308401
        },
        "2016-09": {
            "month": "2016-09",
            "price": "16.88",
            "revenue": 289114
        },
        "2016-10": {
            "month": "2016-10",
            "price": "16.10",
            "revenue": 293745
        },
        "2016-11": {
            "month": "2016-11",
            "price": "15.41",
            "revenue": 327151
        },
        "2016-12": {
            "month": "2016-12",
            "price": "15.62",
            "revenue": 341724
        },
        "2017-01": {
            "month": "2017-01",
            "price": "15.23",
            "revenue": 232840
        },
        "2017-02": {
            "month": "2017-02",
            "price": "16.63",
            "revenue": 243894
        },
        "2017-03": {
            "month": "2017-03",
            "price": "17.58",
            "revenue": 349633
        },
        "2017-04": {
            "month": "2017-04",
            "price": "18.56",
            "revenue": 280621
        },
        "2017-05": {
            "month": "2017-05",
            "price": "17.62",
            "revenue": 281283
        },
        "2017-06": {
            "month": "2017-06",
            "price": "17.49",
            "revenue": 298956
        },
        "2017-07": {
            "month": "2017-07",
            "price": "17.04",
            "revenue": 314838
        },
        "2017-08": {
            "month": "2017-08",
            "price": "15.86",
            "revenue": 353736
        },
        "2017-09": {
            "month": "2017-09",
            "price": "15.93",
            "revenue": 367082
        },
        "2017-10": {
            "month": "2017-10",
            "price": "15.94",
            "revenue": 312932
        },
        "2017-11": {
            "month": "2017-11",
            "price": "16.65",
            "revenue": 390859
        },
        "2017-12": {
            "month": "2017-12",
            "price": "19.23",
            "revenue": 361493
        },
        "2018-01": {
            "month": "2018-01",
            "price": "22.59",
            "revenue": 407256
        },
        "2018-02": {
            "month": "2018-02",
            "price": "21.63",
            "revenue": 176786
        },
        "2018-03": {
            "month": "2018-03",
            "price": "21.25",
            "revenue": 382137
        },
        "2018-04": {
            "month": "2018-04",
            "price": "21.25",
            "revenue": 366788
        },
        "2018-05": {
            "month": "2018-05",
            "price": "20.23",
            "revenue": 410054
        },
        "2018-06": {
            "month": "2018-06",
            "price": "23.00",
            "revenue": 331244
        },
        "2018-07": {
            "month": "2018-07",
            "price": "21.02",
            "revenue": 374126
        },
        "2018-08": {
            "month": "2018-08",
            "price": "19.70",
            "revenue": 357358
        },
        "2018-09": {
            "month": "2018-09",
            "price": "18.30",
            "revenue": 310292
        },
        "2018-10": {
            "month": "2018-10",
            "price": "15.78",
            "revenue": 326323
        },
        "2018-11": {
            "month": "2018-11",
            "price": "15.80",
            "revenue": 342108
        },
        "2018-12": {
            "month": "2018-12",
            "price": "16.29",
            "revenue": 311624
        },
        "2019-01": {
            "month": "2019-01",
            "price": "16.35",
            "revenue": 308513
        },
        "2019-02": {
            "month": "2019-02",
            "price": "17.13",
            "revenue": 171612
        },
        "2019-03": {
            "month": "2019-03",
            "price": "17.96",
            "revenue": 303826
        },
        "2019-04": {
            "month": "2019-04",
            "price": "17.59",
            "revenue": 307839
        },
        "2019-05": {
            "month": "2019-05",
            "price": "16.05",
            "revenue": 280644
        },
        "2019-06": {
            "month": "2019-06",
            "price": "15.13",
            "revenue": 261024
        },
        "2019-07": {
            "month": "2019-07",
            "price": "15.33",
            "revenue": 309074
        },
        "2019-08": {
            "month": "2019-08",
            "price": "14.39",
            "revenue": 289756
        },
        "2019-09": {
            "month": "2019-09",
            "price": "14.40",
            "revenue": 294382
        },
        "2019-10": {
            "month": "2019-10",
            "price": "14.52",
            "revenue": 312330
        },
        "2019-11": {
            "month": "2019-11",
            "price": "14.66",
            "revenue": 349065
        },
        "2019-12": {
            "month": "2019-12",
            "price": "14.56",
            "revenue": 341084
        },
        "2020-01": {
            "month": "2020-01",
            "price": "14.48",
            "revenue": 206598
        },
        "2020-02": {
            "month": "2020-02",
            "price": "13.41",
            "revenue": 92025
        },
        "2020-03": {
            "month": "2020-03",
            "price": "11.15",
            "revenue": 358952
        },
        "2020-04": {
            "month": "2020-04",
            "price": "11.68",
            "revenue": 348973
        },
        "2020-05": {
            "month": "2020-05",
            "price": "12.22",
            "revenue": 284241
        },
        "2020-06": {
            "month": "2020-06",
            "price": "12.68",
            "revenue": 232233
        },
        "2020-07": {
            "month": "2020-07",
            "price": "12.52",
            "revenue": 307828
        },
        "2020-08": {
            "month": "2020-08",
            "price": "13.32",
            "revenue": 295346
        },
        "2020-09": {
            "month": "2020-09",
            "price": "14.55",
            "revenue": 341291
        },
        "2020-10": {
            "month": "2020-10",
            "price": "14.95",
            "revenue": 317318
        },
        "2020-11": {
            "month": "2020-11",
            "price": "14.15",
            "revenue": 391744
        },
        "2020-12": {
            "month": "2020-12",
            "price": "14.92",
            "revenue": 421080
        },
        "2021-01": {
            "month": "2021-01",
            "price": "14.59",
            "revenue": 433376
        },
        "2021-02": {
            "month": "2021-02",
            "price": "14.65",
            "revenue": 226635
        },
        "2021-03": {
            "month": "2021-03",
            "price": "16.72",
            "revenue": 461439
        },
        "2021-04": {
            "month": "2021-04",
            "price": "20.64",
            "revenue": 435200
        },
        "2021-05": {
            "month": "2021-05",
            "price": "18.20",
            "revenue": 444331
        },
        "2021-06": {
            "month": "2021-06",
            "price": "18.64",
            "revenue": 403677
        },
        "2021-07": {
            "month": "2021-07",
            "price": "21.14",
            "revenue": 408994
        },
        "2021-08": {
            "month": "2021-08",
            "price": "19.90",
            "revenue": 419491
        },
        "2021-09": {
            "month": "2021-09",
            "price": "18.43",
            "revenue": 395002
        },
        "2021-10": {
            "month": "2021-10",
            "price": "16.92",
            "revenue": 377612
        },
        "2021-11": {
            "month": "2021-11",
            "price": "18.20",
            "revenue": 419101
        },
        "2021-12": {
            "month": "2021-12",
            "price": "18.34",
            "revenue": 424776
        },
        "2022-01": {
            "month": "2022-01",
            "price": "18.17",
            "revenue": 360574
        },
        "2022-02": {
            "month": "2022-02",
            "price": "17.61",
            "revenue": 297719
        },
        "2022-03": {
            "month": "2022-03",
            "price": "17.10",
            "revenue": 424857
        },
        "2022-04": {
            "month": "2022-04",
            "price": "16.20",
            "revenue": 352311
        },
        "2022-05": {
            "month": "2022-05",
            "price": "14.50",
            "revenue": 397220
        },
        "2022-06": {
            "month": "2022-06",
            "price": "15.04",
            "revenue": 332597
        },
        "2022-07": {
            "month": "2022-07",
            "price": "14.30",
            "revenue": 324052
        },
        "2022-08": {
            "month": "2022-08",
            "price": "14.97",
            "revenue": 304493
        },
        "2022-09": {
            "month": "2022-09",
            "price": "14.79",
            "revenue": 345344
        },
        "2022-10": {
            "month": "2022-10",
            "price": "13.46",
            "revenue": 304781
        },
        "2022-11": {
            "month": "2022-11",
            "price": "13.44",
            "revenue": 379589
        },
        "2022-12": {
            "month": "2022-12",
            "price": "13.92",
            "revenue": 343112
        },
        "2023-01": {
            "month": "2023-01",
            "price": "13.88",
            "revenue": 154400
        },
        "2023-02": {
            "month": "2023-02",
            "price": "14.08",
            "revenue": 363283
        },
        "2023-03": {
            "month": "2023-03",
            "price": "14.86",
            "revenue": 383846
        },
        "2023-04": {
            "month": "2023-04",
            "price": "15.67",
            "revenue": 305270
        },
        "2023-05": {
            "month": "2023-05",
            "price": "15.79",
            "revenue": 328203
        },
        "2023-06": {
            "month": "2023-06",
            "price": "16.26",
            "revenue": 289402
        },
        "2023-07": {
            "month": "2023-07",
            "price": "16.19",
            "revenue": 309689
        },
        "2023-08": {
            "month": "2023-08",
            "price": "15.77",
            "revenue": 330600
        },
        "2023-09": {
            "month": "2023-09",
            "price": "15.44",
            "revenue": 317121
        },
        "2023-10": {
            "month": "2023-10",
            "price": "15.27",
            "revenue": 309950
        },
        "2023-11": {
            "month": "2023-11",
            "price": "15.00",
            "revenue": 310016
        },
        "2023-12": {
            "month": "2023-12",
            "price": "14.89",
            "revenue": 240800
        }
    }
}
