{
    "summary": {
        "stock_name": "世禾",
        "stock_id": "3551",
        "category": "綠能環保",
        "main_business": "半導體設備、光電設備、太陽能設備零組件之潔淨再生、維修。<br>半導體設備、光電設備、太陽能設備零組件之買賣。<br>零組件製程之研發設計、製造加工及組裝。",
        "website_url": "http://www.sht.com.tw",
        "ceo": "陳學哲",
        "pe_ratio": 19,
        "report_year_from": 2006,
        "report_year_to": 2023,
        "age": 18,
        "eps_negative_percentage": 0,
        "eps_growth_avg": {
            "last_all": 9.66,
            "last_2y": 5.92,
            "last_4y": 11.22,
            "last_8y": 5.16,
            "last_12y": 8.44,
            "last_16y": 9.66,
            "last_20y": null,
            "at_2006_last_3y": null,
            "at_2007_last_3y": null,
            "at_2008_last_3y": null,
            "at_2009_last_3y": null,
            "at_2010_last_3y": 13.62,
            "at_2011_last_3y": 6.46,
            "at_2012_last_3y": 1.28,
            "at_2013_last_3y": 22.41,
            "at_2014_last_3y": 15.83,
            "at_2015_last_3y": -9.1,
            "at_2016_last_3y": -13.43,
            "at_2017_last_3y": -8.37,
            "at_2018_last_3y": -2.42,
            "at_2019_last_3y": 11.46,
            "at_2020_last_3y": 27.78,
            "at_2021_last_3y": 32.62,
            "at_2022_last_3y": 22.37,
            "at_2023_last_3y": 9.05,
            "at_2024_last_3y": 9.05,
            "at_2006_last_all": null,
            "at_2007_last_all": null,
            "at_2008_last_all": 41.98,
            "at_2009_last_all": 7.14,
            "at_2010_last_all": 13.62,
            "at_2011_last_all": 23.72,
            "at_2012_last_all": 14.84,
            "at_2013_last_all": 15.87,
            "at_2014_last_all": 14.73,
            "at_2015_last_all": 9.13,
            "at_2016_last_all": 3.53,
            "at_2017_last_all": 7.05,
            "at_2018_last_all": 9.01,
            "at_2019_last_all": 9.85,
            "at_2020_last_all": 10.46,
            "at_2021_last_all": 13.87,
            "at_2022_last_all": 12.35,
            "at_2023_last_all": 9.66,
            "at_2024_last_all": 9.66
        },
        "latest_eps": 5.65,
        "latest_price": 105,
        "latest_roe": 9.3,
        "latest_gross_margin": 34.5,
        "latest_equity": 3468676,
        "latest_revenue": 552268,
        "latest_gross_profit": 190541,
        "latest_net_income": 66415,
        "latest_debt_ratio": 27.14,
        "latest_current_ratio": 200.84,
        "latest_account_receivable_turnover_ratio": 1.17,
        "latest_inventory_turnover_ratio": 2.67,
        "latest_reinvestment_rate": 63.77,
        "latest_research_to_sale_ratio": 3.55
    },
    "eps_dividends": {
        "2001": {
            "cash": 0,
            "stock": 0,
            "eps": 0
        },
        "2002": {
            "cash": 0,
            "stock": 0,
            "eps": 0
        },
        "2003": {
            "cash": 0,
            "stock": 0,
            "eps": 0
        },
        "2004": {
            "cash": 0,
            "stock": 0,
            "eps": 0
        },
        "2005": {
            "cash": 0,
            "stock": 0,
            "eps": 0
        },
        "2006": {
            "cash": 0,
            "stock": 0,
            "eps": 3.72
        },
        "2007": {
            "cash": 2,
            "stock": 0.5,
            "eps": 7.17
        },
        "2008": {
            "cash": 2.71,
            "stock": 0.45,
            "eps": 6.54
        },
        "2009": {
            "cash": 1.5,
            "stock": 1,
            "eps": 2.45
        },
        "2010": {
            "cash": 2,
            "stock": 0,
            "eps": 3.26
        },
        "2011": {
            "cash": 2,
            "stock": 0,
            "eps": 5.35
        },
        "2012": {
            "cash": 2.03,
            "stock": 0,
            "eps": 3.77
        },
        "2013": {
            "cash": 2,
            "stock": 0,
            "eps": 4.6
        },
        "2014": {
            "cash": 2.5,
            "stock": 0,
            "eps": 4.91
        },
        "2015": {
            "cash": 2.5,
            "stock": 0,
            "eps": 3.16
        },
        "2016": {
            "cash": 2,
            "stock": 0,
            "eps": 1.68
        },
        "2017": {
            "cash": 1,
            "stock": 0,
            "eps": 2.39
        },
        "2018": {
            "cash": 1.2,
            "stock": 0,
            "eps": 3.12
        },
        "2019": {
            "cash": 1.6,
            "stock": 0,
            "eps": 3.74
        },
        "2020": {
            "cash": 1.7,
            "stock": 0,
            "eps": 4.43
        },
        "2021": {
            "cash": 2.2,
            "stock": 0,
            "eps": 7.16
        },
        "2022": {
            "cash": 3.5,
            "stock": 0,
            "eps": 6.41
        },
        "2023": {
            "cash": 3.2,
            "stock": 0,
            "eps": 4.27
        }
    },
    "dividends": {
        "2007-03-27": {
            "cash": 2,
            "stock": 0.5
        },
        "2008-04-08": {
            "cash": 2.71,
            "stock": 0.45
        },
        "2009-03-19": {
            "cash": 1.5,
            "stock": 1
        },
        "2010-04-14": {
            "cash": 2,
            "stock": 0
        },
        "2011-03-24": {
            "cash": 2,
            "stock": 0
        },
        "2012-06-19": {
            "cash": 2.03,
            "stock": 0
        },
        "2013-06-20": {
            "cash": 2,
            "stock": 0
        },
        "2014-06-25": {
            "cash": 2.5,
            "stock": 0
        },
        "2015-03-19": {
            "cash": 2.5,
            "stock": 0
        },
        "2016-03-22": {
            "cash": 2,
            "stock": 0
        },
        "2017-08-25": {
            "cash": 1,
            "stock": 0
        },
        "2018-08-24": {
            "cash": 1.2,
            "stock": 0
        },
        "2019-08-23": {
            "cash": 1.6,
            "stock": 0
        },
        "2020-08-28": {
            "cash": 1.7,
            "stock": 0
        },
        "2021-09-24": {
            "cash": 2.2,
            "stock": 0
        },
        "2022-08-19": {
            "cash": 3.5,
            "stock": 0
        },
        "2023-08-18": {
            "cash": 3.2,
            "stock": 0
        }
    },
    "prices": {
        "200101": "無",
        "200102": "無",
        "200103": "無",
        "200104": "無",
        "200105": "無",
        "200106": "無",
        "200107": "無",
        "200108": "無",
        "200109": "無",
        "200110": "無",
        "200111": "無",
        "200112": "無",
        "200201": "無",
        "200202": "無",
        "200203": "無",
        "200204": "無",
        "200205": "無",
        "200206": "無",
        "200207": "無",
        "200208": "無",
        "200209": "無",
        "200210": "無",
        "200211": "無",
        "200212": "無",
        "200301": "無",
        "200302": "無",
        "200303": "無",
        "200304": "無",
        "200305": "無",
        "200306": "無",
        "200307": "無",
        "200308": "無",
        "200309": "無",
        "200310": "無",
        "200311": "無",
        "200312": "無",
        "200401": "無",
        "200402": "無",
        "200403": "無",
        "200404": "無",
        "200405": "無",
        "200406": "無",
        "200407": "無",
        "200408": "無",
        "200409": "無",
        "200410": "無",
        "200411": "無",
        "200412": "無",
        "200501": "無",
        "200502": "無",
        "200503": "無",
        "200504": "無",
        "200505": "無",
        "200506": "無",
        "200507": "無",
        "200508": "無",
        "200509": "無",
        "200510": "無",
        "200511": "無",
        "200512": "無",
        "200601": "無",
        "200602": "無",
        "200603": "無",
        "200604": "無",
        "200605": "無",
        "200606": "無",
        "200607": "無",
        "200608": "無",
        "200609": "無",
        "200610": "無",
        "200611": "無",
        "200612": "無",
        "200701": "無",
        "200702": "81.07",
        "200703": "78.76",
        "200704": "76.04",
        "200705": "70.73",
        "200706": "83.41",
        "200707": "103.31",
        "200708": "99.60",
        "200709": "86.21",
        "200710": "84.80",
        "200711": "78.30",
        "200712": "69.14",
        "200801": "62.64",
        "200802": "61.76",
        "200803": "62.05",
        "200804": "64.44",
        "200805": "68.07",
        "200806": "63.12",
        "200807": "49.77",
        "200808": "51.57",
        "200809": "44.26",
        "200810": "39.25",
        "200811": "39.46",
        "200812": "35.99",
        "200901": "30.34",
        "200902": "29.78",
        "200903": "35.22",
        "200904": "39.24",
        "200905": "38.46",
        "200906": "37.47",
        "200907": "41.45",
        "200908": "39.16",
        "200909": "45.92",
        "200910": "50.16",
        "200911": "42.75",
        "200912": "45.35",
        "201001": "45.11",
        "201002": "41.53",
        "201003": "43.74",
        "201004": "48.64",
        "201005": "43.14",
        "201006": "41.09",
        "201007": "41.22",
        "201008": "41.19",
        "201009": "40.59",
        "201010": "40.08",
        "201011": "39.45",
        "201012": "39.31",
        "201101": "38.83",
        "201102": "38.82",
        "201103": "39.18",
        "201104": "37.53",
        "201105": "38.71",
        "201106": "38.65",
        "201107": "38.10",
        "201108": "37.03",
        "201109": "39.52",
        "201110": "38.03",
        "201111": "39.08",
        "201112": "36.58",
        "201201": "37.40",
        "201202": "43.25",
        "201203": "45.78",
        "201204": "42.64",
        "201205": "39.92",
        "201206": "38.62",
        "201207": "38.51",
        "201208": "36.70",
        "201209": "36.12",
        "201210": "35.10",
        "201211": "34.00",
        "201212": "35.30",
        "201301": "38.82",
        "201302": "38.95",
        "201303": "42.76",
        "201304": "43.64",
        "201305": "44.54",
        "201306": "44.42",
        "201307": "48.24",
        "201308": "48.04",
        "201309": "53.30",
        "201310": "57.15",
        "201311": "62.89",
        "201312": "65.30",
        "201401": "62.38",
        "201402": "64.23",
        "201403": "70.05",
        "201404": "74.19",
        "201405": "68.33",
        "201406": "68.86",
        "201407": "67.68",
        "201408": "67.96",
        "201409": "69.05",
        "201410": "58.79",
        "201411": "57.61",
        "201412": "59.26",
        "201501": "58.50",
        "201502": "56.57",
        "201503": "54.56",
        "201504": "51.64",
        "201505": "45.29",
        "201506": "41.84",
        "201507": "38.14",
        "201508": "33.58",
        "201509": "34.20",
        "201510": "35.57",
        "201511": "34.24",
        "201512": "34.58",
        "201601": "33.39",
        "201602": "36.14",
        "201603": "37.55",
        "201604": "34.83",
        "201605": "31.15",
        "201606": "31.16",
        "201607": "33.15",
        "201608": "32.65",
        "201609": "32.37",
        "201610": "32.21",
        "201611": "29.79",
        "201612": "29.23",
        "201701": "29.76",
        "201702": "31.19",
        "201703": "31.52",
        "201704": "29.78",
        "201705": "28.95",
        "201706": "29.98",
        "201707": "32.15",
        "201708": "34.22",
        "201709": "35.75",
        "201710": "37.91",
        "201711": "42.32",
        "201712": "40.47",
        "201801": "40.33",
        "201802": "38.54",
        "201803": "39.13",
        "201804": "36.35",
        "201805": "33.46",
        "201806": "33.20",
        "201807": "31.97",
        "201808": "33.07",
        "201809": "34.84",
        "201810": "30.62",
        "201811": "30.77",
        "201812": "32.83",
        "201901": "33.57",
        "201902": "35.75",
        "201903": "38.21",
        "201904": "49.29",
        "201905": "43.10",
        "201906": "42.02",
        "201907": "44.72",
        "201908": "41.37",
        "201909": "41.41",
        "201910": "40.74",
        "201911": "44.40",
        "201912": "51.57",
        "202001": "51.28",
        "202002": "48.49",
        "202003": "36.85",
        "202004": "36.99",
        "202005": "43.04",
        "202006": "46.08",
        "202007": "55.10",
        "202008": "50.40",
        "202009": "49.18",
        "202010": "49.81",
        "202011": "52.68",
        "202012": "51.56",
        "202101": "50.64",
        "202102": "50.52",
        "202103": "51.70",
        "202104": "58.16",
        "202105": "51.08",
        "202106": "52.92",
        "202107": "57.18",
        "202108": "61.80",
        "202109": "63.38",
        "202110": "68.12",
        "202111": "70.60",
        "202112": "70.87",
        "202201": "72.04",
        "202202": "72.17",
        "202203": "71.06",
        "202204": "65.29",
        "202205": "64.15",
        "202206": "64.73",
        "202207": "55.92",
        "202208": "57.76",
        "202209": "56.30",
        "202210": "51.80",
        "202211": "55.98",
        "202212": "58.31",
        "202301": "58.02",
        "202302": "59.71",
        "202303": "61.57",
        "202304": "60.74",
        "202305": "61.78",
        "202306": "67.60",
        "202307": "70.79",
        "202308": "70.75",
        "202309": "74.16",
        "202310": "73.30",
        "202311": "74.64",
        "202312": "81.05"
    },
    "quarters": {
        "20011": {
            "year_quarter": 20011,
            "year": 2001,
            "quarter": 1,
            "eps": null,
            "eps_growth_year": null,
            "eps_4q": null,
            "eps_4q_growth_year": null,
            "roe": null,
            "roe_4q": 0,
            "gross_profit": null,
            "gross_margin": null,
            "gross_margin_4q_avg": 0,
            "net_income": null,
            "net_income_4q": null,
            "revenue": null,
            "revenue_4q": null,
            "common_shares": null,
            "book_valuer_per_share": null,
            "book_valuer_per_share_4q_avg": 0,
            "equity": null,
            "current_ratio": null,
            "debt_ratio": null,
            "inventory_turnover_ratio": null,
            "account_receivable_turnover_ratio": null,
            "reinvestment_rate": null,
            "research_to_sale_ratio": null,
            "price_fair": 0,
            "eps_avg_yearly": 0,
            "eps_latest_yearly": 0,
            "eps_growth_yearly": 0
        },
        "20012": {
            "year_quarter": 20012,
            "year": 2001,
            "quarter": 2,
            "eps": null,
            "eps_growth_year": null,
            "eps_4q": null,
            "eps_4q_growth_year": null,
            "roe": null,
            "roe_4q": 0,
            "gross_profit": null,
            "gross_margin": null,
            "gross_margin_4q_avg": 0,
            "net_income": null,
            "net_income_4q": null,
            "revenue": null,
            "revenue_4q": null,
            "common_shares": null,
            "book_valuer_per_share": null,
            "book_valuer_per_share_4q_avg": 0,
            "equity": null,
            "current_ratio": null,
            "debt_ratio": null,
            "inventory_turnover_ratio": null,
            "account_receivable_turnover_ratio": null,
            "reinvestment_rate": null,
            "research_to_sale_ratio": null,
            "price_fair": 0,
            "eps_avg_yearly": 0,
            "eps_latest_yearly": 0,
            "eps_growth_yearly": 0
        },
        "20013": {
            "year_quarter": 20013,
            "year": 2001,
            "quarter": 3,
            "eps": null,
            "eps_growth_year": null,
            "eps_4q": null,
            "eps_4q_growth_year": null,
            "roe": null,
            "roe_4q": 0,
            "gross_profit": null,
            "gross_margin": null,
            "gross_margin_4q_avg": 0,
            "net_income": null,
            "net_income_4q": null,
            "revenue": null,
            "revenue_4q": null,
            "common_shares": null,
            "book_valuer_per_share": null,
            "book_valuer_per_share_4q_avg": 0,
            "equity": null,
            "current_ratio": null,
            "debt_ratio": null,
            "inventory_turnover_ratio": null,
            "account_receivable_turnover_ratio": null,
            "reinvestment_rate": null,
            "research_to_sale_ratio": null,
            "price_fair": 0,
            "eps_avg_yearly": 0,
            "eps_latest_yearly": 0,
            "eps_growth_yearly": 0
        },
        "20014": {
            "year_quarter": 20014,
            "year": 2001,
            "quarter": 4,
            "eps": null,
            "eps_growth_year": null,
            "eps_4q": null,
            "eps_4q_growth_year": null,
            "roe": null,
            "roe_4q": 0,
            "gross_profit": null,
            "gross_margin": null,
            "gross_margin_4q_avg": 0,
            "net_income": null,
            "net_income_4q": null,
            "revenue": null,
            "revenue_4q": null,
            "common_shares": 110000,
            "book_valuer_per_share": 16.56,
            "book_valuer_per_share_4q_avg": 4.14,
            "equity": 182152,
            "current_ratio": 171.2,
            "debt_ratio": 48.79,
            "inventory_turnover_ratio": null,
            "account_receivable_turnover_ratio": null,
            "reinvestment_rate": null,
            "research_to_sale_ratio": null,
            "price_fair": 0,
            "eps_avg_yearly": 0,
            "eps_latest_yearly": 0,
            "eps_growth_yearly": 0
        },
        "20021": {
            "year_quarter": 20021,
            "year": 2002,
            "quarter": 1,
            "eps": null,
            "eps_growth_year": null,
            "eps_4q": null,
            "eps_4q_growth_year": null,
            "roe": null,
            "roe_4q": 0,
            "gross_profit": null,
            "gross_margin": null,
            "gross_margin_4q_avg": 0,
            "net_income": null,
            "net_income_4q": null,
            "revenue": null,
            "revenue_4q": null,
            "common_shares": null,
            "book_valuer_per_share": null,
            "book_valuer_per_share_4q_avg": 4.14,
            "equity": null,
            "current_ratio": null,
            "debt_ratio": null,
            "inventory_turnover_ratio": null,
            "account_receivable_turnover_ratio": null,
            "reinvestment_rate": null,
            "research_to_sale_ratio": null,
            "price_fair": 0,
            "eps_avg_yearly": 0,
            "eps_latest_yearly": 0,
            "eps_growth_yearly": 0
        },
        "20022": {
            "year_quarter": 20022,
            "year": 2002,
            "quarter": 2,
            "eps": null,
            "eps_growth_year": null,
            "eps_4q": null,
            "eps_4q_growth_year": null,
            "roe": null,
            "roe_4q": 0,
            "gross_profit": null,
            "gross_margin": null,
            "gross_margin_4q_avg": 0,
            "net_income": null,
            "net_income_4q": null,
            "revenue": null,
            "revenue_4q": null,
            "common_shares": null,
            "book_valuer_per_share": null,
            "book_valuer_per_share_4q_avg": 4.14,
            "equity": null,
            "current_ratio": null,
            "debt_ratio": null,
            "inventory_turnover_ratio": null,
            "account_receivable_turnover_ratio": null,
            "reinvestment_rate": null,
            "research_to_sale_ratio": null,
            "price_fair": 0,
            "eps_avg_yearly": 0,
            "eps_latest_yearly": 0,
            "eps_growth_yearly": 0
        },
        "20023": {
            "year_quarter": 20023,
            "year": 2002,
            "quarter": 3,
            "eps": null,
            "eps_growth_year": null,
            "eps_4q": null,
            "eps_4q_growth_year": null,
            "roe": null,
            "roe_4q": 0,
            "gross_profit": null,
            "gross_margin": null,
            "gross_margin_4q_avg": 0,
            "net_income": null,
            "net_income_4q": null,
            "revenue": null,
            "revenue_4q": null,
            "common_shares": null,
            "book_valuer_per_share": null,
            "book_valuer_per_share_4q_avg": 4.14,
            "equity": null,
            "current_ratio": null,
            "debt_ratio": null,
            "inventory_turnover_ratio": null,
            "account_receivable_turnover_ratio": null,
            "reinvestment_rate": null,
            "research_to_sale_ratio": null,
            "price_fair": 0,
            "eps_avg_yearly": 0,
            "eps_latest_yearly": 0,
            "eps_growth_yearly": 0
        },
        "20024": {
            "year_quarter": 20024,
            "year": 2002,
            "quarter": 4,
            "eps": null,
            "eps_growth_year": null,
            "eps_4q": null,
            "eps_4q_growth_year": null,
            "roe": null,
            "roe_4q": 0,
            "gross_profit": null,
            "gross_margin": null,
            "gross_margin_4q_avg": 0,
            "net_income": null,
            "net_income_4q": null,
            "revenue": null,
            "revenue_4q": null,
            "common_shares": 110000,
            "book_valuer_per_share": 18.38,
            "book_valuer_per_share_4q_avg": 4.6,
            "equity": 202158,
            "current_ratio": 164.09,
            "debt_ratio": 51.65,
            "inventory_turnover_ratio": null,
            "account_receivable_turnover_ratio": null,
            "reinvestment_rate": null,
            "research_to_sale_ratio": null,
            "price_fair": 0,
            "eps_avg_yearly": 0,
            "eps_latest_yearly": 0,
            "eps_growth_yearly": 0
        },
        "20031": {
            "year_quarter": 20031,
            "year": 2003,
            "quarter": 1,
            "eps": null,
            "eps_growth_year": null,
            "eps_4q": null,
            "eps_4q_growth_year": null,
            "roe": null,
            "roe_4q": 0,
            "gross_profit": null,
            "gross_margin": null,
            "gross_margin_4q_avg": 0,
            "net_income": null,
            "net_income_4q": null,
            "revenue": null,
            "revenue_4q": null,
            "common_shares": null,
            "book_valuer_per_share": null,
            "book_valuer_per_share_4q_avg": 4.6,
            "equity": null,
            "current_ratio": null,
            "debt_ratio": null,
            "inventory_turnover_ratio": null,
            "account_receivable_turnover_ratio": null,
            "reinvestment_rate": null,
            "research_to_sale_ratio": null,
            "price_fair": 0,
            "eps_avg_yearly": 0,
            "eps_latest_yearly": 0,
            "eps_growth_yearly": 0
        },
        "20032": {
            "year_quarter": 20032,
            "year": 2003,
            "quarter": 2,
            "eps": null,
            "eps_growth_year": null,
            "eps_4q": null,
            "eps_4q_growth_year": null,
            "roe": null,
            "roe_4q": 0,
            "gross_profit": null,
            "gross_margin": null,
            "gross_margin_4q_avg": 0,
            "net_income": null,
            "net_income_4q": null,
            "revenue": null,
            "revenue_4q": null,
            "common_shares": null,
            "book_valuer_per_share": null,
            "book_valuer_per_share_4q_avg": 4.6,
            "equity": null,
            "current_ratio": null,
            "debt_ratio": null,
            "inventory_turnover_ratio": null,
            "account_receivable_turnover_ratio": null,
            "reinvestment_rate": null,
            "research_to_sale_ratio": null,
            "price_fair": 0,
            "eps_avg_yearly": 0,
            "eps_latest_yearly": 0,
            "eps_growth_yearly": 0
        },
        "20033": {
            "year_quarter": 20033,
            "year": 2003,
            "quarter": 3,
            "eps": null,
            "eps_growth_year": null,
            "eps_4q": null,
            "eps_4q_growth_year": null,
            "roe": null,
            "roe_4q": 0,
            "gross_profit": null,
            "gross_margin": null,
            "gross_margin_4q_avg": 0,
            "net_income": null,
            "net_income_4q": null,
            "revenue": null,
            "revenue_4q": null,
            "common_shares": null,
            "book_valuer_per_share": null,
            "book_valuer_per_share_4q_avg": 4.6,
            "equity": null,
            "current_ratio": null,
            "debt_ratio": null,
            "inventory_turnover_ratio": null,
            "account_receivable_turnover_ratio": null,
            "reinvestment_rate": null,
            "research_to_sale_ratio": null,
            "price_fair": 0,
            "eps_avg_yearly": 0,
            "eps_latest_yearly": 0,
            "eps_growth_yearly": 0
        },
        "20034": {
            "year_quarter": 20034,
            "year": 2003,
            "quarter": 4,
            "eps": null,
            "eps_growth_year": null,
            "eps_4q": null,
            "eps_4q_growth_year": null,
            "roe": null,
            "roe_4q": 0,
            "gross_profit": null,
            "gross_margin": null,
            "gross_margin_4q_avg": 0,
            "net_income": null,
            "net_income_4q": null,
            "revenue": null,
            "revenue_4q": null,
            "common_shares": 110000,
            "book_valuer_per_share": 26.54,
            "book_valuer_per_share_4q_avg": 6.64,
            "equity": 291983,
            "current_ratio": 146.17,
            "debt_ratio": 48.9,
            "inventory_turnover_ratio": null,
            "account_receivable_turnover_ratio": null,
            "reinvestment_rate": null,
            "research_to_sale_ratio": null,
            "price_fair": 0,
            "eps_avg_yearly": 0,
            "eps_latest_yearly": 0,
            "eps_growth_yearly": 0
        },
        "20041": {
            "year_quarter": 20041,
            "year": 2004,
            "quarter": 1,
            "eps": null,
            "eps_growth_year": null,
            "eps_4q": null,
            "eps_4q_growth_year": null,
            "roe": null,
            "roe_4q": 0,
            "gross_profit": null,
            "gross_margin": null,
            "gross_margin_4q_avg": 0,
            "net_income": null,
            "net_income_4q": null,
            "revenue": null,
            "revenue_4q": null,
            "common_shares": null,
            "book_valuer_per_share": null,
            "book_valuer_per_share_4q_avg": 6.64,
            "equity": null,
            "current_ratio": null,
            "debt_ratio": null,
            "inventory_turnover_ratio": null,
            "account_receivable_turnover_ratio": null,
            "reinvestment_rate": null,
            "research_to_sale_ratio": null,
            "price_fair": 0,
            "eps_avg_yearly": 0,
            "eps_latest_yearly": 0,
            "eps_growth_yearly": 0
        },
        "20042": {
            "year_quarter": 20042,
            "year": 2004,
            "quarter": 2,
            "eps": null,
            "eps_growth_year": null,
            "eps_4q": null,
            "eps_4q_growth_year": null,
            "roe": null,
            "roe_4q": 0,
            "gross_profit": null,
            "gross_margin": null,
            "gross_margin_4q_avg": 0,
            "net_income": null,
            "net_income_4q": null,
            "revenue": null,
            "revenue_4q": null,
            "common_shares": null,
            "book_valuer_per_share": null,
            "book_valuer_per_share_4q_avg": 6.64,
            "equity": null,
            "current_ratio": null,
            "debt_ratio": null,
            "inventory_turnover_ratio": null,
            "account_receivable_turnover_ratio": null,
            "reinvestment_rate": null,
            "research_to_sale_ratio": null,
            "price_fair": 0,
            "eps_avg_yearly": 0,
            "eps_latest_yearly": 0,
            "eps_growth_yearly": 0
        },
        "20043": {
            "year_quarter": 20043,
            "year": 2004,
            "quarter": 3,
            "eps": null,
            "eps_growth_year": null,
            "eps_4q": null,
            "eps_4q_growth_year": null,
            "roe": null,
            "roe_4q": 0,
            "gross_profit": null,
            "gross_margin": null,
            "gross_margin_4q_avg": 0,
            "net_income": null,
            "net_income_4q": null,
            "revenue": null,
            "revenue_4q": null,
            "common_shares": null,
            "book_valuer_per_share": null,
            "book_valuer_per_share_4q_avg": 6.64,
            "equity": null,
            "current_ratio": null,
            "debt_ratio": null,
            "inventory_turnover_ratio": null,
            "account_receivable_turnover_ratio": null,
            "reinvestment_rate": null,
            "research_to_sale_ratio": null,
            "price_fair": 0,
            "eps_avg_yearly": 0,
            "eps_latest_yearly": 0,
            "eps_growth_yearly": 0
        },
        "20044": {
            "year_quarter": 20044,
            "year": 2004,
            "quarter": 4,
            "eps": null,
            "eps_growth_year": null,
            "eps_4q": null,
            "eps_4q_growth_year": null,
            "roe": null,
            "roe_4q": 0,
            "gross_profit": null,
            "gross_margin": null,
            "gross_margin_4q_avg": 0,
            "net_income": null,
            "net_income_4q": null,
            "revenue": null,
            "revenue_4q": null,
            "common_shares": 143000,
            "book_valuer_per_share": 31.02,
            "book_valuer_per_share_4q_avg": 7.76,
            "equity": 443609,
            "current_ratio": 170.74,
            "debt_ratio": 42.34,
            "inventory_turnover_ratio": null,
            "account_receivable_turnover_ratio": null,
            "reinvestment_rate": null,
            "research_to_sale_ratio": null,
            "price_fair": 0,
            "eps_avg_yearly": 0,
            "eps_latest_yearly": 0,
            "eps_growth_yearly": 0
        },
        "20051": {
            "year_quarter": 20051,
            "year": 2005,
            "quarter": 1,
            "eps": null,
            "eps_growth_year": null,
            "eps_4q": null,
            "eps_4q_growth_year": null,
            "roe": null,
            "roe_4q": 0,
            "gross_profit": null,
            "gross_margin": null,
            "gross_margin_4q_avg": 0,
            "net_income": null,
            "net_income_4q": null,
            "revenue": null,
            "revenue_4q": null,
            "common_shares": null,
            "book_valuer_per_share": null,
            "book_valuer_per_share_4q_avg": 7.76,
            "equity": null,
            "current_ratio": null,
            "debt_ratio": null,
            "inventory_turnover_ratio": null,
            "account_receivable_turnover_ratio": null,
            "reinvestment_rate": null,
            "research_to_sale_ratio": null,
            "price_fair": 0,
            "eps_avg_yearly": 0,
            "eps_latest_yearly": 0,
            "eps_growth_yearly": 0
        },
        "20052": {
            "year_quarter": 20052,
            "year": 2005,
            "quarter": 2,
            "eps": null,
            "eps_growth_year": null,
            "eps_4q": null,
            "eps_4q_growth_year": null,
            "roe": null,
            "roe_4q": 0,
            "gross_profit": null,
            "gross_margin": null,
            "gross_margin_4q_avg": 0,
            "net_income": null,
            "net_income_4q": null,
            "revenue": null,
            "revenue_4q": null,
            "common_shares": null,
            "book_valuer_per_share": null,
            "book_valuer_per_share_4q_avg": 7.76,
            "equity": null,
            "current_ratio": null,
            "debt_ratio": null,
            "inventory_turnover_ratio": null,
            "account_receivable_turnover_ratio": null,
            "reinvestment_rate": null,
            "research_to_sale_ratio": null,
            "price_fair": 0,
            "eps_avg_yearly": 0,
            "eps_latest_yearly": 0,
            "eps_growth_yearly": 0
        },
        "20053": {
            "year_quarter": 20053,
            "year": 2005,
            "quarter": 3,
            "eps": null,
            "eps_growth_year": null,
            "eps_4q": null,
            "eps_4q_growth_year": null,
            "roe": null,
            "roe_4q": 0,
            "gross_profit": null,
            "gross_margin": null,
            "gross_margin_4q_avg": 0,
            "net_income": null,
            "net_income_4q": null,
            "revenue": null,
            "revenue_4q": null,
            "common_shares": null,
            "book_valuer_per_share": null,
            "book_valuer_per_share_4q_avg": 7.76,
            "equity": null,
            "current_ratio": null,
            "debt_ratio": null,
            "inventory_turnover_ratio": null,
            "account_receivable_turnover_ratio": null,
            "reinvestment_rate": null,
            "research_to_sale_ratio": null,
            "price_fair": 0,
            "eps_avg_yearly": 0,
            "eps_latest_yearly": 0,
            "eps_growth_yearly": 0
        },
        "20054": {
            "year_quarter": 20054,
            "year": 2005,
            "quarter": 4,
            "eps": null,
            "eps_growth_year": null,
            "eps_4q": null,
            "eps_4q_growth_year": null,
            "roe": null,
            "roe_4q": 0,
            "gross_profit": null,
            "gross_margin": null,
            "gross_margin_4q_avg": 0,
            "net_income": null,
            "net_income_4q": null,
            "revenue": null,
            "revenue_4q": null,
            "common_shares": 185900,
            "book_valuer_per_share": 29.83,
            "book_valuer_per_share_4q_avg": 7.46,
            "equity": 554450,
            "current_ratio": 211.74,
            "debt_ratio": 34.13,
            "inventory_turnover_ratio": null,
            "account_receivable_turnover_ratio": null,
            "reinvestment_rate": null,
            "research_to_sale_ratio": null,
            "price_fair": 0,
            "eps_avg_yearly": 0,
            "eps_latest_yearly": 0,
            "eps_growth_yearly": 0
        },
        "20061": {
            "year_quarter": 20061,
            "year": 2006,
            "quarter": 1,
            "eps": null,
            "eps_growth_year": null,
            "eps_4q": null,
            "eps_4q_growth_year": null,
            "roe": null,
            "roe_4q": 0,
            "gross_profit": null,
            "gross_margin": null,
            "gross_margin_4q_avg": 0,
            "net_income": null,
            "net_income_4q": null,
            "revenue": null,
            "revenue_4q": null,
            "common_shares": null,
            "book_valuer_per_share": null,
            "book_valuer_per_share_4q_avg": 7.46,
            "equity": null,
            "current_ratio": null,
            "debt_ratio": null,
            "inventory_turnover_ratio": null,
            "account_receivable_turnover_ratio": null,
            "reinvestment_rate": null,
            "research_to_sale_ratio": null,
            "price_fair": 0,
            "eps_avg_yearly": 0,
            "eps_latest_yearly": 0,
            "eps_growth_yearly": 0
        },
        "20062": {
            "year_quarter": 20062,
            "year": 2006,
            "quarter": 2,
            "eps": null,
            "eps_growth_year": null,
            "eps_4q": null,
            "eps_4q_growth_year": null,
            "roe": null,
            "roe_4q": 0,
            "gross_profit": null,
            "gross_margin": null,
            "gross_margin_4q_avg": 0,
            "net_income": null,
            "net_income_4q": null,
            "revenue": null,
            "revenue_4q": null,
            "common_shares": null,
            "book_valuer_per_share": null,
            "book_valuer_per_share_4q_avg": 7.46,
            "equity": null,
            "current_ratio": null,
            "debt_ratio": null,
            "inventory_turnover_ratio": null,
            "account_receivable_turnover_ratio": null,
            "reinvestment_rate": null,
            "research_to_sale_ratio": null,
            "price_fair": 0,
            "eps_avg_yearly": 0,
            "eps_latest_yearly": 0,
            "eps_growth_yearly": 0
        },
        "20063": {
            "year_quarter": 20063,
            "year": 2006,
            "quarter": 3,
            "eps": 2.17,
            "eps_growth_year": null,
            "eps_4q": null,
            "eps_4q_growth_year": null,
            "roe": 7.45,
            "roe_4q": 7.45,
            "gross_profit": 105417,
            "gross_margin": 44.38,
            "gross_margin_4q_avg": 11.1,
            "net_income": 59239,
            "net_income_4q": null,
            "revenue": 237506,
            "revenue_4q": null,
            "common_shares": 291670,
            "book_valuer_per_share": 27.25,
            "book_valuer_per_share_4q_avg": 14.27,
            "equity": 794773,
            "current_ratio": 339.5,
            "debt_ratio": 25.8,
            "inventory_turnover_ratio": 11.64,
            "account_receivable_turnover_ratio": null,
            "reinvestment_rate": null,
            "research_to_sale_ratio": null,
            "price_fair": 0,
            "eps_avg_yearly": 0,
            "eps_latest_yearly": 0,
            "eps_growth_yearly": 0
        },
        "20064": {
            "year_quarter": 20064,
            "year": 2006,
            "quarter": 4,
            "eps": 1.55,
            "eps_growth_year": null,
            "eps_4q": null,
            "eps_4q_growth_year": null,
            "roe": 5.08,
            "roe_4q": 12.530000000000001,
            "gross_profit": 77993,
            "gross_margin": 35.51,
            "gross_margin_4q_avg": 19.97,
            "net_income": 41390,
            "net_income_4q": null,
            "revenue": 219644,
            "revenue_4q": null,
            "common_shares": 291670,
            "book_valuer_per_share": 28.67,
            "book_valuer_per_share_4q_avg": 13.98,
            "equity": 836163,
            "current_ratio": 337.99,
            "debt_ratio": 25.72,
            "inventory_turnover_ratio": 17.01,
            "account_receivable_turnover_ratio": null,
            "reinvestment_rate": null,
            "research_to_sale_ratio": null,
            "price_fair": 18.6,
            "eps_avg_yearly": 6.2,
            "eps_latest_yearly": 6.2,
            "eps_growth_yearly": -114.29
        },
        "20071": {
            "year_quarter": 20071,
            "year": 2007,
            "quarter": 1,
            "eps": 1.25,
            "eps_growth_year": null,
            "eps_4q": null,
            "eps_4q_growth_year": null,
            "roe": 4.47,
            "roe_4q": 17,
            "gross_profit": 86920,
            "gross_margin": 41.12,
            "gross_margin_4q_avg": 30.25,
            "net_income": 38236,
            "net_income_4q": null,
            "revenue": 211357,
            "revenue_4q": null,
            "common_shares": 291670,
            "book_valuer_per_share": 29.98,
            "book_valuer_per_share_4q_avg": 21.48,
            "equity": 874399,
            "current_ratio": 345.86,
            "debt_ratio": 24.96,
            "inventory_turnover_ratio": 19.38,
            "account_receivable_turnover_ratio": null,
            "reinvestment_rate": null,
            "research_to_sale_ratio": null,
            "price_fair": 16.8,
            "eps_avg_yearly": 5.6,
            "eps_latest_yearly": 5,
            "eps_growth_yearly": -95.85
        },
        "20072": {
            "year_quarter": 20072,
            "year": 2007,
            "quarter": 2,
            "eps": 1.92,
            "eps_growth_year": null,
            "eps_4q": 6.45,
            "eps_4q_growth_year": null,
            "roe": 6.74,
            "roe_4q": 23.74,
            "gross_profit": 118102,
            "gross_margin": 50.07,
            "gross_margin_4q_avg": 42.77,
            "net_income": 58808,
            "net_income_4q": null,
            "revenue": 235890,
            "revenue_4q": null,
            "common_shares": 291670,
            "book_valuer_per_share": 29.84,
            "book_valuer_per_share_4q_avg": 28.94,
            "equity": 870219,
            "current_ratio": 303.19,
            "debt_ratio": 26.27,
            "inventory_turnover_ratio": 16.8,
            "account_receivable_turnover_ratio": null,
            "reinvestment_rate": null,
            "research_to_sale_ratio": null,
            "price_fair": 110.54,
            "eps_avg_yearly": 6.29,
            "eps_latest_yearly": 7.68,
            "eps_growth_yearly": 7.56
        },
        "20073": {
            "year_quarter": 20073,
            "year": 2007,
            "quarter": 3,
            "eps": 1.9,
            "eps_growth_year": -12.44,
            "eps_4q": 6.42,
            "eps_4q_growth_year": null,
            "roe": 6.46,
            "roe_4q": 22.75,
            "gross_profit": 107081,
            "gross_margin": 46.63,
            "gross_margin_4q_avg": 43.33,
            "net_income": 58128,
            "net_income_4q": null,
            "revenue": 229656,
            "revenue_4q": null,
            "common_shares": 291670,
            "book_valuer_per_share": 31.83,
            "book_valuer_per_share_4q_avg": 30.08,
            "equity": 928347,
            "current_ratio": 384.74,
            "debt_ratio": 21.89,
            "inventory_turnover_ratio": 17.96,
            "account_receivable_turnover_ratio": null,
            "reinvestment_rate": null,
            "research_to_sale_ratio": null,
            "price_fair": 96.86,
            "eps_avg_yearly": 6.62,
            "eps_latest_yearly": 7.6,
            "eps_growth_yearly": 4.63
        },
        "20074": {
            "year_quarter": 20074,
            "year": 2007,
            "quarter": 4,
            "eps": 2.1,
            "eps_growth_year": 35.48,
            "eps_4q": 7.17,
            "eps_4q_growth_year": null,
            "roe": 6.69,
            "roe_4q": 24.36,
            "gross_profit": 106524,
            "gross_margin": 43.51,
            "gross_margin_4q_avg": 45.33,
            "net_income": 64293,
            "net_income_4q": null,
            "revenue": 244809,
            "revenue_4q": null,
            "common_shares": 306253,
            "book_valuer_per_share": 32.41,
            "book_valuer_per_share_4q_avg": 31.02,
            "equity": 992689,
            "current_ratio": 358.12,
            "debt_ratio": 16.87,
            "inventory_turnover_ratio": 16.94,
            "account_receivable_turnover_ratio": null,
            "reinvestment_rate": null,
            "research_to_sale_ratio": null,
            "price_fair": 154.36,
            "eps_avg_yearly": 6.98,
            "eps_latest_yearly": 8.4,
            "eps_growth_yearly": 12.13
        },
        "20081": {
            "year_quarter": 20081,
            "year": 2008,
            "quarter": 1,
            "eps": 1.21,
            "eps_growth_year": -3.2,
            "eps_4q": 7.12,
            "eps_4q_growth_year": null,
            "roe": 3.67,
            "roe_4q": 23.560000000000002,
            "gross_profit": 88334,
            "gross_margin": 41.11,
            "gross_margin_4q_avg": 45.33,
            "net_income": 37114,
            "net_income_4q": null,
            "revenue": 214898,
            "revenue_4q": null,
            "common_shares": 306253,
            "book_valuer_per_share": 33.62,
            "book_valuer_per_share_4q_avg": 31.93,
            "equity": 1029647,
            "current_ratio": 377.3,
            "debt_ratio": 16.15,
            "inventory_turnover_ratio": 10.58,
            "account_receivable_turnover_ratio": null,
            "reinvestment_rate": null,
            "research_to_sale_ratio": null,
            "price_fair": 19.86,
            "eps_avg_yearly": 6.62,
            "eps_latest_yearly": 4.84,
            "eps_growth_yearly": -18.15
        },
        "20082": {
            "year_quarter": 20082,
            "year": 2008,
            "quarter": 2,
            "eps": 2.12,
            "eps_growth_year": 10.42,
            "eps_4q": 6.86,
            "eps_4q_growth_year": 6.26,
            "roe": 6.46,
            "roe_4q": 23.28,
            "gross_profit": 125031,
            "gross_margin": 45.36,
            "gross_margin_4q_avg": 44.15,
            "net_income": 71389,
            "net_income_4q": null,
            "revenue": 275625,
            "revenue_4q": null,
            "common_shares": 339423,
            "book_valuer_per_share": 34.83,
            "book_valuer_per_share_4q_avg": 33.17,
            "equity": 1182243,
            "current_ratio": 312.78,
            "debt_ratio": 18.75,
            "inventory_turnover_ratio": 12.34,
            "account_receivable_turnover_ratio": null,
            "reinvestment_rate": null,
            "research_to_sale_ratio": null,
            "price_fair": 241,
            "eps_avg_yearly": 6.89,
            "eps_latest_yearly": 8.48,
            "eps_growth_yearly": 27.42
        },
        "20083": {
            "year_quarter": 20083,
            "year": 2008,
            "quarter": 3,
            "eps": 2.1,
            "eps_growth_year": 10.53,
            "eps_4q": 7.18,
            "eps_4q_growth_year": 11.81,
            "roe": 5.78,
            "roe_4q": 22.6,
            "gross_profit": 119691,
            "gross_margin": 47.79,
            "gross_margin_4q_avg": 44.44,
            "net_income": 71530,
            "net_income_4q": null,
            "revenue": 250433,
            "revenue_4q": null,
            "common_shares": 354736,
            "book_valuer_per_share": 35.55,
            "book_valuer_per_share_4q_avg": 34.1,
            "equity": 1292737,
            "current_ratio": 412.67,
            "debt_ratio": 31.42,
            "inventory_turnover_ratio": 10.95,
            "account_receivable_turnover_ratio": null,
            "reinvestment_rate": null,
            "research_to_sale_ratio": null,
            "price_fair": 237.16,
            "eps_avg_yearly": 7.08,
            "eps_latest_yearly": 8.4,
            "eps_growth_yearly": 23.52
        },
        "20084": {
            "year_quarter": 20084,
            "year": 2008,
            "quarter": 4,
            "eps": 1.11,
            "eps_growth_year": -47.14,
            "eps_4q": 6.4,
            "eps_4q_growth_year": -10.77,
            "roe": 2.94,
            "roe_4q": 18.85,
            "gross_profit": 65578,
            "gross_margin": 35.94,
            "gross_margin_4q_avg": 42.55,
            "net_income": 37897,
            "net_income_4q": null,
            "revenue": 182459,
            "revenue_4q": null,
            "common_shares": 354736,
            "book_valuer_per_share": 35.39,
            "book_valuer_per_share_4q_avg": 34.85,
            "equity": 1287905,
            "current_ratio": 517.49,
            "debt_ratio": 27.7,
            "inventory_turnover_ratio": 6.42,
            "account_receivable_turnover_ratio": 1.9,
            "reinvestment_rate": null,
            "research_to_sale_ratio": null,
            "price_fair": 20.35,
            "eps_avg_yearly": 6.78,
            "eps_latest_yearly": 4.44,
            "eps_growth_yearly": -0.05
        },
        "20091": {
            "year_quarter": 20091,
            "year": 2009,
            "quarter": 1,
            "eps": 0.26,
            "eps_growth_year": -78.51,
            "eps_4q": 5.64,
            "eps_4q_growth_year": -20.77,
            "roe": 0.68,
            "roe_4q": 15.86,
            "gross_profit": 46874,
            "gross_margin": 40.75,
            "gross_margin_4q_avg": 42.46,
            "net_income": 8782,
            "net_income_4q": null,
            "revenue": 115032,
            "revenue_4q": null,
            "common_shares": 354736,
            "book_valuer_per_share": 35.78,
            "book_valuer_per_share_4q_avg": 35.39,
            "equity": 1301168,
            "current_ratio": 729.39,
            "debt_ratio": 24.4,
            "inventory_turnover_ratio": 2.79,
            "account_receivable_turnover_ratio": 0.66,
            "reinvestment_rate": null,
            "research_to_sale_ratio": null,
            "price_fair": 18.62,
            "eps_avg_yearly": 6.21,
            "eps_latest_yearly": 1.04,
            "eps_growth_yearly": -30.67
        },
        "20092": {
            "year_quarter": 20092,
            "year": 2009,
            "quarter": 2,
            "eps": 1.13,
            "eps_growth_year": -46.7,
            "eps_4q": 4.28,
            "eps_4q_growth_year": -37.62,
            "roe": 3.33,
            "roe_4q": 12.73,
            "gross_profit": 90537,
            "gross_margin": 45.6,
            "gross_margin_4q_avg": 42.52,
            "net_income": 43115,
            "net_income_4q": null,
            "revenue": 198544,
            "revenue_4q": null,
            "common_shares": 354736,
            "book_valuer_per_share": 35.43,
            "book_valuer_per_share_4q_avg": 35.54,
            "equity": 1287695,
            "current_ratio": 453.04,
            "debt_ratio": 28.31,
            "inventory_turnover_ratio": 3.3,
            "account_receivable_turnover_ratio": 1.06,
            "reinvestment_rate": null,
            "research_to_sale_ratio": null,
            "price_fair": 211.91,
            "eps_avg_yearly": 6.05,
            "eps_latest_yearly": 4.52,
            "eps_growth_yearly": 93.8
        },
        "20093": {
            "year_quarter": 20093,
            "year": 2009,
            "quarter": 3,
            "eps": -0.17,
            "eps_growth_year": -108.1,
            "eps_4q": 2.18,
            "eps_4q_growth_year": -69.68,
            "roe": -0.56,
            "roe_4q": 6.390000000000001,
            "gross_profit": 87300,
            "gross_margin": 38.11,
            "gross_margin_4q_avg": 40.1,
            "net_income": -7650,
            "net_income_4q": null,
            "revenue": 229086,
            "revenue_4q": null,
            "common_shares": 389045,
            "book_valuer_per_share": 36.48,
            "book_valuer_per_share_4q_avg": 35.77,
            "equity": 1461355,
            "current_ratio": 418.09,
            "debt_ratio": 19.89,
            "inventory_turnover_ratio": 3.42,
            "account_receivable_turnover_ratio": 0.91,
            "reinvestment_rate": null,
            "research_to_sale_ratio": null,
            "price_fair": 211.91,
            "eps_avg_yearly": 6.05,
            "eps_latest_yearly": 4.52,
            "eps_growth_yearly": 93.8
        },
        "20094": {
            "year_quarter": 20094,
            "year": 2009,
            "quarter": 4,
            "eps": 1.23,
            "eps_growth_year": 10.81,
            "eps_4q": 2.08,
            "eps_4q_growth_year": -67.44,
            "roe": 3.09,
            "roe_4q": 6.539999999999999,
            "gross_profit": 78224,
            "gross_margin": 31.07,
            "gross_margin_4q_avg": 38.88,
            "net_income": 48143,
            "net_income_4q": null,
            "revenue": 251788,
            "revenue_4q": null,
            "common_shares": 476545,
            "book_valuer_per_share": 34.73,
            "book_valuer_per_share_4q_avg": 35.61,
            "equity": 1654255,
            "current_ratio": 489.14,
            "debt_ratio": 10.93,
            "inventory_turnover_ratio": 4.29,
            "account_receivable_turnover_ratio": 1.44,
            "reinvestment_rate": null,
            "research_to_sale_ratio": null,
            "price_fair": 211.91,
            "eps_avg_yearly": 6.05,
            "eps_latest_yearly": 4.52,
            "eps_growth_yearly": 93.8
        },
        "20101": {
            "year_quarter": 20101,
            "year": 2010,
            "quarter": 1,
            "eps": 0.76,
            "eps_growth_year": 192.31,
            "eps_4q": 2.65,
            "eps_4q_growth_year": -53.01,
            "roe": 2.11,
            "roe_4q": 7.969999999999999,
            "gross_profit": 90955,
            "gross_margin": 37.07,
            "gross_margin_4q_avg": 37.96,
            "net_income": 35196,
            "net_income_4q": null,
            "revenue": 245346,
            "revenue_4q": null,
            "common_shares": 476545,
            "book_valuer_per_share": 35.5,
            "book_valuer_per_share_4q_avg": 35.54,
            "equity": 1688131,
            "current_ratio": 573.87,
            "debt_ratio": 9.39,
            "inventory_turnover_ratio": 4,
            "account_receivable_turnover_ratio": 0.64,
            "reinvestment_rate": null,
            "research_to_sale_ratio": 0.94,
            "price_fair": 203.12,
            "eps_avg_yearly": 5.8,
            "eps_latest_yearly": 3.04,
            "eps_growth_yearly": 73.24
        },
        "20102": {
            "year_quarter": 20102,
            "year": 2010,
            "quarter": 2,
            "eps": 0.96,
            "eps_growth_year": -14.96,
            "eps_4q": 2.67,
            "eps_4q_growth_year": -37.65,
            "roe": 2.58,
            "roe_4q": 7.219999999999999,
            "gross_profit": 92694,
            "gross_margin": 35.21,
            "gross_margin_4q_avg": 35.37,
            "net_income": 43379,
            "net_income_4q": null,
            "revenue": 263252,
            "revenue_4q": null,
            "common_shares": 478850,
            "book_valuer_per_share": 35.13,
            "book_valuer_per_share_4q_avg": 35.46,
            "equity": 1672802,
            "current_ratio": 519.18,
            "debt_ratio": 26.42,
            "inventory_turnover_ratio": 4.42,
            "account_receivable_turnover_ratio": 0.62,
            "reinvestment_rate": 118.25,
            "research_to_sale_ratio": 0.99,
            "price_fair": 197.83,
            "eps_avg_yearly": 5.65,
            "eps_latest_yearly": 3.84,
            "eps_growth_yearly": 75.7
        },
        "20103": {
            "year_quarter": 20103,
            "year": 2010,
            "quarter": 3,
            "eps": 1.1,
            "eps_growth_year": null,
            "eps_4q": 3.91,
            "eps_4q_growth_year": 79.67,
            "roe": 3.13,
            "roe_4q": 10.91,
            "gross_profit": 99812,
            "gross_margin": 37.67,
            "gross_margin_4q_avg": 35.26,
            "net_income": 53132,
            "net_income_4q": null,
            "revenue": 264963,
            "revenue_4q": null,
            "common_shares": 478850,
            "book_valuer_per_share": 36.11,
            "book_valuer_per_share_4q_avg": 35.37,
            "equity": 1719020,
            "current_ratio": 739.25,
            "debt_ratio": 22.73,
            "inventory_turnover_ratio": 3.75,
            "account_receivable_turnover_ratio": 0.6,
            "reinvestment_rate": 73.18,
            "research_to_sale_ratio": 0.88,
            "price_fair": 194.7,
            "eps_avg_yearly": 5.56,
            "eps_latest_yearly": 4.4,
            "eps_growth_yearly": 74.46
        },
        "20104": {
            "year_quarter": 20104,
            "year": 2010,
            "quarter": 4,
            "eps": 0.44,
            "eps_growth_year": -64.48,
            "eps_4q": 3.21,
            "eps_4q_growth_year": 54.09,
            "roe": 1.19,
            "roe_4q": 9.01,
            "gross_profit": 77789,
            "gross_margin": 30.64,
            "gross_margin_4q_avg": 35.15,
            "net_income": 20750,
            "net_income_4q": null,
            "revenue": 253839,
            "revenue_4q": null,
            "common_shares": 478850,
            "book_valuer_per_share": 36.29,
            "book_valuer_per_share_4q_avg": 35.76,
            "equity": 1767510,
            "current_ratio": 614.77,
            "debt_ratio": 23.72,
            "inventory_turnover_ratio": 3.44,
            "account_receivable_turnover_ratio": 0.59,
            "reinvestment_rate": 82.73,
            "research_to_sale_ratio": 0.84,
            "price_fair": 183.6,
            "eps_avg_yearly": 5.25,
            "eps_latest_yearly": 1.76,
            "eps_growth_yearly": 65.48
        },
        "20111": {
            "year_quarter": 20111,
            "year": 2011,
            "quarter": 1,
            "eps": 1.11,
            "eps_growth_year": 46.05,
            "eps_4q": 3.57,
            "eps_4q_growth_year": 34.56,
            "roe": 3.05,
            "roe_4q": 9.95,
            "gross_profit": 102626,
            "gross_margin": 34.74,
            "gross_margin_4q_avg": 34.57,
            "net_income": 54739,
            "net_income_4q": null,
            "revenue": 295421,
            "revenue_4q": null,
            "common_shares": 478850,
            "book_valuer_per_share": 37.5,
            "book_valuer_per_share_4q_avg": 36.26,
            "equity": 1827315,
            "current_ratio": 663.98,
            "debt_ratio": 22.85,
            "inventory_turnover_ratio": 3.74,
            "account_receivable_turnover_ratio": 0.78,
            "reinvestment_rate": 80.78,
            "research_to_sale_ratio": 0.75,
            "price_fair": 182.2,
            "eps_avg_yearly": 5.21,
            "eps_latest_yearly": 4.44,
            "eps_growth_yearly": 114.52
        },
        "20112": {
            "year_quarter": 20112,
            "year": 2011,
            "quarter": 2,
            "eps": 2.08,
            "eps_growth_year": 116.64,
            "eps_4q": 4.71,
            "eps_4q_growth_year": 76.61,
            "roe": 5.52,
            "roe_4q": 12.89,
            "gross_profit": 122595,
            "gross_margin": 40.09,
            "gross_margin_4q_avg": 35.79,
            "net_income": 100856,
            "net_income_4q": null,
            "revenue": 305796,
            "revenue_4q": null,
            "common_shares": 478850,
            "book_valuer_per_share": 37.51,
            "book_valuer_per_share_4q_avg": 36.85,
            "equity": 1828724,
            "current_ratio": 479.78,
            "debt_ratio": 26.15,
            "inventory_turnover_ratio": 3.59,
            "account_receivable_turnover_ratio": 0.82,
            "reinvestment_rate": 68.71,
            "research_to_sale_ratio": 0.65,
            "price_fair": 183.8,
            "eps_avg_yearly": 5.25,
            "eps_latest_yearly": 8.32,
            "eps_growth_yearly": 124.17
        },
        "20113": {
            "year_quarter": 20113,
            "year": 2011,
            "quarter": 3,
            "eps": 1.47,
            "eps_growth_year": 33.35,
            "eps_4q": 5.1,
            "eps_4q_growth_year": 30.22,
            "roe": 3.82,
            "roe_4q": 13.58,
            "gross_profit": 111584,
            "gross_margin": 37.41,
            "gross_margin_4q_avg": 35.72,
            "net_income": 71928,
            "net_income_4q": null,
            "revenue": 298244,
            "revenue_4q": null,
            "common_shares": 480187,
            "book_valuer_per_share": 39.5,
            "book_valuer_per_share_4q_avg": 37.7,
            "equity": 1932946,
            "current_ratio": 601.37,
            "debt_ratio": 21.64,
            "inventory_turnover_ratio": 3.16,
            "account_receivable_turnover_ratio": 0.72,
            "reinvestment_rate": 104.63,
            "research_to_sale_ratio": 1.24,
            "price_fair": 179.5,
            "eps_avg_yearly": 5.13,
            "eps_latest_yearly": 5.88,
            "eps_growth_yearly": 116.09
        },
        "20114": {
            "year_quarter": 20114,
            "year": 2011,
            "quarter": 4,
            "eps": 0.69,
            "eps_growth_year": 56.92,
            "eps_4q": 5.16,
            "eps_4q_growth_year": 60.83,
            "roe": 1.71,
            "roe_4q": 14.099999999999998,
            "gross_profit": 84847,
            "gross_margin": 30.85,
            "gross_margin_4q_avg": 35.77,
            "net_income": 33985,
            "net_income_4q": null,
            "revenue": 275068,
            "revenue_4q": null,
            "common_shares": 499964,
            "book_valuer_per_share": 39.96,
            "book_valuer_per_share_4q_avg": 38.62,
            "equity": 2034025,
            "current_ratio": 468.83,
            "debt_ratio": 20.39,
            "inventory_turnover_ratio": 2.23,
            "account_receivable_turnover_ratio": 0.62,
            "reinvestment_rate": 119.32,
            "research_to_sale_ratio": 0.26,
            "price_fair": 165.4,
            "eps_avg_yearly": 4.73,
            "eps_latest_yearly": 2.76,
            "eps_growth_yearly": 97.93
        },
        "20121": {
            "year_quarter": 20121,
            "year": 2012,
            "quarter": 1,
            "eps": 1.05,
            "eps_growth_year": -5.41,
            "eps_4q": 4.55,
            "eps_4q_growth_year": 27.58,
            "roe": 2.45,
            "roe_4q": 13.5,
            "gross_profit": 105449,
            "gross_margin": 34.63,
            "gross_margin_4q_avg": 35.75,
            "net_income": 53219,
            "net_income_4q": null,
            "revenue": 304508,
            "revenue_4q": null,
            "common_shares": 566036,
            "book_valuer_per_share": 40.07,
            "book_valuer_per_share_4q_avg": 39.26,
            "equity": 2303393,
            "current_ratio": 567.16,
            "debt_ratio": 17.64,
            "inventory_turnover_ratio": 2.02,
            "account_receivable_turnover_ratio": 0.63,
            "reinvestment_rate": 113.19,
            "research_to_sale_ratio": 0.71,
            "price_fair": 163.8,
            "eps_avg_yearly": 4.68,
            "eps_latest_yearly": 4.2,
            "eps_growth_yearly": 124.94
        },
        "20122": {
            "year_quarter": 20122,
            "year": 2012,
            "quarter": 2,
            "eps": 0.83,
            "eps_growth_year": -60.24,
            "eps_4q": 3.6,
            "eps_4q_growth_year": -23.47,
            "roe": 2.12,
            "roe_4q": 10.1,
            "gross_profit": 103924,
            "gross_margin": 33.71,
            "gross_margin_4q_avg": 34.15,
            "net_income": 48164,
            "net_income_4q": null,
            "revenue": 308327,
            "revenue_4q": null,
            "common_shares": 568264,
            "book_valuer_per_share": 38.89,
            "book_valuer_per_share_4q_avg": 39.61,
            "equity": 2246943,
            "current_ratio": 401.24,
            "debt_ratio": 24.61,
            "inventory_turnover_ratio": 2.23,
            "account_receivable_turnover_ratio": 0.6,
            "reinvestment_rate": 114.78,
            "research_to_sale_ratio": 0.73,
            "price_fair": 150.9,
            "eps_avg_yearly": 4.31,
            "eps_latest_yearly": 3.32,
            "eps_growth_yearly": 97.47
        },
        "20123": {
            "year_quarter": 20123,
            "year": 2012,
            "quarter": 3,
            "eps": 0.93,
            "eps_growth_year": -37.15,
            "eps_4q": 3.29,
            "eps_4q_growth_year": -35.51,
            "roe": 2.38,
            "roe_4q": 8.66,
            "gross_profit": 104180,
            "gross_margin": 34.23,
            "gross_margin_4q_avg": 33.36,
            "net_income": 54026,
            "net_income_4q": null,
            "revenue": 304377,
            "revenue_4q": null,
            "common_shares": 568264,
            "book_valuer_per_share": 39.68,
            "book_valuer_per_share_4q_avg": 39.65,
            "equity": 2291219,
            "current_ratio": 587.7,
            "debt_ratio": 19.66,
            "inventory_turnover_ratio": 2.26,
            "account_receivable_turnover_ratio": 0.61,
            "reinvestment_rate": 109.49,
            "research_to_sale_ratio": 0.79,
            "price_fair": 139.2,
            "eps_avg_yearly": 3.98,
            "eps_latest_yearly": 3.72,
            "eps_growth_yearly": 101.18
        },
        "20124": {
            "year_quarter": 20124,
            "year": 2012,
            "quarter": 4,
            "eps": 0.96,
            "eps_growth_year": 39.98,
            "eps_4q": 3.64,
            "eps_4q_growth_year": -29.42,
            "roe": 2.46,
            "roe_4q": 9.41,
            "gross_profit": 114083,
            "gross_margin": 34.91,
            "gross_margin_4q_avg": 34.37,
            "net_income": 57054,
            "net_income_4q": null,
            "revenue": 326815,
            "revenue_4q": null,
            "common_shares": 568264,
            "book_valuer_per_share": 40.63,
            "book_valuer_per_share_4q_avg": 39.82,
            "equity": 2346721,
            "current_ratio": 543.87,
            "debt_ratio": 20.19,
            "inventory_turnover_ratio": 2.6,
            "account_receivable_turnover_ratio": 0.68,
            "reinvestment_rate": 99.98,
            "research_to_sale_ratio": 0.78,
            "price_fair": 137.7,
            "eps_avg_yearly": 3.93,
            "eps_latest_yearly": 3.84,
            "eps_growth_yearly": 115.57
        },
        "20131": {
            "year_quarter": 20131,
            "year": 2013,
            "quarter": 1,
            "eps": 1.12,
            "eps_growth_year": 6.67,
            "eps_4q": 3.8,
            "eps_4q_growth_year": -16.48,
            "roe": 2.71,
            "roe_4q": 9.67,
            "gross_profit": 123700,
            "gross_margin": 39.52,
            "gross_margin_4q_avg": 35.59,
            "net_income": 65018,
            "net_income_4q": null,
            "revenue": 312970,
            "revenue_4q": null,
            "common_shares": 574334,
            "book_valuer_per_share": 41.94,
            "book_valuer_per_share_4q_avg": 40.29,
            "equity": 2449979,
            "current_ratio": 582.54,
            "debt_ratio": 19.18,
            "inventory_turnover_ratio": 2.51,
            "account_receivable_turnover_ratio": 0.66,
            "reinvestment_rate": 87.84,
            "research_to_sale_ratio": 0.85,
            "price_fair": 146.3,
            "eps_avg_yearly": 4.18,
            "eps_latest_yearly": 4.48,
            "eps_growth_yearly": 142.21
        },
        "20132": {
            "year_quarter": 20132,
            "year": 2013,
            "quarter": 2,
            "eps": 1.19,
            "eps_growth_year": 43.78,
            "eps_4q": 4.16,
            "eps_4q_growth_year": 15.54,
            "roe": 2.85,
            "roe_4q": 10.399999999999999,
            "gross_profit": 124587,
            "gross_margin": 36.67,
            "gross_margin_4q_avg": 36.33,
            "net_income": 69258,
            "net_income_4q": null,
            "revenue": 339781,
            "revenue_4q": null,
            "common_shares": 575009,
            "book_valuer_per_share": 41.22,
            "book_valuer_per_share_4q_avg": 40.87,
            "equity": 2407535,
            "current_ratio": 423.55,
            "debt_ratio": 22.15,
            "inventory_turnover_ratio": 2.96,
            "account_receivable_turnover_ratio": 0.73,
            "reinvestment_rate": 72.3,
            "research_to_sale_ratio": 0.83,
            "price_fair": 146.9,
            "eps_avg_yearly": 4.2,
            "eps_latest_yearly": 4.76,
            "eps_growth_yearly": 48.39
        },
        "20133": {
            "year_quarter": 20133,
            "year": 2013,
            "quarter": 3,
            "eps": 1.37,
            "eps_growth_year": 47.99,
            "eps_4q": 4.62,
            "eps_4q_growth_year": 40.71,
            "roe": 3.27,
            "roe_4q": 11.29,
            "gross_profit": 147853,
            "gross_margin": 38.36,
            "gross_margin_4q_avg": 37.37,
            "net_income": 79919,
            "net_income_4q": null,
            "revenue": 385480,
            "revenue_4q": null,
            "common_shares": 575009,
            "book_valuer_per_share": 42.38,
            "book_valuer_per_share_4q_avg": 41.54,
            "equity": 2474696,
            "current_ratio": 528.12,
            "debt_ratio": 19.02,
            "inventory_turnover_ratio": 3.67,
            "account_receivable_turnover_ratio": 0.9,
            "reinvestment_rate": 62.88,
            "research_to_sale_ratio": 0.75,
            "price_fair": 149.89,
            "eps_avg_yearly": 4.28,
            "eps_latest_yearly": 5.48,
            "eps_growth_yearly": 49.2
        },
        "20134": {
            "year_quarter": 20134,
            "year": 2013,
            "quarter": 4,
            "eps": 0.92,
            "eps_growth_year": -4.01,
            "eps_4q": 4.6,
            "eps_4q_growth_year": 26.19,
            "roe": 2.18,
            "roe_4q": 11.010000000000002,
            "gross_profit": 117531,
            "gross_margin": 32.03,
            "gross_margin_4q_avg": 36.65,
            "net_income": 54592,
            "net_income_4q": null,
            "revenue": 366975,
            "revenue_4q": null,
            "common_shares": 575009,
            "book_valuer_per_share": 43.54,
            "book_valuer_per_share_4q_avg": 42.27,
            "equity": 2541383,
            "current_ratio": 445.09,
            "debt_ratio": 20.17,
            "inventory_turnover_ratio": 4.21,
            "account_receivable_turnover_ratio": 0.91,
            "reinvestment_rate": 74.38,
            "research_to_sale_ratio": 0.85,
            "price_fair": 148.58,
            "eps_avg_yearly": 4.25,
            "eps_latest_yearly": 3.68,
            "eps_growth_yearly": 37.91
        },
        "20141": {
            "year_quarter": 20141,
            "year": 2014,
            "quarter": 1,
            "eps": 1.04,
            "eps_growth_year": -7.14,
            "eps_4q": 4.52,
            "eps_4q_growth_year": 18.94,
            "roe": 2.45,
            "roe_4q": 10.75,
            "gross_profit": 133032,
            "gross_margin": 37.25,
            "gross_margin_4q_avg": 36.08,
            "net_income": 62971,
            "net_income_4q": null,
            "revenue": 357104,
            "revenue_4q": null,
            "common_shares": 575009,
            "book_valuer_per_share": 44.55,
            "book_valuer_per_share_4q_avg": 42.92,
            "equity": 2601489,
            "current_ratio": 518.53,
            "debt_ratio": 18.34,
            "inventory_turnover_ratio": 4.16,
            "account_receivable_turnover_ratio": 0.93,
            "reinvestment_rate": 72.86,
            "research_to_sale_ratio": 0.82,
            "price_fair": 151.03,
            "eps_avg_yearly": 4.32,
            "eps_latest_yearly": 4.16,
            "eps_growth_yearly": 50.73
        },
        "20142": {
            "year_quarter": 20142,
            "year": 2014,
            "quarter": 2,
            "eps": 1.35,
            "eps_growth_year": 13.45,
            "eps_4q": 4.69,
            "eps_4q_growth_year": 12.51,
            "roe": 3.09,
            "roe_4q": 10.99,
            "gross_profit": 141740,
            "gross_margin": 36.7,
            "gross_margin_4q_avg": 36.09,
            "net_income": 79083,
            "net_income_4q": null,
            "revenue": 386219,
            "revenue_4q": null,
            "common_shares": 575009,
            "book_valuer_per_share": 43.18,
            "book_valuer_per_share_4q_avg": 43.41,
            "equity": 2523604,
            "current_ratio": 324.05,
            "debt_ratio": 22.35,
            "inventory_turnover_ratio": 5.08,
            "account_receivable_turnover_ratio": 1,
            "reinvestment_rate": 67.87,
            "research_to_sale_ratio": 0.78,
            "price_fair": 154.44,
            "eps_avg_yearly": 4.41,
            "eps_latest_yearly": 5.4,
            "eps_growth_yearly": 51.6
        },
        "20143": {
            "year_quarter": 20143,
            "year": 2014,
            "quarter": 3,
            "eps": 1.54,
            "eps_growth_year": 12.41,
            "eps_4q": 4.86,
            "eps_4q_growth_year": 5.01,
            "roe": 3.48,
            "roe_4q": 11.2,
            "gross_profit": 158122,
            "gross_margin": 38.86,
            "gross_margin_4q_avg": 36.21,
            "net_income": 89682,
            "net_income_4q": null,
            "revenue": 406902,
            "revenue_4q": null,
            "common_shares": 575009,
            "book_valuer_per_share": 45.04,
            "book_valuer_per_share_4q_avg": 44.08,
            "equity": 2632502,
            "current_ratio": 449.98,
            "debt_ratio": 17.9,
            "inventory_turnover_ratio": 4.74,
            "account_receivable_turnover_ratio": 0.98,
            "reinvestment_rate": 62.82,
            "research_to_sale_ratio": 0.75,
            "price_fair": 158.29,
            "eps_avg_yearly": 4.52,
            "eps_latest_yearly": 6.16,
            "eps_growth_yearly": 51.47
        },
        "20144": {
            "year_quarter": 20144,
            "year": 2014,
            "quarter": 4,
            "eps": 0.98,
            "eps_growth_year": 6.09,
            "eps_4q": 4.91,
            "eps_4q_growth_year": 6.85,
            "roe": 2.06,
            "roe_4q": 11.079999999999998,
            "gross_profit": 137037,
            "gross_margin": 35.62,
            "gross_margin_4q_avg": 37.11,
            "net_income": 54992,
            "net_income_4q": null,
            "revenue": 384750,
            "revenue_4q": null,
            "common_shares": 575009,
            "book_valuer_per_share": 46.42,
            "book_valuer_per_share_4q_avg": 44.8,
            "equity": 2713933,
            "current_ratio": 352.41,
            "debt_ratio": 19.09,
            "inventory_turnover_ratio": 4.35,
            "account_receivable_turnover_ratio": 0.93,
            "reinvestment_rate": 76.2,
            "research_to_sale_ratio": 0.79,
            "price_fair": 163.01,
            "eps_avg_yearly": 4.66,
            "eps_latest_yearly": 3.92,
            "eps_growth_yearly": 57.38
        },
        "20151": {
            "year_quarter": 20151,
            "year": 2015,
            "quarter": 1,
            "eps": 0.59,
            "eps_growth_year": -43.27,
            "eps_4q": 4.47,
            "eps_4q_growth_year": -1.16,
            "roe": 1.28,
            "roe_4q": 9.91,
            "gross_profit": 110774,
            "gross_margin": 31.96,
            "gross_margin_4q_avg": 35.79,
            "net_income": 34820,
            "net_income_4q": null,
            "revenue": 346602,
            "revenue_4q": null,
            "common_shares": 575009,
            "book_valuer_per_share": 46.85,
            "book_valuer_per_share_4q_avg": 45.37,
            "equity": 2739055,
            "current_ratio": 366.74,
            "debt_ratio": 18.51,
            "inventory_turnover_ratio": 4.11,
            "account_receivable_turnover_ratio": 0.84,
            "reinvestment_rate": 81.24,
            "research_to_sale_ratio": 0.9,
            "price_fair": 87.67,
            "eps_avg_yearly": 4.53,
            "eps_latest_yearly": 2.36,
            "eps_growth_yearly": 9.36
        },
        "20152": {
            "year_quarter": 20152,
            "year": 2015,
            "quarter": 2,
            "eps": 1.04,
            "eps_growth_year": -22.96,
            "eps_4q": 4.15,
            "eps_4q_growth_year": -11.5,
            "roe": 2.23,
            "roe_4q": 9.05,
            "gross_profit": 131132,
            "gross_margin": 36.81,
            "gross_margin_4q_avg": 35.81,
            "net_income": 59544,
            "net_income_4q": null,
            "revenue": 356250,
            "revenue_4q": null,
            "common_shares": 575009,
            "book_valuer_per_share": 45.19,
            "book_valuer_per_share_4q_avg": 45.88,
            "equity": 2600026,
            "current_ratio": 282.74,
            "debt_ratio": 21.17,
            "inventory_turnover_ratio": 3.96,
            "account_receivable_turnover_ratio": 0.78,
            "reinvestment_rate": 88.34,
            "research_to_sale_ratio": 0.87,
            "price_fair": 70.78,
            "eps_avg_yearly": 4.27,
            "eps_latest_yearly": 4.16,
            "eps_growth_yearly": 6.59
        },
        "20153": {
            "year_quarter": 20153,
            "year": 2015,
            "quarter": 3,
            "eps": 1.1,
            "eps_growth_year": -28.57,
            "eps_4q": 3.73,
            "eps_4q_growth_year": -23.09,
            "roe": 2.4,
            "roe_4q": 7.970000000000001,
            "gross_profit": 124948,
            "gross_margin": 36.57,
            "gross_margin_4q_avg": 35.24,
            "net_income": 63377,
            "net_income_4q": null,
            "revenue": 341646,
            "revenue_4q": null,
            "common_shares": 575009,
            "book_valuer_per_share": 47.01,
            "book_valuer_per_share_4q_avg": 46.37,
            "equity": 2684602,
            "current_ratio": 342.1,
            "debt_ratio": 18.92,
            "inventory_turnover_ratio": 3.76,
            "account_receivable_turnover_ratio": 0.67,
            "reinvestment_rate": 59.25,
            "research_to_sale_ratio": 0.96,
            "price_fair": 105.87,
            "eps_avg_yearly": 4.18,
            "eps_latest_yearly": 4.4,
            "eps_growth_yearly": 15.36
        },
        "20154": {
            "year_quarter": 20154,
            "year": 2015,
            "quarter": 4,
            "eps": 0.43,
            "eps_growth_year": -56.21,
            "eps_4q": 3.19,
            "eps_4q_growth_year": -35,
            "roe": 0.91,
            "roe_4q": 6.82,
            "gross_profit": 83241,
            "gross_margin": 25.66,
            "gross_margin_4q_avg": 32.75,
            "net_income": 24432,
            "net_income_4q": null,
            "revenue": 324422,
            "revenue_4q": null,
            "common_shares": 567749,
            "book_valuer_per_share": 46.93,
            "book_valuer_per_share_4q_avg": 46.5,
            "equity": 2665743,
            "current_ratio": 319.09,
            "debt_ratio": 19.78,
            "inventory_turnover_ratio": 4.26,
            "account_receivable_turnover_ratio": 0.65,
            "reinvestment_rate": 51.74,
            "research_to_sale_ratio": 0.96,
            "price_fair": 96.16,
            "eps_avg_yearly": 4.11,
            "eps_latest_yearly": 1.72,
            "eps_growth_yearly": 13.4
        },
        "20161": {
            "year_quarter": 20161,
            "year": 2016,
            "quarter": 1,
            "eps": 0.41,
            "eps_growth_year": -30.51,
            "eps_4q": 3,
            "eps_4q_growth_year": -32.82,
            "roe": 0.87,
            "roe_4q": 6.41,
            "gross_profit": 88966,
            "gross_margin": 28.81,
            "gross_margin_4q_avg": 31.96,
            "net_income": 23255,
            "net_income_4q": null,
            "revenue": 308758,
            "revenue_4q": null,
            "common_shares": 567749,
            "book_valuer_per_share": 47.28,
            "book_valuer_per_share_4q_avg": 46.6,
            "equity": 2685817,
            "current_ratio": 338.08,
            "debt_ratio": 19.26,
            "inventory_turnover_ratio": 3.49,
            "account_receivable_turnover_ratio": 0.69,
            "reinvestment_rate": 51.65,
            "research_to_sale_ratio": 1.02,
            "price_fair": 11.85,
            "eps_avg_yearly": 3.95,
            "eps_latest_yearly": 1.64,
            "eps_growth_yearly": -0.81
        },
        "20162": {
            "year_quarter": 20162,
            "year": 2016,
            "quarter": 2,
            "eps": 0.67,
            "eps_growth_year": -35.58,
            "eps_4q": 2.62,
            "eps_4q_growth_year": -36.8,
            "roe": 1.44,
            "roe_4q": 5.62,
            "gross_profit": 102584,
            "gross_margin": 30.88,
            "gross_margin_4q_avg": 30.48,
            "net_income": 38000,
            "net_income_4q": null,
            "revenue": 332224,
            "revenue_4q": null,
            "common_shares": 567749,
            "book_valuer_per_share": 45.44,
            "book_valuer_per_share_4q_avg": 46.67,
            "equity": 2581469,
            "current_ratio": 214.05,
            "debt_ratio": 25.26,
            "inventory_turnover_ratio": 3.15,
            "account_receivable_turnover_ratio": 0.75,
            "reinvestment_rate": 49.92,
            "research_to_sale_ratio": 0.86,
            "price_fair": 118.41,
            "eps_avg_yearly": 3.91,
            "eps_latest_yearly": 2.68,
            "eps_growth_yearly": 20.28
        },
        "20163": {
            "year_quarter": 20163,
            "year": 2016,
            "quarter": 3,
            "eps": 0.3,
            "eps_growth_year": -72.73,
            "eps_4q": 1.8,
            "eps_4q_growth_year": -51.7,
            "roe": 0.66,
            "roe_4q": 3.8800000000000003,
            "gross_profit": 95244,
            "gross_margin": 26.85,
            "gross_margin_4q_avg": 28.05,
            "net_income": 17030,
            "net_income_4q": null,
            "revenue": 354673,
            "revenue_4q": null,
            "common_shares": 567749,
            "book_valuer_per_share": 45.12,
            "book_valuer_per_share_4q_avg": 46.19,
            "equity": 2563288,
            "current_ratio": 224.54,
            "debt_ratio": 26,
            "inventory_turnover_ratio": 3.77,
            "account_receivable_turnover_ratio": 0.77,
            "reinvestment_rate": 48.92,
            "research_to_sale_ratio": 0.93,
            "price_fair": 50.53,
            "eps_avg_yearly": 3.75,
            "eps_latest_yearly": 1.2,
            "eps_growth_yearly": 3.46
        },
        "20164": {
            "year_quarter": 20164,
            "year": 2016,
            "quarter": 4,
            "eps": 0.3,
            "eps_growth_year": -30.88,
            "eps_4q": 1.67,
            "eps_4q_growth_year": -47.64,
            "roe": 0.66,
            "roe_4q": 3.63,
            "gross_profit": 81239,
            "gross_margin": 23.33,
            "gross_margin_4q_avg": 27.47,
            "net_income": 16861,
            "net_income_4q": null,
            "revenue": 348266,
            "revenue_4q": null,
            "common_shares": 567749,
            "book_valuer_per_share": 45.03,
            "book_valuer_per_share_4q_avg": 45.72,
            "equity": 2558384,
            "current_ratio": 214.23,
            "debt_ratio": 27.8,
            "inventory_turnover_ratio": 4.01,
            "account_receivable_turnover_ratio": 0.76,
            "reinvestment_rate": 75.42,
            "research_to_sale_ratio": 0.86,
            "price_fair": 45.41,
            "eps_avg_yearly": 3.59,
            "eps_latest_yearly": 1.2,
            "eps_growth_yearly": 2.66
        },
        "20171": {
            "year_quarter": 20171,
            "year": 2017,
            "quarter": 1,
            "eps": 0.38,
            "eps_growth_year": -7.32,
            "eps_4q": 1.64,
            "eps_4q_growth_year": -45.23,
            "roe": 0.85,
            "roe_4q": 3.61,
            "gross_profit": 105817,
            "gross_margin": 30.14,
            "gross_margin_4q_avg": 27.8,
            "net_income": 21667,
            "net_income_4q": null,
            "revenue": 351088,
            "revenue_4q": null,
            "common_shares": 567749,
            "book_valuer_per_share": 44.56,
            "book_valuer_per_share_4q_avg": 45.04,
            "equity": 2531773,
            "current_ratio": 214.43,
            "debt_ratio": 27.37,
            "inventory_turnover_ratio": 2.73,
            "account_receivable_turnover_ratio": 0.8,
            "reinvestment_rate": 82.93,
            "research_to_sale_ratio": 0.83,
            "price_fair": 51.58,
            "eps_avg_yearly": 3.4,
            "eps_latest_yearly": 1.52,
            "eps_growth_yearly": 5.16
        },
        "20172": {
            "year_quarter": 20172,
            "year": 2017,
            "quarter": 2,
            "eps": 0.74,
            "eps_growth_year": 10.45,
            "eps_4q": 1.72,
            "eps_4q_growth_year": -34.41,
            "roe": 1.67,
            "roe_4q": 3.8400000000000003,
            "gross_profit": 107965,
            "gross_margin": 29.82,
            "gross_margin_4q_avg": 27.54,
            "net_income": 42306,
            "net_income_4q": null,
            "revenue": 362062,
            "revenue_4q": null,
            "common_shares": 567749,
            "book_valuer_per_share": 44.63,
            "book_valuer_per_share_4q_avg": 44.84,
            "equity": 2535834,
            "current_ratio": 190.65,
            "debt_ratio": 28.79,
            "inventory_turnover_ratio": 2.11,
            "account_receivable_turnover_ratio": 0.81,
            "reinvestment_rate": 54.98,
            "research_to_sale_ratio": 0.81,
            "price_fair": 115.15,
            "eps_avg_yearly": 3.29,
            "eps_latest_yearly": 2.96,
            "eps_growth_yearly": 27.28
        },
        "20173": {
            "year_quarter": 20173,
            "year": 2017,
            "quarter": 3,
            "eps": 0.92,
            "eps_growth_year": 206.67,
            "eps_4q": 2.34,
            "eps_4q_growth_year": 29.85,
            "roe": 2.04,
            "roe_4q": 5.22,
            "gross_profit": 127240,
            "gross_margin": 31.44,
            "gross_margin_4q_avg": 28.68,
            "net_income": 52429,
            "net_income_4q": null,
            "revenue": 404749,
            "revenue_4q": null,
            "common_shares": 567749,
            "book_valuer_per_share": 45.82,
            "book_valuer_per_share_4q_avg": 45.01,
            "equity": 2603381,
            "current_ratio": 183.54,
            "debt_ratio": 28.17,
            "inventory_turnover_ratio": 1.86,
            "account_receivable_turnover_ratio": 0.85,
            "reinvestment_rate": 42.53,
            "research_to_sale_ratio": 0.98,
            "price_fair": 111.21,
            "eps_avg_yearly": 3.18,
            "eps_latest_yearly": 3.68,
            "eps_growth_yearly": 29.58
        },
        "20174": {
            "year_quarter": 20174,
            "year": 2017,
            "quarter": 4,
            "eps": 0.35,
            "eps_growth_year": 17.44,
            "eps_4q": 2.39,
            "eps_4q_growth_year": 43.2,
            "roe": 0.76,
            "roe_4q": 5.319999999999999,
            "gross_profit": 101688,
            "gross_margin": 25.3,
            "gross_margin_4q_avg": 29.18,
            "net_income": 19887,
            "net_income_4q": null,
            "revenue": 401991,
            "revenue_4q": null,
            "common_shares": 567749,
            "book_valuer_per_share": 46.19,
            "book_valuer_per_share_4q_avg": 45.3,
            "equity": 2624866,
            "current_ratio": 186.52,
            "debt_ratio": 28.11,
            "inventory_turnover_ratio": 1.75,
            "account_receivable_turnover_ratio": 0.85,
            "reinvestment_rate": 17.92,
            "research_to_sale_ratio": 1.02,
            "price_fair": 98.04,
            "eps_avg_yearly": 3.04,
            "eps_latest_yearly": 1.4,
            "eps_growth_yearly": 22.3
        },
        "20181": {
            "year_quarter": 20181,
            "year": 2018,
            "quarter": 1,
            "eps": 0.5,
            "eps_growth_year": 31.58,
            "eps_4q": 2.51,
            "eps_4q_growth_year": 52.61,
            "roe": 1.07,
            "roe_4q": 5.54,
            "gross_profit": 102701,
            "gross_margin": 23.92,
            "gross_margin_4q_avg": 27.62,
            "net_income": 28209,
            "net_income_4q": null,
            "revenue": 429387,
            "revenue_4q": null,
            "common_shares": 567749,
            "book_valuer_per_share": 47.03,
            "book_valuer_per_share_4q_avg": 45.92,
            "equity": 2672170,
            "current_ratio": 194.84,
            "debt_ratio": 26.31,
            "inventory_turnover_ratio": 1.99,
            "account_receivable_turnover_ratio": 0.96,
            "reinvestment_rate": 55.89,
            "research_to_sale_ratio": 1.17,
            "price_fair": 101.5,
            "eps_avg_yearly": 2.9,
            "eps_latest_yearly": 2,
            "eps_growth_yearly": 29.76
        },
        "20182": {
            "year_quarter": 20182,
            "year": 2018,
            "quarter": 2,
            "eps": 0.76,
            "eps_growth_year": 2.7,
            "eps_4q": 2.53,
            "eps_4q_growth_year": 47.02,
            "roe": 1.64,
            "roe_4q": 5.51,
            "gross_profit": 130815,
            "gross_margin": 29.59,
            "gross_margin_4q_avg": 27.56,
            "net_income": 43401,
            "net_income_4q": null,
            "revenue": 442025,
            "revenue_4q": null,
            "common_shares": 567749,
            "book_valuer_per_share": 46.39,
            "book_valuer_per_share_4q_avg": 46.36,
            "equity": 2636377,
            "current_ratio": 186.44,
            "debt_ratio": 28.2,
            "inventory_turnover_ratio": 1.9,
            "account_receivable_turnover_ratio": 1.01,
            "reinvestment_rate": 76.26,
            "research_to_sale_ratio": 1.2,
            "price_fair": 96.34,
            "eps_avg_yearly": 2.75,
            "eps_latest_yearly": 3.04,
            "eps_growth_yearly": 35.3
        },
        "20183": {
            "year_quarter": 20183,
            "year": 2018,
            "quarter": 3,
            "eps": 1.12,
            "eps_growth_year": 21.74,
            "eps_4q": 2.72,
            "eps_4q_growth_year": 16.24,
            "roe": 2.4,
            "roe_4q": 5.87,
            "gross_profit": 153345,
            "gross_margin": 31.7,
            "gross_margin_4q_avg": 27.63,
            "net_income": 63464,
            "net_income_4q": null,
            "revenue": 483692,
            "revenue_4q": null,
            "common_shares": 567749,
            "book_valuer_per_share": 46.82,
            "book_valuer_per_share_4q_avg": 46.61,
            "equity": 2660701,
            "current_ratio": 212.81,
            "debt_ratio": 25.94,
            "inventory_turnover_ratio": 1.76,
            "account_receivable_turnover_ratio": 1.07,
            "reinvestment_rate": 60.27,
            "research_to_sale_ratio": 1.31,
            "price_fair": 92.66,
            "eps_avg_yearly": 2.65,
            "eps_latest_yearly": 4.48,
            "eps_growth_yearly": 43.63
        },
        "20184": {
            "year_quarter": 20184,
            "year": 2018,
            "quarter": 4,
            "eps": 0.74,
            "eps_growth_year": 114.29,
            "eps_4q": 3.12,
            "eps_4q_growth_year": 30.32,
            "roe": 1.56,
            "roe_4q": 6.67,
            "gross_profit": 169873,
            "gross_margin": 33.72,
            "gross_margin_4q_avg": 29.73,
            "net_income": 41973,
            "net_income_4q": null,
            "revenue": 503818,
            "revenue_4q": null,
            "common_shares": 567749,
            "book_valuer_per_share": 47.7,
            "book_valuer_per_share_4q_avg": 46.99,
            "equity": 2710344,
            "current_ratio": 282.71,
            "debt_ratio": 28.18,
            "inventory_turnover_ratio": 1.7,
            "account_receivable_turnover_ratio": 1.14,
            "reinvestment_rate": 26.32,
            "research_to_sale_ratio": 1.15,
            "price_fair": 90.56,
            "eps_avg_yearly": 2.59,
            "eps_latest_yearly": 2.96,
            "eps_growth_yearly": 44.24
        },
        "20191": {
            "year_quarter": 20191,
            "year": 2019,
            "quarter": 1,
            "eps": 0.71,
            "eps_growth_year": 42,
            "eps_4q": 3.34,
            "eps_4q_growth_year": 33.08,
            "roe": 1.48,
            "roe_4q": 7.079999999999999,
            "gross_profit": 144279,
            "gross_margin": 29.1,
            "gross_margin_4q_avg": 31.03,
            "net_income": 40645,
            "net_income_4q": null,
            "revenue": 495746,
            "revenue_4q": null,
            "common_shares": 567749,
            "book_valuer_per_share": 48.9,
            "book_valuer_per_share_4q_avg": 47.45,
            "equity": 2778647,
            "current_ratio": 272.24,
            "debt_ratio": 30.8,
            "inventory_turnover_ratio": 2.01,
            "account_receivable_turnover_ratio": 1.1,
            "reinvestment_rate": 29.67,
            "research_to_sale_ratio": 1.51,
            "price_fair": 91.61,
            "eps_avg_yearly": 2.62,
            "eps_latest_yearly": 2.84,
            "eps_growth_yearly": 53.17
        },
        "20192": {
            "year_quarter": 20192,
            "year": 2019,
            "quarter": 2,
            "eps": 0.65,
            "eps_growth_year": -14.47,
            "eps_4q": 3.23,
            "eps_4q_growth_year": 27.78,
            "roe": 1.36,
            "roe_4q": 6.800000000000001,
            "gross_profit": 139599,
            "gross_margin": 27.18,
            "gross_margin_4q_avg": 30.43,
            "net_income": 37288,
            "net_income_4q": null,
            "revenue": 513696,
            "revenue_4q": null,
            "common_shares": 567749,
            "book_valuer_per_share": 47.69,
            "book_valuer_per_share_4q_avg": 47.78,
            "equity": 2710196,
            "current_ratio": 232.55,
            "debt_ratio": 32.36,
            "inventory_turnover_ratio": 2.73,
            "account_receivable_turnover_ratio": 1.05,
            "reinvestment_rate": 30.3,
            "research_to_sale_ratio": 1.27,
            "price_fair": 88.2,
            "eps_avg_yearly": 2.52,
            "eps_latest_yearly": 2.6,
            "eps_growth_yearly": 31.99
        },
        "20193": {
            "year_quarter": 20193,
            "year": 2019,
            "quarter": 3,
            "eps": 1.2,
            "eps_growth_year": 7.14,
            "eps_4q": 3.3,
            "eps_4q_growth_year": 21.33,
            "roe": 2.49,
            "roe_4q": 6.890000000000001,
            "gross_profit": 188129,
            "gross_margin": 32.41,
            "gross_margin_4q_avg": 30.6,
            "net_income": 67675,
            "net_income_4q": null,
            "revenue": 580471,
            "revenue_4q": null,
            "common_shares": 567749,
            "book_valuer_per_share": 48.11,
            "book_valuer_per_share_4q_avg": 48.1,
            "equity": 2733773,
            "current_ratio": 260.92,
            "debt_ratio": 30.46,
            "inventory_turnover_ratio": 3.89,
            "account_receivable_turnover_ratio": 1.05,
            "reinvestment_rate": 24.15,
            "research_to_sale_ratio": 1.21,
            "price_fair": 89.08,
            "eps_avg_yearly": 2.55,
            "eps_latest_yearly": 4.8,
            "eps_growth_yearly": 51.7
        },
        "20194": {
            "year_quarter": 20194,
            "year": 2019,
            "quarter": 4,
            "eps": 1.18,
            "eps_growth_year": 58.99,
            "eps_4q": 3.74,
            "eps_4q_growth_year": 19.97,
            "roe": 2.44,
            "roe_4q": 7.77,
            "gross_profit": 246922,
            "gross_margin": 43.96,
            "gross_margin_4q_avg": 33.16,
            "net_income": 67257,
            "net_income_4q": null,
            "revenue": 561734,
            "revenue_4q": null,
            "common_shares": 567749,
            "book_valuer_per_share": 49.04,
            "book_valuer_per_share_4q_avg": 48.44,
            "equity": 2786685,
            "current_ratio": 270.92,
            "debt_ratio": 30.23,
            "inventory_turnover_ratio": 3.83,
            "account_receivable_turnover_ratio": 1,
            "reinvestment_rate": 19.47,
            "research_to_sale_ratio": 1.39,
            "price_fair": 95.64,
            "eps_avg_yearly": 2.73,
            "eps_latest_yearly": 4.72,
            "eps_growth_yearly": 66.51
        },
        "20201": {
            "year_quarter": 20201,
            "year": 2020,
            "quarter": 1,
            "eps": 1.07,
            "eps_growth_year": 50.7,
            "eps_4q": 4.1,
            "eps_4q_growth_year": 22.83,
            "roe": 2.17,
            "roe_4q": 8.459999999999999,
            "gross_profit": 170629,
            "gross_margin": 36.44,
            "gross_margin_4q_avg": 35,
            "net_income": 60958,
            "net_income_4q": null,
            "revenue": 468230,
            "revenue_4q": null,
            "common_shares": 567749,
            "book_valuer_per_share": 49.84,
            "book_valuer_per_share_4q_avg": 48.67,
            "equity": 2832060,
            "current_ratio": 284.74,
            "debt_ratio": 29.1,
            "inventory_turnover_ratio": 3.72,
            "account_receivable_turnover_ratio": 0.87,
            "reinvestment_rate": 20.4,
            "research_to_sale_ratio": 1.53,
            "price_fair": 101.41,
            "eps_avg_yearly": 2.9,
            "eps_latest_yearly": 4.28,
            "eps_growth_yearly": 65.35
        },
        "20202": {
            "year_quarter": 20202,
            "year": 2020,
            "quarter": 2,
            "eps": 1.05,
            "eps_growth_year": 61.54,
            "eps_4q": 4.5,
            "eps_4q_growth_year": 39.28,
            "roe": 2.13,
            "roe_4q": 9.23,
            "gross_profit": 170552,
            "gross_margin": 35.55,
            "gross_margin_4q_avg": 37.09,
            "net_income": 59684,
            "net_income_4q": null,
            "revenue": 479713,
            "revenue_4q": null,
            "common_shares": 567749,
            "book_valuer_per_share": 48.86,
            "book_valuer_per_share_4q_avg": 48.96,
            "equity": 2776522,
            "current_ratio": 252.65,
            "debt_ratio": 30.32,
            "inventory_turnover_ratio": 4.02,
            "account_receivable_turnover_ratio": 0.93,
            "reinvestment_rate": 28.07,
            "research_to_sale_ratio": 1.86,
            "price_fair": 104.74,
            "eps_avg_yearly": 2.99,
            "eps_latest_yearly": 4.2,
            "eps_growth_yearly": 49.02
        },
        "20203": {
            "year_quarter": 20203,
            "year": 2020,
            "quarter": 3,
            "eps": 0.94,
            "eps_growth_year": -21.67,
            "eps_4q": 4.25,
            "eps_4q_growth_year": 28.54,
            "roe": 1.89,
            "roe_4q": 8.629999999999999,
            "gross_profit": 220909,
            "gross_margin": 39.61,
            "gross_margin_4q_avg": 38.89,
            "net_income": 53332,
            "net_income_4q": null,
            "revenue": 557750,
            "revenue_4q": null,
            "common_shares": 567749,
            "book_valuer_per_share": 50.22,
            "book_valuer_per_share_4q_avg": 49.49,
            "equity": 2853740,
            "current_ratio": 261.27,
            "debt_ratio": 28.14,
            "inventory_turnover_ratio": 4.32,
            "account_receivable_turnover_ratio": 1.17,
            "reinvestment_rate": 40.54,
            "research_to_sale_ratio": 1.76,
            "price_fair": 110.34,
            "eps_avg_yearly": 3.15,
            "eps_latest_yearly": 3.76,
            "eps_growth_yearly": 60.21
        },
        "20204": {
            "year_quarter": 20204,
            "year": 2020,
            "quarter": 4,
            "eps": 1.37,
            "eps_growth_year": 16.08,
            "eps_4q": 4.44,
            "eps_4q_growth_year": 18.54,
            "roe": 2.69,
            "roe_4q": 8.879999999999999,
            "gross_profit": 209512,
            "gross_margin": 37.52,
            "gross_margin_4q_avg": 37.28,
            "net_income": 78085,
            "net_income_4q": null,
            "revenue": 558463,
            "revenue_4q": null,
            "common_shares": 567749,
            "book_valuer_per_share": 51.88,
            "book_valuer_per_share_4q_avg": 50.2,
            "equity": 2948146,
            "current_ratio": 245.99,
            "debt_ratio": 28.21,
            "inventory_turnover_ratio": 4.46,
            "account_receivable_turnover_ratio": 1.2,
            "reinvestment_rate": 16.63,
            "research_to_sale_ratio": 1.64,
            "price_fair": 119.7,
            "eps_avg_yearly": 3.42,
            "eps_latest_yearly": 5.48,
            "eps_growth_yearly": 71.65
        },
        "20211": {
            "year_quarter": 20211,
            "year": 2021,
            "quarter": 1,
            "eps": 1.44,
            "eps_growth_year": 34.58,
            "eps_4q": 4.8,
            "eps_4q_growth_year": 17.13,
            "roe": 2.73,
            "roe_4q": 9.44,
            "gross_profit": 176778,
            "gross_margin": 33.29,
            "gross_margin_4q_avg": 36.49,
            "net_income": 81833,
            "net_income_4q": null,
            "revenue": 530982,
            "revenue_4q": null,
            "common_shares": 567749,
            "book_valuer_per_share": 53.45,
            "book_valuer_per_share_4q_avg": 51.1,
            "equity": 3037225,
            "current_ratio": 267.53,
            "debt_ratio": 26.18,
            "inventory_turnover_ratio": 5.07,
            "account_receivable_turnover_ratio": 1.18,
            "reinvestment_rate": 13.11,
            "research_to_sale_ratio": 1.76,
            "price_fair": 128.98,
            "eps_avg_yearly": 3.69,
            "eps_latest_yearly": 5.76,
            "eps_growth_yearly": 66.26
        },
        "20212": {
            "year_quarter": 20212,
            "year": 2021,
            "quarter": 2,
            "eps": 2.03,
            "eps_growth_year": 93.33,
            "eps_4q": 5.78,
            "eps_4q_growth_year": 28.49,
            "roe": 3.73,
            "roe_4q": 11.040000000000001,
            "gross_profit": 207064,
            "gross_margin": 39.87,
            "gross_margin_4q_avg": 37.57,
            "net_income": 115216,
            "net_income_4q": null,
            "revenue": 519334,
            "revenue_4q": null,
            "common_shares": 567749,
            "book_valuer_per_share": 55.26,
            "book_valuer_per_share_4q_avg": 52.7,
            "equity": 3140546,
            "current_ratio": 289.68,
            "debt_ratio": 26.29,
            "inventory_turnover_ratio": 4.98,
            "account_receivable_turnover_ratio": 1.19,
            "reinvestment_rate": 41.31,
            "research_to_sale_ratio": 1.85,
            "price_fair": 140.26,
            "eps_avg_yearly": 4.01,
            "eps_latest_yearly": 8.12,
            "eps_growth_yearly": 52.82
        },
        "20213": {
            "year_quarter": 20213,
            "year": 2021,
            "quarter": 3,
            "eps": 2.44,
            "eps_growth_year": 159.57,
            "eps_4q": 7.28,
            "eps_4q_growth_year": 71.58,
            "roe": 4.42,
            "roe_4q": 13.57,
            "gross_profit": 185529,
            "gross_margin": 34.82,
            "gross_margin_4q_avg": 36.38,
            "net_income": 138930,
            "net_income_4q": null,
            "revenue": 532853,
            "revenue_4q": null,
            "common_shares": 567749,
            "book_valuer_per_share": 55.38,
            "book_valuer_per_share_4q_avg": 53.99,
            "equity": 3146316,
            "current_ratio": 265.41,
            "debt_ratio": 26.64,
            "inventory_turnover_ratio": 5.44,
            "account_receivable_turnover_ratio": 1.24,
            "reinvestment_rate": 64.15,
            "research_to_sale_ratio": 1.9,
            "price_fair": 153.56,
            "eps_avg_yearly": 4.39,
            "eps_latest_yearly": 9.76,
            "eps_growth_yearly": 51.79
        },
        "20214": {
            "year_quarter": 20214,
            "year": 2021,
            "quarter": 4,
            "eps": 1.25,
            "eps_growth_year": -8.93,
            "eps_4q": 7.16,
            "eps_4q_growth_year": 61.46,
            "roe": 2.23,
            "roe_4q": 13.110000000000001,
            "gross_profit": 194252,
            "gross_margin": 35.08,
            "gross_margin_4q_avg": 35.77,
            "net_income": 71082,
            "net_income_4q": null,
            "revenue": 553726,
            "revenue_4q": null,
            "common_shares": 567749,
            "book_valuer_per_share": 57.05,
            "book_valuer_per_share_4q_avg": 55.29,
            "equity": 3239008,
            "current_ratio": 250.8,
            "debt_ratio": 27.02,
            "inventory_turnover_ratio": 4.31,
            "account_receivable_turnover_ratio": 1.23,
            "reinvestment_rate": 70.53,
            "research_to_sale_ratio": 2,
            "price_fair": 161.44,
            "eps_avg_yearly": 4.61,
            "eps_latest_yearly": 5,
            "eps_growth_yearly": 55.08
        },
        "20221": {
            "year_quarter": 20221,
            "year": 2022,
            "quarter": 1,
            "eps": 1.62,
            "eps_growth_year": 12.5,
            "eps_4q": 7.34,
            "eps_4q_growth_year": 52.91,
            "roe": 2.77,
            "roe_4q": 13.15,
            "gross_profit": 217809,
            "gross_margin": 37.83,
            "gross_margin_4q_avg": 36.9,
            "net_income": 92032,
            "net_income_4q": null,
            "revenue": 575707,
            "revenue_4q": null,
            "common_shares": 567749,
            "book_valuer_per_share": 59.84,
            "book_valuer_per_share_4q_avg": 56.88,
            "equity": 3397288,
            "current_ratio": 237.01,
            "debt_ratio": 26.9,
            "inventory_turnover_ratio": 3.22,
            "account_receivable_turnover_ratio": 1.23,
            "reinvestment_rate": 56.6,
            "research_to_sale_ratio": 2.64,
            "price_fair": 171.24,
            "eps_avg_yearly": 4.89,
            "eps_latest_yearly": 6.48,
            "eps_growth_yearly": 51.77
        },
        "20222": {
            "year_quarter": 20222,
            "year": 2022,
            "quarter": 2,
            "eps": 1.75,
            "eps_growth_year": -13.79,
            "eps_4q": 7.07,
            "eps_4q_growth_year": 22.29,
            "roe": 2.98,
            "roe_4q": 12.4,
            "gross_profit": 223824,
            "gross_margin": 37.5,
            "gross_margin_4q_avg": 36.31,
            "net_income": 99443,
            "net_income_4q": null,
            "revenue": 596804,
            "revenue_4q": null,
            "common_shares": 567749,
            "book_valuer_per_share": 57.62,
            "book_valuer_per_share_4q_avg": 57.47,
            "equity": 3271581,
            "current_ratio": 195.64,
            "debt_ratio": 29.67,
            "inventory_turnover_ratio": 3.27,
            "account_receivable_turnover_ratio": 1.29,
            "reinvestment_rate": 48.57,
            "research_to_sale_ratio": 2.7,
            "price_fair": 179.9,
            "eps_avg_yearly": 5.14,
            "eps_latest_yearly": 7,
            "eps_growth_yearly": 40.77
        },
        "20223": {
            "year_quarter": 20223,
            "year": 2022,
            "quarter": 3,
            "eps": 1.66,
            "eps_growth_year": -31.97,
            "eps_4q": 6.28,
            "eps_4q_growth_year": -13.75,
            "roe": 2.84,
            "roe_4q": 10.82,
            "gross_profit": 211641,
            "gross_margin": 34.6,
            "gross_margin_4q_avg": 36.25,
            "net_income": 94206,
            "net_income_4q": null,
            "revenue": 611665,
            "revenue_4q": null,
            "common_shares": 567749,
            "book_valuer_per_share": 59.17,
            "book_valuer_per_share_4q_avg": 58.42,
            "equity": 3359240,
            "current_ratio": 208.39,
            "debt_ratio": 29.05,
            "inventory_turnover_ratio": 3.73,
            "account_receivable_turnover_ratio": 1.34,
            "reinvestment_rate": 61.44,
            "research_to_sale_ratio": 2.92,
            "price_fair": 184.63,
            "eps_avg_yearly": 5.28,
            "eps_latest_yearly": 6.64,
            "eps_growth_yearly": 27.65
        },
        "20224": {
            "year_quarter": 20224,
            "year": 2022,
            "quarter": 4,
            "eps": 1.38,
            "eps_growth_year": 10.13,
            "eps_4q": 6.46,
            "eps_4q_growth_year": -9.84,
            "roe": 2.29,
            "roe_4q": 10.879999999999999,
            "gross_profit": 235667,
            "gross_margin": 38.72,
            "gross_margin_4q_avg": 37.16,
            "net_income": 77475,
            "net_income_4q": null,
            "revenue": 608588,
            "revenue_4q": null,
            "common_shares": 567749,
            "book_valuer_per_share": 60.54,
            "book_valuer_per_share_4q_avg": 59.29,
            "equity": 3404389,
            "current_ratio": 218.98,
            "debt_ratio": 28.93,
            "inventory_turnover_ratio": 3.11,
            "account_receivable_turnover_ratio": 1.33,
            "reinvestment_rate": 62.75,
            "research_to_sale_ratio": 2.52,
            "price_fair": 190.23,
            "eps_avg_yearly": 5.44,
            "eps_latest_yearly": 5.52,
            "eps_growth_yearly": 31.91
        },
        "20231": {
            "year_quarter": 20231,
            "year": 2023,
            "quarter": 1,
            "eps": 1.44,
            "eps_growth_year": -11.11,
            "eps_4q": 6.26,
            "eps_4q_growth_year": -14.79,
            "roe": 2.34,
            "roe_4q": 10.45,
            "gross_profit": 225252,
            "gross_margin": 39.21,
            "gross_margin_4q_avg": 37.51,
            "net_income": 80787,
            "net_income_4q": null,
            "revenue": 574507,
            "revenue_4q": null,
            "common_shares": 567749,
            "book_valuer_per_share": 62.14,
            "book_valuer_per_share_4q_avg": 59.87,
            "equity": 3494486,
            "current_ratio": 234.79,
            "debt_ratio": 27.12,
            "inventory_turnover_ratio": 2.64,
            "account_receivable_turnover_ratio": 1.26,
            "reinvestment_rate": 58.63,
            "research_to_sale_ratio": 3.19,
            "price_fair": 196.61,
            "eps_avg_yearly": 5.62,
            "eps_latest_yearly": 5.76,
            "eps_growth_yearly": 34.01
        },
        "20232": {
            "year_quarter": 20232,
            "year": 2023,
            "quarter": 2,
            "eps": 1.65,
            "eps_growth_year": -5.71,
            "eps_4q": 6.14,
            "eps_4q_growth_year": -13.09,
            "roe": 2.72,
            "roe_4q": 10.190000000000001,
            "gross_profit": 230208,
            "gross_margin": 39.72,
            "gross_margin_4q_avg": 38.06,
            "net_income": 92973,
            "net_income_4q": null,
            "revenue": 579566,
            "revenue_4q": null,
            "common_shares": 567749,
            "book_valuer_per_share": 59.53,
            "book_valuer_per_share_4q_avg": 60.35,
            "equity": 3347968,
            "current_ratio": 186.71,
            "debt_ratio": 29.92,
            "inventory_turnover_ratio": 2.58,
            "account_receivable_turnover_ratio": 1.25,
            "reinvestment_rate": 57.01,
            "research_to_sale_ratio": 3.21,
            "price_fair": 205.36,
            "eps_avg_yearly": 5.87,
            "eps_latest_yearly": 6.6,
            "eps_growth_yearly": 39.77
        },
        "20233": {
            "year_quarter": 20233,
            "year": 2023,
            "quarter": 3,
            "eps": 1.18,
            "eps_growth_year": -28.92,
            "eps_4q": 5.65,
            "eps_4q_growth_year": -10.1,
            "roe": 1.95,
            "roe_4q": 9.3,
            "gross_profit": 190541,
            "gross_margin": 34.5,
            "gross_margin_4q_avg": 38.04,
            "net_income": 66415,
            "net_income_4q": null,
            "revenue": 552268,
            "revenue_4q": null,
            "common_shares": 567749,
            "book_valuer_per_share": 61.68,
            "book_valuer_per_share_4q_avg": 60.97,
            "equity": 3468676,
            "current_ratio": 200.84,
            "debt_ratio": 27.14,
            "inventory_turnover_ratio": 2.67,
            "account_receivable_turnover_ratio": 1.17,
            "reinvestment_rate": 63.77,
            "research_to_sale_ratio": 3.55,
            "price_fair": 126.01,
            "eps_avg_yearly": 5.86,
            "eps_latest_yearly": 4.72,
            "eps_growth_yearly": 11.49
        }
    },
    "months": {
        "2007-02": {
            "month": "2007-02",
            "price": "81.07",
            "revenue": 50589
        },
        "2007-03": {
            "month": "2007-03",
            "price": "78.76",
            "revenue": 72945
        },
        "2007-04": {
            "month": "2007-04",
            "price": "76.04",
            "revenue": 45563
        },
        "2007-05": {
            "month": "2007-05",
            "price": "70.73",
            "revenue": 98523
        },
        "2007-06": {
            "month": "2007-06",
            "price": "83.41",
            "revenue": 92289
        },
        "2007-07": {
            "month": "2007-07",
            "price": "103.31",
            "revenue": 81767
        },
        "2007-08": {
            "month": "2007-08",
            "price": "99.60",
            "revenue": 74158
        },
        "2007-09": {
            "month": "2007-09",
            "price": "86.21",
            "revenue": 73247
        },
        "2007-10": {
            "month": "2007-10",
            "price": "84.80",
            "revenue": 72344
        },
        "2007-11": {
            "month": "2007-11",
            "price": "78.30",
            "revenue": 95647
        },
        "2007-12": {
            "month": "2007-12",
            "price": "69.14",
            "revenue": 76817
        },
        "2008-01": {
            "month": "2008-01",
            "price": "62.64",
            "revenue": 68630
        },
        "2008-02": {
            "month": "2008-02",
            "price": "61.76",
            "revenue": 69644
        },
        "2008-03": {
            "month": "2008-03",
            "price": "62.05",
            "revenue": 76624
        },
        "2008-04": {
            "month": "2008-04",
            "price": "64.44",
            "revenue": 86872
        },
        "2008-05": {
            "month": "2008-05",
            "price": "68.07",
            "revenue": 82836
        },
        "2008-06": {
            "month": "2008-06",
            "price": "63.12",
            "revenue": 105917
        },
        "2008-07": {
            "month": "2008-07",
            "price": "49.77",
            "revenue": 81259
        },
        "2008-08": {
            "month": "2008-08",
            "price": "51.57",
            "revenue": 81458
        },
        "2008-09": {
            "month": "2008-09",
            "price": "44.26",
            "revenue": 87716
        },
        "2008-10": {
            "month": "2008-10",
            "price": "39.25",
            "revenue": 78200
        },
        "2008-11": {
            "month": "2008-11",
            "price": "39.46",
            "revenue": 65474
        },
        "2008-12": {
            "month": "2008-12",
            "price": "35.99",
            "revenue": 38785
        },
        "2009-01": {
            "month": "2009-01",
            "price": "30.34",
            "revenue": 30074
        },
        "2009-02": {
            "month": "2009-02",
            "price": "29.78",
            "revenue": 28706
        },
        "2009-03": {
            "month": "2009-03",
            "price": "35.22",
            "revenue": 56252
        },
        "2009-04": {
            "month": "2009-04",
            "price": "39.24",
            "revenue": 57280
        },
        "2009-05": {
            "month": "2009-05",
            "price": "38.46",
            "revenue": 70056
        },
        "2009-06": {
            "month": "2009-06",
            "price": "37.47",
            "revenue": 71208
        },
        "2009-07": {
            "month": "2009-07",
            "price": "41.45",
            "revenue": 72034
        },
        "2009-08": {
            "month": "2009-08",
            "price": "39.16",
            "revenue": 75182
        },
        "2009-09": {
            "month": "2009-09",
            "price": "45.92",
            "revenue": 80254
        },
        "2009-10": {
            "month": "2009-10",
            "price": "50.16",
            "revenue": 80820
        },
        "2009-11": {
            "month": "2009-11",
            "price": "42.75",
            "revenue": 81310
        },
        "2009-12": {
            "month": "2009-12",
            "price": "45.35",
            "revenue": 75102
        },
        "2010-01": {
            "month": "2010-01",
            "price": "45.11",
            "revenue": 72781
        },
        "2010-02": {
            "month": "2010-02",
            "price": "41.53",
            "revenue": 70328
        },
        "2010-03": {
            "month": "2010-03",
            "price": "43.74",
            "revenue": 81737
        },
        "2010-04": {
            "month": "2010-04",
            "price": "48.64",
            "revenue": 82106
        },
        "2010-05": {
            "month": "2010-05",
            "price": "43.14",
            "revenue": 82054
        },
        "2010-06": {
            "month": "2010-06",
            "price": "41.09",
            "revenue": 80083
        },
        "2010-07": {
            "month": "2010-07",
            "price": "41.22",
            "revenue": 83468
        },
        "2010-08": {
            "month": "2010-08",
            "price": "41.19",
            "revenue": 76102
        },
        "2010-09": {
            "month": "2010-09",
            "price": "40.59",
            "revenue": 71207
        },
        "2010-10": {
            "month": "2010-10",
            "price": "40.08",
            "revenue": 70430
        },
        "2010-11": {
            "month": "2010-11",
            "price": "39.45",
            "revenue": 73132
        },
        "2010-12": {
            "month": "2010-12",
            "price": "39.31",
            "revenue": 80658
        },
        "2011-01": {
            "month": "2011-01",
            "price": "38.83",
            "revenue": 82232
        },
        "2011-02": {
            "month": "2011-02",
            "price": "38.82",
            "revenue": 78122
        },
        "2011-03": {
            "month": "2011-03",
            "price": "39.18",
            "revenue": 87104
        },
        "2011-04": {
            "month": "2011-04",
            "price": "37.53",
            "revenue": 82183
        },
        "2011-05": {
            "month": "2011-05",
            "price": "38.71",
            "revenue": 83352
        },
        "2011-06": {
            "month": "2011-06",
            "price": "38.65",
            "revenue": 84259
        },
        "2011-07": {
            "month": "2011-07",
            "price": "38.10",
            "revenue": 81385
        },
        "2011-08": {
            "month": "2011-08",
            "price": "37.03",
            "revenue": 77722
        },
        "2011-09": {
            "month": "2011-09",
            "price": "39.52",
            "revenue": 80504
        },
        "2011-10": {
            "month": "2011-10",
            "price": "38.03",
            "revenue": 75129
        },
        "2011-11": {
            "month": "2011-11",
            "price": "39.08",
            "revenue": 78046
        },
        "2011-12": {
            "month": "2011-12",
            "price": "36.58",
            "revenue": 75129
        },
        "2012-01": {
            "month": "2012-01",
            "price": "37.40",
            "revenue": 70313
        },
        "2012-02": {
            "month": "2012-02",
            "price": "43.25",
            "revenue": 90257
        },
        "2012-03": {
            "month": "2012-03",
            "price": "45.78",
            "revenue": 80418
        },
        "2012-04": {
            "month": "2012-04",
            "price": "42.64",
            "revenue": 80076
        },
        "2012-05": {
            "month": "2012-05",
            "price": "39.92",
            "revenue": 75366
        },
        "2012-06": {
            "month": "2012-06",
            "price": "38.62",
            "revenue": 78531
        },
        "2012-07": {
            "month": "2012-07",
            "price": "38.51",
            "revenue": 78596
        },
        "2012-08": {
            "month": "2012-08",
            "price": "36.70",
            "revenue": 79773
        },
        "2012-09": {
            "month": "2012-09",
            "price": "36.12",
            "revenue": 81192
        },
        "2012-10": {
            "month": "2012-10",
            "price": "35.10",
            "revenue": 85862
        },
        "2012-11": {
            "month": "2012-11",
            "price": "34.00",
            "revenue": 84748
        },
        "2012-12": {
            "month": "2012-12",
            "price": "35.30",
            "revenue": 80951
        },
        "2013-01": {
            "month": "2013-01",
            "price": "38.82",
            "revenue": 107729
        },
        "2013-02": {
            "month": "2013-02",
            "price": "38.95",
            "revenue": 95254
        },
        "2013-03": {
            "month": "2013-03",
            "price": "42.76",
            "revenue": 109360
        },
        "2013-04": {
            "month": "2013-04",
            "price": "43.64",
            "revenue": 106627
        },
        "2013-05": {
            "month": "2013-05",
            "price": "44.54",
            "revenue": 111092
        },
        "2013-06": {
            "month": "2013-06",
            "price": "44.42",
            "revenue": 119977
        },
        "2013-07": {
            "month": "2013-07",
            "price": "48.24",
            "revenue": 124638
        },
        "2013-08": {
            "month": "2013-08",
            "price": "48.04",
            "revenue": 129718
        },
        "2013-09": {
            "month": "2013-09",
            "price": "53.30",
            "revenue": 133836
        },
        "2013-10": {
            "month": "2013-10",
            "price": "57.15",
            "revenue": 125787
        },
        "2013-11": {
            "month": "2013-11",
            "price": "62.89",
            "revenue": 120668
        },
        "2013-12": {
            "month": "2013-12",
            "price": "65.30",
            "revenue": 116954
        },
        "2014-01": {
            "month": "2014-01",
            "price": "62.38",
            "revenue": 118661
        },
        "2014-02": {
            "month": "2014-02",
            "price": "64.23",
            "revenue": 110140
        },
        "2014-03": {
            "month": "2014-03",
            "price": "70.05",
            "revenue": 128307
        },
        "2014-04": {
            "month": "2014-04",
            "price": "74.19",
            "revenue": 120257
        },
        "2014-05": {
            "month": "2014-05",
            "price": "68.33",
            "revenue": 131300
        },
        "2014-06": {
            "month": "2014-06",
            "price": "68.86",
            "revenue": 135001
        },
        "2014-07": {
            "month": "2014-07",
            "price": "67.68",
            "revenue": 135918
        },
        "2014-08": {
            "month": "2014-08",
            "price": "67.96",
            "revenue": 136124
        },
        "2014-09": {
            "month": "2014-09",
            "price": "69.05",
            "revenue": 135011
        },
        "2014-10": {
            "month": "2014-10",
            "price": "58.79",
            "revenue": 131204
        },
        "2014-11": {
            "month": "2014-11",
            "price": "57.61",
            "revenue": 129555
        },
        "2014-12": {
            "month": "2014-12",
            "price": "59.26",
            "revenue": 123495
        },
        "2015-01": {
            "month": "2015-01",
            "price": "58.50",
            "revenue": 120654
        },
        "2015-02": {
            "month": "2015-02",
            "price": "56.57",
            "revenue": 101640
        },
        "2015-03": {
            "month": "2015-03",
            "price": "54.56",
            "revenue": 124308
        },
        "2015-04": {
            "month": "2015-04",
            "price": "51.64",
            "revenue": 117379
        },
        "2015-05": {
            "month": "2015-05",
            "price": "45.29",
            "revenue": 117806
        },
        "2015-06": {
            "month": "2015-06",
            "price": "41.84",
            "revenue": 121068
        },
        "2015-07": {
            "month": "2015-07",
            "price": "38.14",
            "revenue": 121317
        },
        "2015-08": {
            "month": "2015-08",
            "price": "33.58",
            "revenue": 115536
        },
        "2015-09": {
            "month": "2015-09",
            "price": "34.20",
            "revenue": 104792
        },
        "2015-10": {
            "month": "2015-10",
            "price": "35.57",
            "revenue": 103024
        },
        "2015-11": {
            "month": "2015-11",
            "price": "34.24",
            "revenue": 102260
        },
        "2015-12": {
            "month": "2015-12",
            "price": "34.58",
            "revenue": 119139
        },
        "2016-01": {
            "month": "2016-01",
            "price": "33.39",
            "revenue": 112758
        },
        "2016-02": {
            "month": "2016-02",
            "price": "36.14",
            "revenue": 90919
        },
        "2016-03": {
            "month": "2016-03",
            "price": "37.55",
            "revenue": 105081
        },
        "2016-04": {
            "month": "2016-04",
            "price": "34.83",
            "revenue": 103153
        },
        "2016-05": {
            "month": "2016-05",
            "price": "31.15",
            "revenue": 99876
        },
        "2016-06": {
            "month": "2016-06",
            "price": "31.16",
            "revenue": 129198
        },
        "2016-07": {
            "month": "2016-07",
            "price": "33.15",
            "revenue": 112845
        },
        "2016-08": {
            "month": "2016-08",
            "price": "32.65",
            "revenue": 118788
        },
        "2016-09": {
            "month": "2016-09",
            "price": "32.37",
            "revenue": 123044
        },
        "2016-10": {
            "month": "2016-10",
            "price": "32.21",
            "revenue": 109708
        },
        "2016-11": {
            "month": "2016-11",
            "price": "29.79",
            "revenue": 118596
        },
        "2016-12": {
            "month": "2016-12",
            "price": "29.23",
            "revenue": 120786
        },
        "2017-01": {
            "month": "2017-01",
            "price": "29.76",
            "revenue": 122440
        },
        "2017-02": {
            "month": "2017-02",
            "price": "31.19",
            "revenue": 108780
        },
        "2017-03": {
            "month": "2017-03",
            "price": "31.52",
            "revenue": 119868
        },
        "2017-04": {
            "month": "2017-04",
            "price": "29.78",
            "revenue": 112922
        },
        "2017-05": {
            "month": "2017-05",
            "price": "28.95",
            "revenue": 118635
        },
        "2017-06": {
            "month": "2017-06",
            "price": "29.98",
            "revenue": 132528
        },
        "2017-07": {
            "month": "2017-07",
            "price": "32.15",
            "revenue": 133825
        },
        "2017-08": {
            "month": "2017-08",
            "price": "34.22",
            "revenue": 134628
        },
        "2017-09": {
            "month": "2017-09",
            "price": "35.75",
            "revenue": 135139
        },
        "2017-10": {
            "month": "2017-10",
            "price": "37.91",
            "revenue": 133684
        },
        "2017-11": {
            "month": "2017-11",
            "price": "42.32",
            "revenue": 132714
        },
        "2017-12": {
            "month": "2017-12",
            "price": "40.47",
            "revenue": 138479
        },
        "2018-01": {
            "month": "2018-01",
            "price": "40.33",
            "revenue": 142250
        },
        "2018-02": {
            "month": "2018-02",
            "price": "38.54",
            "revenue": 137731
        },
        "2018-03": {
            "month": "2018-03",
            "price": "39.13",
            "revenue": 149408
        },
        "2018-04": {
            "month": "2018-04",
            "price": "36.35",
            "revenue": 139385
        },
        "2018-05": {
            "month": "2018-05",
            "price": "33.46",
            "revenue": 144936
        },
        "2018-06": {
            "month": "2018-06",
            "price": "33.20",
            "revenue": 156696
        },
        "2018-07": {
            "month": "2018-07",
            "price": "31.97",
            "revenue": 171083
        },
        "2018-08": {
            "month": "2018-08",
            "price": "33.07",
            "revenue": 167719
        },
        "2018-09": {
            "month": "2018-09",
            "price": "34.84",
            "revenue": 146696
        },
        "2018-10": {
            "month": "2018-10",
            "price": "30.62",
            "revenue": 162510
        },
        "2018-11": {
            "month": "2018-11",
            "price": "30.77",
            "revenue": 160436
        },
        "2018-12": {
            "month": "2018-12",
            "price": "32.83",
            "revenue": 174061
        },
        "2019-01": {
            "month": "2019-01",
            "price": "33.57",
            "revenue": 166808
        },
        "2019-02": {
            "month": "2019-02",
            "price": "35.75",
            "revenue": 156512
        },
        "2019-03": {
            "month": "2019-03",
            "price": "38.21",
            "revenue": 172425
        },
        "2019-04": {
            "month": "2019-04",
            "price": "49.29",
            "revenue": 151008
        },
        "2019-05": {
            "month": "2019-05",
            "price": "43.10",
            "revenue": 166320
        },
        "2019-06": {
            "month": "2019-06",
            "price": "42.02",
            "revenue": 196352
        },
        "2019-07": {
            "month": "2019-07",
            "price": "44.72",
            "revenue": 201114
        },
        "2019-08": {
            "month": "2019-08",
            "price": "41.37",
            "revenue": 197888
        },
        "2019-09": {
            "month": "2019-09",
            "price": "41.41",
            "revenue": 181486
        },
        "2019-10": {
            "month": "2019-10",
            "price": "40.74",
            "revenue": 178524
        },
        "2019-11": {
            "month": "2019-11",
            "price": "44.40",
            "revenue": 192212
        },
        "2019-12": {
            "month": "2019-12",
            "price": "51.57",
            "revenue": 190998
        },
        "2020-01": {
            "month": "2020-01",
            "price": "51.28",
            "revenue": 156476
        },
        "2020-02": {
            "month": "2020-02",
            "price": "48.49",
            "revenue": 146771
        },
        "2020-03": {
            "month": "2020-03",
            "price": "36.85",
            "revenue": 164984
        },
        "2020-04": {
            "month": "2020-04",
            "price": "36.99",
            "revenue": 163894
        },
        "2020-05": {
            "month": "2020-05",
            "price": "43.04",
            "revenue": 158538
        },
        "2020-06": {
            "month": "2020-06",
            "price": "46.08",
            "revenue": 157279
        },
        "2020-07": {
            "month": "2020-07",
            "price": "55.10",
            "revenue": 175223
        },
        "2020-08": {
            "month": "2020-08",
            "price": "50.40",
            "revenue": 176032
        },
        "2020-09": {
            "month": "2020-09",
            "price": "49.18",
            "revenue": 206494
        },
        "2020-10": {
            "month": "2020-10",
            "price": "49.81",
            "revenue": 189344
        },
        "2020-11": {
            "month": "2020-11",
            "price": "52.68",
            "revenue": 188771
        },
        "2020-12": {
            "month": "2020-12",
            "price": "51.56",
            "revenue": 180348
        },
        "2021-01": {
            "month": "2021-01",
            "price": "50.64",
            "revenue": 181354
        },
        "2021-02": {
            "month": "2021-02",
            "price": "50.52",
            "revenue": 171654
        },
        "2021-03": {
            "month": "2021-03",
            "price": "51.70",
            "revenue": 177974
        },
        "2021-04": {
            "month": "2021-04",
            "price": "58.16",
            "revenue": 172872
        },
        "2021-05": {
            "month": "2021-05",
            "price": "51.08",
            "revenue": 174807
        },
        "2021-06": {
            "month": "2021-06",
            "price": "52.92",
            "revenue": 171655
        },
        "2021-07": {
            "month": "2021-07",
            "price": "57.18",
            "revenue": 175052
        },
        "2021-08": {
            "month": "2021-08",
            "price": "61.80",
            "revenue": 182395
        },
        "2021-09": {
            "month": "2021-09",
            "price": "63.38",
            "revenue": 175406
        },
        "2021-10": {
            "month": "2021-10",
            "price": "68.12",
            "revenue": 177051
        },
        "2021-11": {
            "month": "2021-11",
            "price": "70.60",
            "revenue": 184893
        },
        "2021-12": {
            "month": "2021-12",
            "price": "70.87",
            "revenue": 191781
        },
        "2022-01": {
            "month": "2022-01",
            "price": "72.04",
            "revenue": 194426
        },
        "2022-02": {
            "month": "2022-02",
            "price": "72.17",
            "revenue": 188669
        },
        "2022-03": {
            "month": "2022-03",
            "price": "71.06",
            "revenue": 192612
        },
        "2022-04": {
            "month": "2022-04",
            "price": "65.29",
            "revenue": 201463
        },
        "2022-05": {
            "month": "2022-05",
            "price": "64.15",
            "revenue": 195415
        },
        "2022-06": {
            "month": "2022-06",
            "price": "64.73",
            "revenue": 199926
        },
        "2022-07": {
            "month": "2022-07",
            "price": "55.92",
            "revenue": 209741
        },
        "2022-08": {
            "month": "2022-08",
            "price": "57.76",
            "revenue": 210876
        },
        "2022-09": {
            "month": "2022-09",
            "price": "56.30",
            "revenue": 191048
        },
        "2022-10": {
            "month": "2022-10",
            "price": "51.80",
            "revenue": 201033
        },
        "2022-11": {
            "month": "2022-11",
            "price": "55.98",
            "revenue": 204448
        },
        "2022-12": {
            "month": "2022-12",
            "price": "58.31",
            "revenue": 203107
        },
        "2023-01": {
            "month": "2023-01",
            "price": "58.02",
            "revenue": 185645
        },
        "2023-02": {
            "month": "2023-02",
            "price": "59.71",
            "revenue": 193245
        },
        "2023-03": {
            "month": "2023-03",
            "price": "61.57",
            "revenue": 195617
        },
        "2023-04": {
            "month": "2023-04",
            "price": "60.74",
            "revenue": 197739
        },
        "2023-05": {
            "month": "2023-05",
            "price": "61.78",
            "revenue": 187734
        },
        "2023-06": {
            "month": "2023-06",
            "price": "67.60",
            "revenue": 194093
        },
        "2023-07": {
            "month": "2023-07",
            "price": "70.79",
            "revenue": 181666
        },
        "2023-08": {
            "month": "2023-08",
            "price": "70.75",
            "revenue": 187228
        },
        "2023-09": {
            "month": "2023-09",
            "price": "74.16",
            "revenue": 183374
        },
        "2023-10": {
            "month": "2023-10",
            "price": "73.30",
            "revenue": 183028
        },
        "2023-11": {
            "month": "2023-11",
            "price": "74.64",
            "revenue": 197686
        },
        "2023-12": {
            "month": "2023-12",
            "price": "81.05",
            "revenue": 201506
        }
    }
}
