{
    "summary": {
        "stock_name": "同致",
        "stock_id": "3552",
        "category": "其他電子",
        "main_business": "汽車電子零配件之製造買賣。",
        "website_url": "http://www.tungthih.com.tw",
        "ceo": "陳信忠",
        "pe_ratio": 26,
        "report_year_from": 2006,
        "report_year_to": 2023,
        "age": 17,
        "eps_negative_percentage": 12,
        "eps_growth_avg": {
            "last_all": 11.65,
            "last_2y": 49.83,
            "last_4y": -0.12,
            "last_8y": 8.27,
            "last_12y": 6.73,
            "last_16y": null,
            "last_20y": null,
            "at_2006_last_3y": null,
            "at_2007_last_3y": null,
            "at_2008_last_3y": null,
            "at_2009_last_3y": null,
            "at_2010_last_3y": null,
            "at_2011_last_3y": 17.04,
            "at_2012_last_3y": 22.13,
            "at_2013_last_3y": 4.03,
            "at_2014_last_3y": -0.39,
            "at_2015_last_3y": 24.19,
            "at_2016_last_3y": 37.22,
            "at_2017_last_3y": 14.57,
            "at_2018_last_3y": -12.45,
            "at_2019_last_3y": -37.71,
            "at_2020_last_3y": -82.28,
            "at_2021_last_3y": -16.41,
            "at_2022_last_3y": 49.83,
            "at_2023_last_3y": 49.83,
            "at_2006_last_all": null,
            "at_2007_last_all": null,
            "at_2008_last_all": null,
            "at_2009_last_all": 38.69,
            "at_2010_last_all": 34.39,
            "at_2011_last_all": 17.04,
            "at_2012_last_all": 13.49,
            "at_2013_last_all": 15.58,
            "at_2014_last_all": 14.51,
            "at_2015_last_all": 20.61,
            "at_2016_last_all": 24.04,
            "at_2017_last_all": 15.18,
            "at_2018_last_all": 4.71,
            "at_2019_last_all": 4.71,
            "at_2020_last_all": 4.71,
            "at_2021_last_all": 9.91,
            "at_2022_last_all": 11.65,
            "at_2023_last_all": 11.65
        },
        "latest_eps": 5.55,
        "latest_price": 146.5,
        "latest_roe": 11.1,
        "latest_gross_margin": 23.24,
        "latest_equity": 4395463,
        "latest_revenue": 1936785,
        "latest_gross_profit": 450052,
        "latest_net_income": 70334,
        "latest_debt_ratio": 55.2,
        "latest_current_ratio": 178.15,
        "latest_account_receivable_turnover_ratio": 0.42,
        "latest_inventory_turnover_ratio": 0.91,
        "latest_reinvestment_rate": -23.24,
        "latest_research_to_sale_ratio": 11.65
    },
    "eps_dividends": {
        "2001": {
            "cash": 0,
            "stock": 0,
            "eps": 0
        },
        "2002": {
            "cash": 0,
            "stock": 0,
            "eps": 0
        },
        "2003": {
            "cash": 0,
            "stock": 0,
            "eps": 0
        },
        "2004": {
            "cash": 0,
            "stock": 0,
            "eps": 0
        },
        "2005": {
            "cash": 0,
            "stock": 0,
            "eps": 0
        },
        "2006": {
            "cash": 0,
            "stock": 0,
            "eps": 0
        },
        "2007": {
            "cash": 0,
            "stock": 2,
            "eps": 3.32
        },
        "2008": {
            "cash": 0,
            "stock": 1,
            "eps": 2.62
        },
        "2009": {
            "cash": 0,
            "stock": 1,
            "eps": 5.2
        },
        "2010": {
            "cash": 1,
            "stock": 2,
            "eps": 6.54
        },
        "2011": {
            "cash": 2,
            "stock": 2,
            "eps": 4.25
        },
        "2012": {
            "cash": 2,
            "stock": 0,
            "eps": 4.22
        },
        "2013": {
            "cash": 2,
            "stock": 1,
            "eps": 5.32
        },
        "2014": {
            "cash": 3,
            "stock": 0,
            "eps": 5.75
        },
        "2015": {
            "cash": 3,
            "stock": 0,
            "eps": 9.39
        },
        "2016": {
            "cash": 5,
            "stock": 0,
            "eps": 14.22
        },
        "2017": {
            "cash": 8,
            "stock": 0,
            "eps": 5.04
        },
        "2018": {
            "cash": 2,
            "stock": 0,
            "eps": -3.05
        },
        "2019": {
            "cash": 0,
            "stock": 0,
            "eps": -2.23
        },
        "2020": {
            "cash": 0,
            "stock": 0,
            "eps": 3.26
        },
        "2021": {
            "cash": 2,
            "stock": 0,
            "eps": 5.45
        },
        "2022": {
            "cash": 3,
            "stock": 0,
            "eps": 7.22
        },
        "2023": {
            "cash": 4,
            "stock": 0,
            "eps": 0.82
        }
    },
    "dividends": {
        "2007-05-04": {
            "cash": 0,
            "stock": 1.98
        },
        "2008-03-21": {
            "cash": 0,
            "stock": 1
        },
        "2009-04-27": {
            "cash": 0.1,
            "stock": 0.9
        },
        "2010-04-13": {
            "cash": 0.6,
            "stock": 1.8
        },
        "2011-04-26": {
            "cash": 1.76,
            "stock": 1.86
        },
        "2012-05-15": {
            "cash": 2.24,
            "stock": 0
        },
        "2013-06-28": {
            "cash": 1.65,
            "stock": 0.8
        },
        "2014-10-03": {
            "cash": 3,
            "stock": 0
        },
        "2015-09-25": {
            "cash": 3.4,
            "stock": 0
        },
        "2016-05-05": {
            "cash": 5.25,
            "stock": 0
        },
        "2017-05-05": {
            "cash": 7.5,
            "stock": 0
        },
        "2018-05-10": {
            "cash": 2,
            "stock": 0
        },
        "2021-10-13": {
            "cash": 1.5,
            "stock": 0
        },
        "2022-09-08": {
            "cash": 2.5,
            "stock": 0
        },
        "2023-03-14": {
            "cash": 3.5,
            "stock": 0
        }
    },
    "prices": {
        "200101": "無",
        "200102": "無",
        "200103": "無",
        "200104": "無",
        "200105": "無",
        "200106": "無",
        "200107": "無",
        "200108": "無",
        "200109": "無",
        "200110": "無",
        "200111": "無",
        "200112": "無",
        "200201": "無",
        "200202": "無",
        "200203": "無",
        "200204": "無",
        "200205": "無",
        "200206": "無",
        "200207": "無",
        "200208": "無",
        "200209": "無",
        "200210": "無",
        "200211": "無",
        "200212": "無",
        "200301": "無",
        "200302": "無",
        "200303": "無",
        "200304": "無",
        "200305": "無",
        "200306": "無",
        "200307": "無",
        "200308": "無",
        "200309": "無",
        "200310": "無",
        "200311": "無",
        "200312": "無",
        "200401": "無",
        "200402": "無",
        "200403": "無",
        "200404": "無",
        "200405": "無",
        "200406": "無",
        "200407": "無",
        "200408": "無",
        "200409": "無",
        "200410": "無",
        "200411": "無",
        "200412": "無",
        "200501": "無",
        "200502": "無",
        "200503": "無",
        "200504": "無",
        "200505": "無",
        "200506": "無",
        "200507": "無",
        "200508": "無",
        "200509": "無",
        "200510": "無",
        "200511": "無",
        "200512": "無",
        "200601": "無",
        "200602": "無",
        "200603": "無",
        "200604": "無",
        "200605": "無",
        "200606": "無",
        "200607": "無",
        "200608": "無",
        "200609": "無",
        "200610": "無",
        "200611": "無",
        "200612": "無",
        "200701": "無",
        "200702": "無",
        "200703": "無",
        "200704": "無",
        "200705": "無",
        "200706": "115.49",
        "200707": "121.25",
        "200708": "117.75",
        "200709": "109.71",
        "200710": "97.92",
        "200711": "101.24",
        "200712": "97.57",
        "200801": "85.89",
        "200802": "79.29",
        "200803": "89.26",
        "200804": "87.23",
        "200805": "91.01",
        "200806": "88.79",
        "200807": "81.32",
        "200808": "72.32",
        "200809": "67.84",
        "200810": "54.90",
        "200811": "35.83",
        "200812": "29.42",
        "200901": "24.01",
        "200902": "23.96",
        "200903": "30.90",
        "200904": "44.40",
        "200905": "53.60",
        "200906": "55.63",
        "200907": "79.58",
        "200908": "89.44",
        "200909": "96.35",
        "200910": "95.81",
        "200911": "109.22",
        "200912": "123.65",
        "201001": "114.75",
        "201002": "111.57",
        "201003": "127.76",
        "201004": "145.98",
        "201005": "137.95",
        "201006": "135.81",
        "201007": "128.64",
        "201008": "128.55",
        "201009": "125.79",
        "201010": "142.00",
        "201011": "136.34",
        "201012": "136.07",
        "201101": "127.60",
        "201102": "114.32",
        "201103": "112.41",
        "201104": "110.11",
        "201105": "100.94",
        "201106": "86.61",
        "201107": "83.49",
        "201108": "64.56",
        "201109": "57.45",
        "201110": "54.15",
        "201111": "50.27",
        "201112": "45.35",
        "201201": "50.12",
        "201202": "69.40",
        "201203": "71.14",
        "201204": "69.26",
        "201205": "69.75",
        "201206": "59.99",
        "201207": "62.27",
        "201208": "64.37",
        "201209": "71.42",
        "201210": "69.05",
        "201211": "66.15",
        "201212": "64.04",
        "201301": "68.07",
        "201302": "67.22",
        "201303": "72.30",
        "201304": "66.88",
        "201305": "66.11",
        "201306": "64.18",
        "201307": "64.97",
        "201308": "70.62",
        "201309": "79.33",
        "201310": "85.41",
        "201311": "85.39",
        "201312": "91.47",
        "201401": "90.38",
        "201402": "96.05",
        "201403": "102.26",
        "201404": "124.83",
        "201405": "123.57",
        "201406": "122.50",
        "201407": "110.48",
        "201408": "94.10",
        "201409": "95.98",
        "201410": "97.36",
        "201411": "98.64",
        "201412": "114.25",
        "201501": "116.10",
        "201502": "116.42",
        "201503": "127.00",
        "201504": "132.40",
        "201505": "151.00",
        "201506": "177.57",
        "201507": "168.25",
        "201508": "174.29",
        "201509": "199.62",
        "201510": "236.64",
        "201511": "275.90",
        "201512": "300.50",
        "201601": "344.26",
        "201602": "403.50",
        "201603": "475.04",
        "201604": "540.34",
        "201605": "416.10",
        "201606": "451.60",
        "201607": "450.15",
        "201608": "471.46",
        "201609": "464.68",
        "201610": "454.92",
        "201611": "330.05",
        "201612": "285.41",
        "201701": "295.75",
        "201702": "332.81",
        "201703": "275.11",
        "201704": "216.14",
        "201705": "187.75",
        "201706": "188.35",
        "201707": "187.05",
        "201708": "189.78",
        "201709": "196.18",
        "201710": "214.45",
        "201711": "162.41",
        "201712": "164.05",
        "201801": "164.64",
        "201802": "145.58",
        "201803": "139.63",
        "201804": "124.14",
        "201805": "102.47",
        "201806": "105.78",
        "201807": "105.69",
        "201808": "102.48",
        "201809": "82.27",
        "201810": "68.06",
        "201811": "60.82",
        "201812": "64.06",
        "201901": "60.74",
        "201902": "65.39",
        "201903": "62.62",
        "201904": "75.00",
        "201905": "65.03",
        "201906": "60.65",
        "201907": "70.29",
        "201908": "65.83",
        "201909": "69.79",
        "201910": "72.07",
        "201911": "70.99",
        "201912": "70.54",
        "202001": "69.20",
        "202002": "60.05",
        "202003": "40.32",
        "202004": "43.20",
        "202005": "55.65",
        "202006": "56.00",
        "202007": "67.07",
        "202008": "96.15",
        "202009": "92.42",
        "202010": "116.37",
        "202011": "147.71",
        "202012": "177.28",
        "202101": "268.40",
        "202102": "330.50",
        "202103": "291.93",
        "202104": "252.13",
        "202105": "182.50",
        "202106": "225.33",
        "202107": "251.57",
        "202108": "206.75",
        "202109": "186.22",
        "202110": "175.65",
        "202111": "196.14",
        "202112": "174.95",
        "202201": "157.47",
        "202202": "149.60",
        "202203": "134.63",
        "202204": "161.34",
        "202205": "162.55",
        "202206": "166.36",
        "202207": "148.21",
        "202208": "159.50",
        "202209": "181.52",
        "202210": "145.35",
        "202211": "147.55",
        "202212": "147.86",
        "202301": "141.27",
        "202302": "153.86",
        "202303": "158.17",
        "202304": "149.18",
        "202305": "144.79"
    },
    "quarters": {
        "20011": {
            "year_quarter": 20011,
            "year": 2001,
            "quarter": 1,
            "eps": null,
            "eps_growth_year": null,
            "eps_4q": null,
            "eps_4q_growth_year": null,
            "roe": null,
            "roe_4q": 0,
            "gross_profit": null,
            "gross_margin": null,
            "gross_margin_4q_avg": 0,
            "net_income": null,
            "revenue": null,
            "common_shares": null,
            "book_valuer_per_share": null,
            "book_valuer_per_share_4q_avg": 0,
            "equity": null,
            "current_ratio": null,
            "debt_ratio": null,
            "inventory_turnover_ratio": null,
            "account_receivable_turnover_ratio": null,
            "reinvestment_rate": null,
            "research_to_sale_ratio": null,
            "price_fair": 0,
            "eps_avg_yearly": 0,
            "eps_latest_yearly": 0,
            "eps_growth_yearly": 0
        },
        "20012": {
            "year_quarter": 20012,
            "year": 2001,
            "quarter": 2,
            "eps": null,
            "eps_growth_year": null,
            "eps_4q": null,
            "eps_4q_growth_year": null,
            "roe": null,
            "roe_4q": 0,
            "gross_profit": null,
            "gross_margin": null,
            "gross_margin_4q_avg": 0,
            "net_income": null,
            "revenue": null,
            "common_shares": null,
            "book_valuer_per_share": null,
            "book_valuer_per_share_4q_avg": 0,
            "equity": null,
            "current_ratio": null,
            "debt_ratio": null,
            "inventory_turnover_ratio": null,
            "account_receivable_turnover_ratio": null,
            "reinvestment_rate": null,
            "research_to_sale_ratio": null,
            "price_fair": 0,
            "eps_avg_yearly": 0,
            "eps_latest_yearly": 0,
            "eps_growth_yearly": 0
        },
        "20013": {
            "year_quarter": 20013,
            "year": 2001,
            "quarter": 3,
            "eps": null,
            "eps_growth_year": null,
            "eps_4q": null,
            "eps_4q_growth_year": null,
            "roe": null,
            "roe_4q": 0,
            "gross_profit": null,
            "gross_margin": null,
            "gross_margin_4q_avg": 0,
            "net_income": null,
            "revenue": null,
            "common_shares": null,
            "book_valuer_per_share": null,
            "book_valuer_per_share_4q_avg": 0,
            "equity": null,
            "current_ratio": null,
            "debt_ratio": null,
            "inventory_turnover_ratio": null,
            "account_receivable_turnover_ratio": null,
            "reinvestment_rate": null,
            "research_to_sale_ratio": null,
            "price_fair": 0,
            "eps_avg_yearly": 0,
            "eps_latest_yearly": 0,
            "eps_growth_yearly": 0
        },
        "20014": {
            "year_quarter": 20014,
            "year": 2001,
            "quarter": 4,
            "eps": null,
            "eps_growth_year": null,
            "eps_4q": null,
            "eps_4q_growth_year": null,
            "roe": null,
            "roe_4q": 0,
            "gross_profit": null,
            "gross_margin": null,
            "gross_margin_4q_avg": 0,
            "net_income": null,
            "revenue": null,
            "common_shares": 60000,
            "book_valuer_per_share": 10.95,
            "book_valuer_per_share_4q_avg": 2.74,
            "equity": 65693,
            "current_ratio": 96.75,
            "debt_ratio": 76.52,
            "inventory_turnover_ratio": null,
            "account_receivable_turnover_ratio": null,
            "reinvestment_rate": null,
            "research_to_sale_ratio": null,
            "price_fair": 0,
            "eps_avg_yearly": 0,
            "eps_latest_yearly": 0,
            "eps_growth_yearly": 0
        },
        "20021": {
            "year_quarter": 20021,
            "year": 2002,
            "quarter": 1,
            "eps": null,
            "eps_growth_year": null,
            "eps_4q": null,
            "eps_4q_growth_year": null,
            "roe": null,
            "roe_4q": 0,
            "gross_profit": null,
            "gross_margin": null,
            "gross_margin_4q_avg": 0,
            "net_income": null,
            "revenue": null,
            "common_shares": null,
            "book_valuer_per_share": null,
            "book_valuer_per_share_4q_avg": 2.74,
            "equity": null,
            "current_ratio": null,
            "debt_ratio": null,
            "inventory_turnover_ratio": null,
            "account_receivable_turnover_ratio": null,
            "reinvestment_rate": null,
            "research_to_sale_ratio": null,
            "price_fair": 0,
            "eps_avg_yearly": 0,
            "eps_latest_yearly": 0,
            "eps_growth_yearly": 0
        },
        "20022": {
            "year_quarter": 20022,
            "year": 2002,
            "quarter": 2,
            "eps": null,
            "eps_growth_year": null,
            "eps_4q": null,
            "eps_4q_growth_year": null,
            "roe": null,
            "roe_4q": 0,
            "gross_profit": null,
            "gross_margin": null,
            "gross_margin_4q_avg": 0,
            "net_income": null,
            "revenue": null,
            "common_shares": null,
            "book_valuer_per_share": null,
            "book_valuer_per_share_4q_avg": 2.74,
            "equity": null,
            "current_ratio": null,
            "debt_ratio": null,
            "inventory_turnover_ratio": null,
            "account_receivable_turnover_ratio": null,
            "reinvestment_rate": null,
            "research_to_sale_ratio": null,
            "price_fair": 0,
            "eps_avg_yearly": 0,
            "eps_latest_yearly": 0,
            "eps_growth_yearly": 0
        },
        "20023": {
            "year_quarter": 20023,
            "year": 2002,
            "quarter": 3,
            "eps": null,
            "eps_growth_year": null,
            "eps_4q": null,
            "eps_4q_growth_year": null,
            "roe": null,
            "roe_4q": 0,
            "gross_profit": null,
            "gross_margin": null,
            "gross_margin_4q_avg": 0,
            "net_income": null,
            "revenue": null,
            "common_shares": null,
            "book_valuer_per_share": null,
            "book_valuer_per_share_4q_avg": 2.74,
            "equity": null,
            "current_ratio": null,
            "debt_ratio": null,
            "inventory_turnover_ratio": null,
            "account_receivable_turnover_ratio": null,
            "reinvestment_rate": null,
            "research_to_sale_ratio": null,
            "price_fair": 0,
            "eps_avg_yearly": 0,
            "eps_latest_yearly": 0,
            "eps_growth_yearly": 0
        },
        "20024": {
            "year_quarter": 20024,
            "year": 2002,
            "quarter": 4,
            "eps": null,
            "eps_growth_year": null,
            "eps_4q": null,
            "eps_4q_growth_year": null,
            "roe": null,
            "roe_4q": 0,
            "gross_profit": null,
            "gross_margin": null,
            "gross_margin_4q_avg": 0,
            "net_income": null,
            "revenue": null,
            "common_shares": 60000,
            "book_valuer_per_share": 10.57,
            "book_valuer_per_share_4q_avg": 2.64,
            "equity": 63448,
            "current_ratio": 107.9,
            "debt_ratio": 76.59,
            "inventory_turnover_ratio": null,
            "account_receivable_turnover_ratio": null,
            "reinvestment_rate": null,
            "research_to_sale_ratio": null,
            "price_fair": 0,
            "eps_avg_yearly": 0,
            "eps_latest_yearly": 0,
            "eps_growth_yearly": 0
        },
        "20031": {
            "year_quarter": 20031,
            "year": 2003,
            "quarter": 1,
            "eps": null,
            "eps_growth_year": null,
            "eps_4q": null,
            "eps_4q_growth_year": null,
            "roe": null,
            "roe_4q": 0,
            "gross_profit": null,
            "gross_margin": null,
            "gross_margin_4q_avg": 0,
            "net_income": null,
            "revenue": null,
            "common_shares": null,
            "book_valuer_per_share": null,
            "book_valuer_per_share_4q_avg": 2.64,
            "equity": null,
            "current_ratio": null,
            "debt_ratio": null,
            "inventory_turnover_ratio": null,
            "account_receivable_turnover_ratio": null,
            "reinvestment_rate": null,
            "research_to_sale_ratio": null,
            "price_fair": 0,
            "eps_avg_yearly": 0,
            "eps_latest_yearly": 0,
            "eps_growth_yearly": 0
        },
        "20032": {
            "year_quarter": 20032,
            "year": 2003,
            "quarter": 2,
            "eps": null,
            "eps_growth_year": null,
            "eps_4q": null,
            "eps_4q_growth_year": null,
            "roe": null,
            "roe_4q": 0,
            "gross_profit": null,
            "gross_margin": null,
            "gross_margin_4q_avg": 0,
            "net_income": null,
            "revenue": null,
            "common_shares": null,
            "book_valuer_per_share": null,
            "book_valuer_per_share_4q_avg": 2.64,
            "equity": null,
            "current_ratio": null,
            "debt_ratio": null,
            "inventory_turnover_ratio": null,
            "account_receivable_turnover_ratio": null,
            "reinvestment_rate": null,
            "research_to_sale_ratio": null,
            "price_fair": 0,
            "eps_avg_yearly": 0,
            "eps_latest_yearly": 0,
            "eps_growth_yearly": 0
        },
        "20033": {
            "year_quarter": 20033,
            "year": 2003,
            "quarter": 3,
            "eps": null,
            "eps_growth_year": null,
            "eps_4q": null,
            "eps_4q_growth_year": null,
            "roe": null,
            "roe_4q": 0,
            "gross_profit": null,
            "gross_margin": null,
            "gross_margin_4q_avg": 0,
            "net_income": null,
            "revenue": null,
            "common_shares": null,
            "book_valuer_per_share": null,
            "book_valuer_per_share_4q_avg": 2.64,
            "equity": null,
            "current_ratio": null,
            "debt_ratio": null,
            "inventory_turnover_ratio": null,
            "account_receivable_turnover_ratio": null,
            "reinvestment_rate": null,
            "research_to_sale_ratio": null,
            "price_fair": 0,
            "eps_avg_yearly": 0,
            "eps_latest_yearly": 0,
            "eps_growth_yearly": 0
        },
        "20034": {
            "year_quarter": 20034,
            "year": 2003,
            "quarter": 4,
            "eps": null,
            "eps_growth_year": null,
            "eps_4q": null,
            "eps_4q_growth_year": null,
            "roe": null,
            "roe_4q": 0,
            "gross_profit": null,
            "gross_margin": null,
            "gross_margin_4q_avg": 0,
            "net_income": null,
            "revenue": null,
            "common_shares": 100000,
            "book_valuer_per_share": 10.31,
            "book_valuer_per_share_4q_avg": 2.58,
            "equity": 103058,
            "current_ratio": 132.41,
            "debt_ratio": 62.62,
            "inventory_turnover_ratio": null,
            "account_receivable_turnover_ratio": null,
            "reinvestment_rate": null,
            "research_to_sale_ratio": null,
            "price_fair": 0,
            "eps_avg_yearly": 0,
            "eps_latest_yearly": 0,
            "eps_growth_yearly": 0
        },
        "20041": {
            "year_quarter": 20041,
            "year": 2004,
            "quarter": 1,
            "eps": null,
            "eps_growth_year": null,
            "eps_4q": null,
            "eps_4q_growth_year": null,
            "roe": null,
            "roe_4q": 0,
            "gross_profit": null,
            "gross_margin": null,
            "gross_margin_4q_avg": 0,
            "net_income": null,
            "revenue": null,
            "common_shares": null,
            "book_valuer_per_share": null,
            "book_valuer_per_share_4q_avg": 2.58,
            "equity": null,
            "current_ratio": null,
            "debt_ratio": null,
            "inventory_turnover_ratio": null,
            "account_receivable_turnover_ratio": null,
            "reinvestment_rate": null,
            "research_to_sale_ratio": null,
            "price_fair": 0,
            "eps_avg_yearly": 0,
            "eps_latest_yearly": 0,
            "eps_growth_yearly": 0
        },
        "20042": {
            "year_quarter": 20042,
            "year": 2004,
            "quarter": 2,
            "eps": null,
            "eps_growth_year": null,
            "eps_4q": null,
            "eps_4q_growth_year": null,
            "roe": null,
            "roe_4q": 0,
            "gross_profit": null,
            "gross_margin": null,
            "gross_margin_4q_avg": 0,
            "net_income": null,
            "revenue": null,
            "common_shares": null,
            "book_valuer_per_share": null,
            "book_valuer_per_share_4q_avg": 2.58,
            "equity": null,
            "current_ratio": null,
            "debt_ratio": null,
            "inventory_turnover_ratio": null,
            "account_receivable_turnover_ratio": null,
            "reinvestment_rate": null,
            "research_to_sale_ratio": null,
            "price_fair": 0,
            "eps_avg_yearly": 0,
            "eps_latest_yearly": 0,
            "eps_growth_yearly": 0
        },
        "20043": {
            "year_quarter": 20043,
            "year": 2004,
            "quarter": 3,
            "eps": null,
            "eps_growth_year": null,
            "eps_4q": null,
            "eps_4q_growth_year": null,
            "roe": null,
            "roe_4q": 0,
            "gross_profit": null,
            "gross_margin": null,
            "gross_margin_4q_avg": 0,
            "net_income": null,
            "revenue": null,
            "common_shares": null,
            "book_valuer_per_share": null,
            "book_valuer_per_share_4q_avg": 2.58,
            "equity": null,
            "current_ratio": null,
            "debt_ratio": null,
            "inventory_turnover_ratio": null,
            "account_receivable_turnover_ratio": null,
            "reinvestment_rate": null,
            "research_to_sale_ratio": null,
            "price_fair": 0,
            "eps_avg_yearly": 0,
            "eps_latest_yearly": 0,
            "eps_growth_yearly": 0
        },
        "20044": {
            "year_quarter": 20044,
            "year": 2004,
            "quarter": 4,
            "eps": null,
            "eps_growth_year": null,
            "eps_4q": null,
            "eps_4q_growth_year": null,
            "roe": null,
            "roe_4q": 0,
            "gross_profit": null,
            "gross_margin": null,
            "gross_margin_4q_avg": 0,
            "net_income": null,
            "revenue": null,
            "common_shares": 180000,
            "book_valuer_per_share": 10.28,
            "book_valuer_per_share_4q_avg": 2.57,
            "equity": 185002,
            "current_ratio": 191.34,
            "debt_ratio": 43.27,
            "inventory_turnover_ratio": null,
            "account_receivable_turnover_ratio": null,
            "reinvestment_rate": null,
            "research_to_sale_ratio": null,
            "price_fair": 0,
            "eps_avg_yearly": 0,
            "eps_latest_yearly": 0,
            "eps_growth_yearly": 0
        },
        "20051": {
            "year_quarter": 20051,
            "year": 2005,
            "quarter": 1,
            "eps": null,
            "eps_growth_year": null,
            "eps_4q": null,
            "eps_4q_growth_year": null,
            "roe": null,
            "roe_4q": 0,
            "gross_profit": null,
            "gross_margin": null,
            "gross_margin_4q_avg": 0,
            "net_income": null,
            "revenue": null,
            "common_shares": null,
            "book_valuer_per_share": null,
            "book_valuer_per_share_4q_avg": 2.57,
            "equity": null,
            "current_ratio": null,
            "debt_ratio": null,
            "inventory_turnover_ratio": null,
            "account_receivable_turnover_ratio": null,
            "reinvestment_rate": null,
            "research_to_sale_ratio": null,
            "price_fair": 0,
            "eps_avg_yearly": 0,
            "eps_latest_yearly": 0,
            "eps_growth_yearly": 0
        },
        "20052": {
            "year_quarter": 20052,
            "year": 2005,
            "quarter": 2,
            "eps": null,
            "eps_growth_year": null,
            "eps_4q": null,
            "eps_4q_growth_year": null,
            "roe": null,
            "roe_4q": 0,
            "gross_profit": null,
            "gross_margin": null,
            "gross_margin_4q_avg": 0,
            "net_income": null,
            "revenue": null,
            "common_shares": null,
            "book_valuer_per_share": null,
            "book_valuer_per_share_4q_avg": 2.57,
            "equity": null,
            "current_ratio": null,
            "debt_ratio": null,
            "inventory_turnover_ratio": null,
            "account_receivable_turnover_ratio": null,
            "reinvestment_rate": null,
            "research_to_sale_ratio": null,
            "price_fair": 0,
            "eps_avg_yearly": 0,
            "eps_latest_yearly": 0,
            "eps_growth_yearly": 0
        },
        "20053": {
            "year_quarter": 20053,
            "year": 2005,
            "quarter": 3,
            "eps": null,
            "eps_growth_year": null,
            "eps_4q": null,
            "eps_4q_growth_year": null,
            "roe": null,
            "roe_4q": 0,
            "gross_profit": null,
            "gross_margin": null,
            "gross_margin_4q_avg": 0,
            "net_income": null,
            "revenue": null,
            "common_shares": null,
            "book_valuer_per_share": null,
            "book_valuer_per_share_4q_avg": 2.57,
            "equity": null,
            "current_ratio": null,
            "debt_ratio": null,
            "inventory_turnover_ratio": null,
            "account_receivable_turnover_ratio": null,
            "reinvestment_rate": null,
            "research_to_sale_ratio": null,
            "price_fair": 0,
            "eps_avg_yearly": 0,
            "eps_latest_yearly": 0,
            "eps_growth_yearly": 0
        },
        "20054": {
            "year_quarter": 20054,
            "year": 2005,
            "quarter": 4,
            "eps": null,
            "eps_growth_year": null,
            "eps_4q": null,
            "eps_4q_growth_year": null,
            "roe": null,
            "roe_4q": 0,
            "gross_profit": null,
            "gross_margin": null,
            "gross_margin_4q_avg": 0,
            "net_income": null,
            "revenue": null,
            "common_shares": 200000,
            "book_valuer_per_share": 12.88,
            "book_valuer_per_share_4q_avg": 3.22,
            "equity": 257581,
            "current_ratio": 125.34,
            "debt_ratio": 71.31,
            "inventory_turnover_ratio": null,
            "account_receivable_turnover_ratio": null,
            "reinvestment_rate": null,
            "research_to_sale_ratio": null,
            "price_fair": 0,
            "eps_avg_yearly": 0,
            "eps_latest_yearly": 0,
            "eps_growth_yearly": 0
        },
        "20061": {
            "year_quarter": 20061,
            "year": 2006,
            "quarter": 1,
            "eps": null,
            "eps_growth_year": null,
            "eps_4q": null,
            "eps_4q_growth_year": null,
            "roe": null,
            "roe_4q": 0,
            "gross_profit": null,
            "gross_margin": null,
            "gross_margin_4q_avg": 0,
            "net_income": null,
            "revenue": null,
            "common_shares": null,
            "book_valuer_per_share": null,
            "book_valuer_per_share_4q_avg": 3.22,
            "equity": null,
            "current_ratio": null,
            "debt_ratio": null,
            "inventory_turnover_ratio": null,
            "account_receivable_turnover_ratio": null,
            "reinvestment_rate": null,
            "research_to_sale_ratio": null,
            "price_fair": 0,
            "eps_avg_yearly": 0,
            "eps_latest_yearly": 0,
            "eps_growth_yearly": 0
        },
        "20062": {
            "year_quarter": 20062,
            "year": 2006,
            "quarter": 2,
            "eps": null,
            "eps_growth_year": null,
            "eps_4q": null,
            "eps_4q_growth_year": null,
            "roe": null,
            "roe_4q": 0,
            "gross_profit": null,
            "gross_margin": null,
            "gross_margin_4q_avg": 0,
            "net_income": null,
            "revenue": null,
            "common_shares": null,
            "book_valuer_per_share": null,
            "book_valuer_per_share_4q_avg": 3.22,
            "equity": null,
            "current_ratio": null,
            "debt_ratio": null,
            "inventory_turnover_ratio": null,
            "account_receivable_turnover_ratio": null,
            "reinvestment_rate": null,
            "research_to_sale_ratio": null,
            "price_fair": 0,
            "eps_avg_yearly": 0,
            "eps_latest_yearly": 0,
            "eps_growth_yearly": 0
        },
        "20063": {
            "year_quarter": 20063,
            "year": 2006,
            "quarter": 3,
            "eps": null,
            "eps_growth_year": null,
            "eps_4q": null,
            "eps_4q_growth_year": null,
            "roe": null,
            "roe_4q": 0,
            "gross_profit": null,
            "gross_margin": null,
            "gross_margin_4q_avg": 0,
            "net_income": null,
            "revenue": null,
            "common_shares": null,
            "book_valuer_per_share": null,
            "book_valuer_per_share_4q_avg": 3.22,
            "equity": null,
            "current_ratio": null,
            "debt_ratio": null,
            "inventory_turnover_ratio": null,
            "account_receivable_turnover_ratio": null,
            "reinvestment_rate": null,
            "research_to_sale_ratio": null,
            "price_fair": 0,
            "eps_avg_yearly": 0,
            "eps_latest_yearly": 0,
            "eps_growth_yearly": 0
        },
        "20064": {
            "year_quarter": 20064,
            "year": 2006,
            "quarter": 4,
            "eps": null,
            "eps_growth_year": null,
            "eps_4q": null,
            "eps_4q_growth_year": null,
            "roe": null,
            "roe_4q": 0,
            "gross_profit": null,
            "gross_margin": null,
            "gross_margin_4q_avg": 0,
            "net_income": null,
            "revenue": null,
            "common_shares": 280000,
            "book_valuer_per_share": 16.04,
            "book_valuer_per_share_4q_avg": 4.01,
            "equity": 449108,
            "current_ratio": 108.53,
            "debt_ratio": 58.71,
            "inventory_turnover_ratio": null,
            "account_receivable_turnover_ratio": null,
            "reinvestment_rate": null,
            "research_to_sale_ratio": null,
            "price_fair": 0,
            "eps_avg_yearly": 0,
            "eps_latest_yearly": 0,
            "eps_growth_yearly": 0
        },
        "20071": {
            "year_quarter": 20071,
            "year": 2007,
            "quarter": 1,
            "eps": 0.38,
            "eps_growth_year": null,
            "eps_4q": null,
            "eps_4q_growth_year": null,
            "roe": 2.83,
            "roe_4q": 2.83,
            "gross_profit": 31788,
            "gross_margin": 27.82,
            "gross_margin_4q_avg": 6.96,
            "net_income": 12900,
            "revenue": 114270,
            "common_shares": 280000,
            "book_valuer_per_share": 16.5,
            "book_valuer_per_share_4q_avg": 8.14,
            "equity": 462008,
            "current_ratio": 82.08,
            "debt_ratio": 38.45,
            "inventory_turnover_ratio": 0.47,
            "account_receivable_turnover_ratio": null,
            "reinvestment_rate": null,
            "research_to_sale_ratio": null,
            "price_fair": 0,
            "eps_avg_yearly": 0,
            "eps_latest_yearly": 0,
            "eps_growth_yearly": 0
        },
        "20072": {
            "year_quarter": 20072,
            "year": 2007,
            "quarter": 2,
            "eps": 1.33,
            "eps_growth_year": null,
            "eps_4q": null,
            "eps_4q_growth_year": null,
            "roe": 8.57,
            "roe_4q": 11.4,
            "gross_profit": 35855,
            "gross_margin": 27.81,
            "gross_margin_4q_avg": 13.91,
            "net_income": 45319,
            "revenue": 128939,
            "common_shares": 300000,
            "book_valuer_per_share": 19.87,
            "book_valuer_per_share_4q_avg": 13.1,
            "equity": 596140,
            "current_ratio": 217.87,
            "debt_ratio": 34.18,
            "inventory_turnover_ratio": 1.72,
            "account_receivable_turnover_ratio": null,
            "reinvestment_rate": null,
            "research_to_sale_ratio": null,
            "price_fair": 186.2,
            "eps_avg_yearly": 5.32,
            "eps_latest_yearly": 5.32,
            "eps_growth_yearly": 1000
        },
        "20073": {
            "year_quarter": 20073,
            "year": 2007,
            "quarter": 3,
            "eps": 1.16,
            "eps_growth_year": null,
            "eps_4q": null,
            "eps_4q_growth_year": null,
            "roe": 6.43,
            "roe_4q": 17.83,
            "gross_profit": 34795,
            "gross_margin": 22.01,
            "gross_margin_4q_avg": 19.41,
            "net_income": 39624,
            "revenue": 158119,
            "common_shares": 360000,
            "book_valuer_per_share": 17.66,
            "book_valuer_per_share_4q_avg": 17.52,
            "equity": 635764,
            "current_ratio": 212.5,
            "debt_ratio": 32.95,
            "inventory_turnover_ratio": 2.56,
            "account_receivable_turnover_ratio": null,
            "reinvestment_rate": null,
            "research_to_sale_ratio": null,
            "price_fair": 174.3,
            "eps_avg_yearly": 4.98,
            "eps_latest_yearly": 4.64,
            "eps_growth_yearly": 474.44
        },
        "20074": {
            "year_quarter": 20074,
            "year": 2007,
            "quarter": 4,
            "eps": 0.45,
            "eps_growth_year": null,
            "eps_4q": 3.23,
            "eps_4q_growth_year": null,
            "roe": 2.41,
            "roe_4q": 20.240000000000002,
            "gross_profit": 38047,
            "gross_margin": 19.83,
            "gross_margin_4q_avg": 24.37,
            "net_income": 15833,
            "revenue": 191836,
            "common_shares": 360000,
            "book_valuer_per_share": 18.77,
            "book_valuer_per_share_4q_avg": 18.2,
            "equity": 675717,
            "current_ratio": 136.88,
            "debt_ratio": 58.45,
            "inventory_turnover_ratio": 0.63,
            "account_receivable_turnover_ratio": null,
            "reinvestment_rate": null,
            "research_to_sale_ratio": null,
            "price_fair": 137.2,
            "eps_avg_yearly": 3.92,
            "eps_latest_yearly": 1.8,
            "eps_growth_yearly": 234.68
        },
        "20081": {
            "year_quarter": 20081,
            "year": 2008,
            "quarter": 1,
            "eps": 0.69,
            "eps_growth_year": 81.58,
            "eps_4q": 3.5,
            "eps_4q_growth_year": null,
            "roe": 3.63,
            "roe_4q": 21.04,
            "gross_profit": 136951,
            "gross_margin": 34.58,
            "gross_margin_4q_avg": 26.06,
            "net_income": 24734,
            "revenue": 396018,
            "common_shares": 360000,
            "book_valuer_per_share": 19.12,
            "book_valuer_per_share_4q_avg": 18.86,
            "equity": 688175,
            "current_ratio": 139.47,
            "debt_ratio": 57.09,
            "inventory_turnover_ratio": 0.52,
            "account_receivable_turnover_ratio": null,
            "reinvestment_rate": null,
            "research_to_sale_ratio": null,
            "price_fair": 127.05,
            "eps_avg_yearly": 3.63,
            "eps_latest_yearly": 2.76,
            "eps_growth_yearly": 229.34
        },
        "20082": {
            "year_quarter": 20082,
            "year": 2008,
            "quarter": 2,
            "eps": 1.37,
            "eps_growth_year": 3.01,
            "eps_4q": 3.59,
            "eps_4q_growth_year": null,
            "roe": 6.89,
            "roe_4q": 19.36,
            "gross_profit": 144147,
            "gross_margin": 29.28,
            "gross_margin_4q_avg": 26.43,
            "net_income": 49403,
            "revenue": 492301,
            "common_shares": 360000,
            "book_valuer_per_share": 20.73,
            "book_valuer_per_share_4q_avg": 19.07,
            "equity": 746258,
            "current_ratio": 142.51,
            "debt_ratio": 58.59,
            "inventory_turnover_ratio": 0.59,
            "account_receivable_turnover_ratio": null,
            "reinvestment_rate": null,
            "research_to_sale_ratio": null,
            "price_fair": 140,
            "eps_avg_yearly": 4,
            "eps_latest_yearly": 5.48,
            "eps_growth_yearly": 262.32
        },
        "20083": {
            "year_quarter": 20083,
            "year": 2008,
            "quarter": 3,
            "eps": 0.47,
            "eps_growth_year": -59.48,
            "eps_4q": 2.71,
            "eps_4q_growth_year": null,
            "roe": 2.43,
            "roe_4q": 15.36,
            "gross_profit": 126059,
            "gross_margin": 29.75,
            "gross_margin_4q_avg": 28.36,
            "net_income": 18850,
            "revenue": 423694,
            "common_shares": 401115,
            "book_valuer_per_share": 20.13,
            "book_valuer_per_share_4q_avg": 19.69,
            "equity": 807433,
            "current_ratio": 139.15,
            "debt_ratio": 57.93,
            "inventory_turnover_ratio": 0.47,
            "account_receivable_turnover_ratio": null,
            "reinvestment_rate": null,
            "research_to_sale_ratio": null,
            "price_fair": 127.63,
            "eps_avg_yearly": 3.65,
            "eps_latest_yearly": 1.88,
            "eps_growth_yearly": 174.8
        },
        "20084": {
            "year_quarter": 20084,
            "year": 2008,
            "quarter": 4,
            "eps": 0.09,
            "eps_growth_year": -80,
            "eps_4q": 2.32,
            "eps_4q_growth_year": -28.29,
            "roe": 0.46,
            "roe_4q": 13.41,
            "gross_profit": 126173,
            "gross_margin": 28.83,
            "gross_margin_4q_avg": 30.61,
            "net_income": 3758,
            "revenue": 437698,
            "common_shares": 401115,
            "book_valuer_per_share": 20.75,
            "book_valuer_per_share_4q_avg": 20.18,
            "equity": 832451,
            "current_ratio": 125.28,
            "debt_ratio": 58.85,
            "inventory_turnover_ratio": 0.49,
            "account_receivable_turnover_ratio": 3,
            "reinvestment_rate": null,
            "research_to_sale_ratio": null,
            "price_fair": 111.2,
            "eps_avg_yearly": 3.18,
            "eps_latest_yearly": 0.36,
            "eps_growth_yearly": 103.63
        },
        "20091": {
            "year_quarter": 20091,
            "year": 2009,
            "quarter": 1,
            "eps": 0.36,
            "eps_growth_year": -47.83,
            "eps_4q": 1.97,
            "eps_4q_growth_year": -43.8,
            "roe": 1.8,
            "roe_4q": 11.58,
            "gross_profit": 112127,
            "gross_margin": 24.99,
            "gross_margin_4q_avg": 28.21,
            "net_income": 16125,
            "revenue": 448614,
            "common_shares": 445645,
            "book_valuer_per_share": 21.61,
            "book_valuer_per_share_4q_avg": 20.81,
            "equity": 963251,
            "current_ratio": 138.82,
            "debt_ratio": 52.01,
            "inventory_turnover_ratio": 0.56,
            "account_receivable_turnover_ratio": 1.39,
            "reinvestment_rate": null,
            "research_to_sale_ratio": null,
            "price_fair": 103.6,
            "eps_avg_yearly": 2.96,
            "eps_latest_yearly": 1.44,
            "eps_growth_yearly": 240.68
        },
        "20092": {
            "year_quarter": 20092,
            "year": 2009,
            "quarter": 2,
            "eps": 1.23,
            "eps_growth_year": -10.22,
            "eps_4q": 2.1,
            "eps_4q_growth_year": -41.65,
            "roe": 5.65,
            "roe_4q": 10.34,
            "gross_profit": 194966,
            "gross_margin": 29.45,
            "gross_margin_4q_avg": 28.26,
            "net_income": 54941,
            "revenue": 661961,
            "common_shares": 445645,
            "book_valuer_per_share": 22,
            "book_valuer_per_share_4q_avg": 21.12,
            "equity": 980397,
            "current_ratio": 129.61,
            "debt_ratio": 55.62,
            "inventory_turnover_ratio": 0.84,
            "account_receivable_turnover_ratio": 1.54,
            "reinvestment_rate": null,
            "research_to_sale_ratio": null,
            "price_fair": 111.22,
            "eps_avg_yearly": 3.18,
            "eps_latest_yearly": 4.92,
            "eps_growth_yearly": 321.34
        },
        "20093": {
            "year_quarter": 20093,
            "year": 2009,
            "quarter": 3,
            "eps": 1.79,
            "eps_growth_year": 280.85,
            "eps_4q": 3.33,
            "eps_4q_growth_year": 22.69,
            "roe": 8.57,
            "roe_4q": 16.48,
            "gross_profit": 213301,
            "gross_margin": 32.41,
            "gross_margin_4q_avg": 28.92,
            "net_income": 87027,
            "revenue": 658068,
            "common_shares": 486828,
            "book_valuer_per_share": 21.59,
            "book_valuer_per_share_4q_avg": 21.49,
            "equity": 1050826,
            "current_ratio": 133.43,
            "debt_ratio": 54.35,
            "inventory_turnover_ratio": 0.78,
            "account_receivable_turnover_ratio": 1.3,
            "reinvestment_rate": null,
            "research_to_sale_ratio": null,
            "price_fair": 125.16,
            "eps_avg_yearly": 3.58,
            "eps_latest_yearly": 7.16,
            "eps_growth_yearly": 307.42
        },
        "20094": {
            "year_quarter": 20094,
            "year": 2009,
            "quarter": 4,
            "eps": 1.82,
            "eps_growth_year": 1922.22,
            "eps_4q": 5.06,
            "eps_4q_growth_year": 118.53,
            "roe": 8.03,
            "roe_4q": 24.05,
            "gross_profit": 233174,
            "gross_margin": 31.66,
            "gross_margin_4q_avg": 29.63,
            "net_income": 88471,
            "revenue": 736380,
            "common_shares": 486978,
            "book_valuer_per_share": 23.69,
            "book_valuer_per_share_4q_avg": 22.22,
            "equity": 1153756,
            "current_ratio": 155.16,
            "debt_ratio": 55.84,
            "inventory_turnover_ratio": 0.8,
            "account_receivable_turnover_ratio": 2.1,
            "reinvestment_rate": null,
            "research_to_sale_ratio": null,
            "price_fair": 136.95,
            "eps_avg_yearly": 3.91,
            "eps_latest_yearly": 7.28,
            "eps_growth_yearly": 280.08
        },
        "20101": {
            "year_quarter": 20101,
            "year": 2010,
            "quarter": 1,
            "eps": 1.94,
            "eps_growth_year": 438.89,
            "eps_4q": 6.63,
            "eps_4q_growth_year": 237.19,
            "roe": 7.89,
            "roe_4q": 30.14,
            "gross_profit": 242434,
            "gross_margin": 31.3,
            "gross_margin_4q_avg": 31.21,
            "net_income": 94921,
            "revenue": 774650,
            "common_shares": 490378,
            "book_valuer_per_share": 25.53,
            "book_valuer_per_share_4q_avg": 23.2,
            "equity": 1252080,
            "current_ratio": 152.01,
            "debt_ratio": 56.24,
            "inventory_turnover_ratio": 0.71,
            "account_receivable_turnover_ratio": 0.97,
            "reinvestment_rate": null,
            "research_to_sale_ratio": 4.91,
            "price_fair": 148.17,
            "eps_avg_yearly": 4.23,
            "eps_latest_yearly": 7.76,
            "eps_growth_yearly": 258.94
        },
        "20102": {
            "year_quarter": 20102,
            "year": 2010,
            "quarter": 2,
            "eps": 1.82,
            "eps_growth_year": 47.58,
            "eps_4q": 6.44,
            "eps_4q_growth_year": 207.02,
            "roe": 8.15,
            "roe_4q": 32.64,
            "gross_profit": 276713,
            "gross_margin": 31.25,
            "gross_margin_4q_avg": 31.66,
            "net_income": 106167,
            "revenue": 885620,
            "common_shares": 490378,
            "book_valuer_per_share": 27.6,
            "book_valuer_per_share_4q_avg": 24.6,
            "equity": 1353573,
            "current_ratio": 167.99,
            "debt_ratio": 54.01,
            "inventory_turnover_ratio": 0.73,
            "account_receivable_turnover_ratio": 0.94,
            "reinvestment_rate": null,
            "research_to_sale_ratio": 4.67,
            "price_fair": 156.37,
            "eps_avg_yearly": 4.47,
            "eps_latest_yearly": 7.28,
            "eps_growth_yearly": 237.12
        },
        "20103": {
            "year_quarter": 20103,
            "year": 2010,
            "quarter": 3,
            "eps": 1.62,
            "eps_growth_year": -9.6,
            "eps_4q": 6.62,
            "eps_4q_growth_year": 98.78,
            "roe": 6.73,
            "roe_4q": 30.799999999999997,
            "gross_profit": 269998,
            "gross_margin": 31.55,
            "gross_margin_4q_avg": 31.44,
            "net_income": 93725,
            "revenue": 855766,
            "common_shares": 579210,
            "book_valuer_per_share": 24.72,
            "book_valuer_per_share_4q_avg": 25.39,
            "equity": 1431726,
            "current_ratio": 173.34,
            "debt_ratio": 51.96,
            "inventory_turnover_ratio": 0.76,
            "account_receivable_turnover_ratio": 0.93,
            "reinvestment_rate": null,
            "research_to_sale_ratio": 5.67,
            "price_fair": 161.4,
            "eps_avg_yearly": 4.61,
            "eps_latest_yearly": 6.48,
            "eps_growth_yearly": 217.04
        },
        "20104": {
            "year_quarter": 20104,
            "year": 2010,
            "quarter": 4,
            "eps": 1.16,
            "eps_growth_year": -36.28,
            "eps_4q": 6.03,
            "eps_4q_growth_year": 19.13,
            "roe": 4.38,
            "roe_4q": 27.15,
            "gross_profit": 273393,
            "gross_margin": 31.19,
            "gross_margin_4q_avg": 31.32,
            "net_income": 70174,
            "revenue": 876554,
            "common_shares": 605092,
            "book_valuer_per_share": 29.32,
            "book_valuer_per_share_4q_avg": 26.79,
            "equity": 1774221,
            "current_ratio": 198.76,
            "debt_ratio": 50.12,
            "inventory_turnover_ratio": 0.79,
            "account_receivable_turnover_ratio": 0.92,
            "reinvestment_rate": 236.37,
            "research_to_sale_ratio": 6.25,
            "price_fair": 161.47,
            "eps_avg_yearly": 4.61,
            "eps_latest_yearly": 4.64,
            "eps_growth_yearly": 195
        },
        "20111": {
            "year_quarter": 20111,
            "year": 2011,
            "quarter": 1,
            "eps": 1.42,
            "eps_growth_year": -26.8,
            "eps_4q": 5.91,
            "eps_4q_growth_year": -10.99,
            "roe": 4.74,
            "roe_4q": 24,
            "gross_profit": 237782,
            "gross_margin": 28.71,
            "gross_margin_4q_avg": 30.68,
            "net_income": 86152,
            "revenue": 828145,
            "common_shares": 605786,
            "book_valuer_per_share": 30.8,
            "book_valuer_per_share_4q_avg": 28.11,
            "equity": 1858035,
            "current_ratio": 205.31,
            "debt_ratio": 48.88,
            "inventory_turnover_ratio": 0.69,
            "account_receivable_turnover_ratio": 0.77,
            "reinvestment_rate": 241.8,
            "research_to_sale_ratio": 6.26,
            "price_fair": 163.8,
            "eps_avg_yearly": 4.68,
            "eps_latest_yearly": 5.68,
            "eps_growth_yearly": 188.41
        },
        "20112": {
            "year_quarter": 20112,
            "year": 2011,
            "quarter": 2,
            "eps": 0.63,
            "eps_growth_year": -65.03,
            "eps_4q": 4.17,
            "eps_4q_growth_year": -35.21,
            "roe": 2.53,
            "roe_4q": 18.38,
            "gross_profit": 228135,
            "gross_margin": 27.9,
            "gross_margin_4q_avg": 29.84,
            "net_income": 44888,
            "revenue": 817547,
            "common_shares": 606686,
            "book_valuer_per_share": 28.57,
            "book_valuer_per_share_4q_avg": 28.35,
            "equity": 1694969,
            "current_ratio": 172.15,
            "debt_ratio": 54.63,
            "inventory_turnover_ratio": 0.68,
            "account_receivable_turnover_ratio": 0.74,
            "reinvestment_rate": 248.45,
            "research_to_sale_ratio": 5.63,
            "price_fair": 157.68,
            "eps_avg_yearly": 4.51,
            "eps_latest_yearly": 2.52,
            "eps_growth_yearly": 112.01
        },
        "20113": {
            "year_quarter": 20113,
            "year": 2011,
            "quarter": 3,
            "eps": 0.89,
            "eps_growth_year": -45.17,
            "eps_4q": 3.78,
            "eps_4q_growth_year": -42.93,
            "roe": 3.53,
            "roe_4q": 15.18,
            "gross_profit": 229590,
            "gross_margin": 27.11,
            "gross_margin_4q_avg": 28.73,
            "net_income": 61790,
            "revenue": 846879,
            "common_shares": 717224,
            "book_valuer_per_share": 25.97,
            "book_valuer_per_share_4q_avg": 28.67,
            "equity": 1808571,
            "current_ratio": 174.17,
            "debt_ratio": 53.25,
            "inventory_turnover_ratio": 0.72,
            "account_receivable_turnover_ratio": 0.76,
            "reinvestment_rate": 266.33,
            "research_to_sale_ratio": 7.45,
            "price_fair": 155.31,
            "eps_avg_yearly": 4.44,
            "eps_latest_yearly": 3.56,
            "eps_growth_yearly": 125.52
        },
        "20114": {
            "year_quarter": 20114,
            "year": 2011,
            "quarter": 4,
            "eps": 1.31,
            "eps_growth_year": 12.82,
            "eps_4q": 4.08,
            "eps_4q_growth_year": -32.41,
            "roe": 4.91,
            "roe_4q": 15.709999999999999,
            "gross_profit": 278939,
            "gross_margin": 29.05,
            "gross_margin_4q_avg": 28.19,
            "net_income": 91141,
            "revenue": 960307,
            "common_shares": 717374,
            "book_valuer_per_share": 27.38,
            "book_valuer_per_share_4q_avg": 28.18,
            "equity": 1906937,
            "current_ratio": 140.68,
            "debt_ratio": 54.36,
            "inventory_turnover_ratio": 0.77,
            "account_receivable_turnover_ratio": 0.86,
            "reinvestment_rate": 230.16,
            "research_to_sale_ratio": 6.04,
            "price_fair": 162.84,
            "eps_avg_yearly": 4.65,
            "eps_latest_yearly": 5.24,
            "eps_growth_yearly": 152.62
        },
        "20121": {
            "year_quarter": 20121,
            "year": 2012,
            "quarter": 1,
            "eps": 1.08,
            "eps_growth_year": -23.94,
            "eps_4q": 3.86,
            "eps_4q_growth_year": -34.69,
            "roe": 3.85,
            "roe_4q": 14.819999999999999,
            "gross_profit": 236484,
            "gross_margin": 26.47,
            "gross_margin_4q_avg": 27.63,
            "net_income": 75651,
            "revenue": 893402,
            "common_shares": 717374,
            "book_valuer_per_share": 28.6,
            "book_valuer_per_share_4q_avg": 27.63,
            "equity": 2027609,
            "current_ratio": 141.86,
            "debt_ratio": 50.08,
            "inventory_turnover_ratio": 0.74,
            "account_receivable_turnover_ratio": 0.77,
            "reinvestment_rate": 218.27,
            "research_to_sale_ratio": 5.43,
            "price_fair": 166.25,
            "eps_avg_yearly": 4.75,
            "eps_latest_yearly": 4.32,
            "eps_growth_yearly": 134.9
        },
        "20122": {
            "year_quarter": 20122,
            "year": 2012,
            "quarter": 2,
            "eps": 1.03,
            "eps_growth_year": 61.58,
            "eps_4q": 4.25,
            "eps_4q_growth_year": 1.87,
            "roe": 3.65,
            "roe_4q": 15.94,
            "gross_profit": 260655,
            "gross_margin": 27.29,
            "gross_margin_4q_avg": 27.48,
            "net_income": 72733,
            "revenue": 955035,
            "common_shares": 717374,
            "book_valuer_per_share": 27.6,
            "book_valuer_per_share_4q_avg": 27.39,
            "equity": 1957185,
            "current_ratio": 137.7,
            "debt_ratio": 51.55,
            "inventory_turnover_ratio": 0.8,
            "account_receivable_turnover_ratio": 0.69,
            "reinvestment_rate": 213.63,
            "research_to_sale_ratio": 6.1,
            "price_fair": 163.28,
            "eps_avg_yearly": 4.67,
            "eps_latest_yearly": 4.12,
            "eps_growth_yearly": 109.1
        },
        "20123": {
            "year_quarter": 20123,
            "year": 2012,
            "quarter": 3,
            "eps": 1.74,
            "eps_growth_year": 96.57,
            "eps_4q": 5.12,
            "eps_4q_growth_year": 35.63,
            "roe": 6.18,
            "roe_4q": 18.59,
            "gross_profit": 326091,
            "gross_margin": 29.01,
            "gross_margin_4q_avg": 27.96,
            "net_income": 123666,
            "revenue": 1123991,
            "common_shares": 717374,
            "book_valuer_per_share": 28.83,
            "book_valuer_per_share_4q_avg": 28.1,
            "equity": 2044167,
            "current_ratio": 136.67,
            "debt_ratio": 53.58,
            "inventory_turnover_ratio": 0.98,
            "account_receivable_turnover_ratio": 0.72,
            "reinvestment_rate": 193.35,
            "research_to_sale_ratio": 6.41,
            "price_fair": 174.39,
            "eps_avg_yearly": 4.98,
            "eps_latest_yearly": 6.96,
            "eps_growth_yearly": 142.76
        },
        "20124": {
            "year_quarter": 20124,
            "year": 2012,
            "quarter": 4,
            "eps": 0.37,
            "eps_growth_year": -71.79,
            "eps_4q": 4.21,
            "eps_4q_growth_year": 3.17,
            "roe": 1.27,
            "roe_4q": 14.95,
            "gross_profit": 269570,
            "gross_margin": 26.19,
            "gross_margin_4q_avg": 27.24,
            "net_income": 26169,
            "revenue": 1029219,
            "common_shares": 717374,
            "book_valuer_per_share": 29.45,
            "book_valuer_per_share_4q_avg": 28.62,
            "equity": 2087895,
            "current_ratio": 156.33,
            "debt_ratio": 52.65,
            "inventory_turnover_ratio": 0.97,
            "account_receivable_turnover_ratio": 0.71,
            "reinvestment_rate": 183.93,
            "research_to_sale_ratio": 7.96,
            "price_fair": 176.84,
            "eps_avg_yearly": 5.05,
            "eps_latest_yearly": 1.48,
            "eps_growth_yearly": 143.29
        },
        "20131": {
            "year_quarter": 20131,
            "year": 2013,
            "quarter": 1,
            "eps": 0.9,
            "eps_growth_year": -16.67,
            "eps_4q": 3.95,
            "eps_4q_growth_year": 2.52,
            "roe": 2.92,
            "roe_4q": 14.02,
            "gross_profit": 255996,
            "gross_margin": 26.35,
            "gross_margin_4q_avg": 27.21,
            "net_income": 63880,
            "revenue": 971413,
            "common_shares": 732774,
            "book_valuer_per_share": 31.5,
            "book_valuer_per_share_4q_avg": 29.35,
            "equity": 2282105,
            "current_ratio": 195.54,
            "debt_ratio": 48.93,
            "inventory_turnover_ratio": 0.89,
            "account_receivable_turnover_ratio": 0.84,
            "reinvestment_rate": 26.69,
            "research_to_sale_ratio": 8.87,
            "price_fair": 181.56,
            "eps_avg_yearly": 5.19,
            "eps_latest_yearly": 3.6,
            "eps_growth_yearly": 104.1
        },
        "20132": {
            "year_quarter": 20132,
            "year": 2013,
            "quarter": 2,
            "eps": 1.28,
            "eps_growth_year": 24.79,
            "eps_4q": 3.91,
            "eps_4q_growth_year": -7.9,
            "roe": 4.04,
            "roe_4q": 14.41,
            "gross_profit": 325569,
            "gross_margin": 28.46,
            "gross_margin_4q_avg": 27.5,
            "net_income": 92509,
            "revenue": 1144112,
            "common_shares": 732774,
            "book_valuer_per_share": 31.64,
            "book_valuer_per_share_4q_avg": 30.36,
            "equity": 2292042,
            "current_ratio": 172.07,
            "debt_ratio": 49.35,
            "inventory_turnover_ratio": 0.99,
            "account_receivable_turnover_ratio": 1.04,
            "reinvestment_rate": 24.02,
            "research_to_sale_ratio": 7.4,
            "price_fair": 182,
            "eps_avg_yearly": 5.2,
            "eps_latest_yearly": 5.12,
            "eps_growth_yearly": 54.24
        },
        "20133": {
            "year_quarter": 20133,
            "year": 2013,
            "quarter": 3,
            "eps": 1.62,
            "eps_growth_year": -7.11,
            "eps_4q": 3.9,
            "eps_4q_growth_year": -23.91,
            "roe": 5.32,
            "roe_4q": 13.549999999999999,
            "gross_profit": 354015,
            "gross_margin": 29.88,
            "gross_margin_4q_avg": 27.72,
            "net_income": 126502,
            "revenue": 1184633,
            "common_shares": 801260,
            "book_valuer_per_share": 31.08,
            "book_valuer_per_share_4q_avg": 30.92,
            "equity": 2464800,
            "current_ratio": 178.03,
            "debt_ratio": 46.51,
            "inventory_turnover_ratio": 0.97,
            "account_receivable_turnover_ratio": 0.99,
            "reinvestment_rate": 21.61,
            "research_to_sale_ratio": 7.03,
            "price_fair": 180.51,
            "eps_avg_yearly": 5.16,
            "eps_latest_yearly": 6.48,
            "eps_growth_yearly": 49.49
        },
        "20134": {
            "year_quarter": 20134,
            "year": 2013,
            "quarter": 4,
            "eps": 1.52,
            "eps_growth_year": 312.55,
            "eps_4q": 5.02,
            "eps_4q_growth_year": 19.36,
            "roe": 4.74,
            "roe_4q": 17.020000000000003,
            "gross_profit": 340242,
            "gross_margin": 28.07,
            "gross_margin_4q_avg": 28.19,
            "net_income": 123144,
            "revenue": 1212056,
            "common_shares": 817107,
            "book_valuer_per_share": 33.76,
            "book_valuer_per_share_4q_avg": 32,
            "equity": 2730809,
            "current_ratio": 164.75,
            "debt_ratio": 49.47,
            "inventory_turnover_ratio": 0.92,
            "account_receivable_turnover_ratio": 0.97,
            "reinvestment_rate": -55.05,
            "research_to_sale_ratio": 6.44,
            "price_fair": 177.89,
            "eps_avg_yearly": 5.08,
            "eps_latest_yearly": 6.08,
            "eps_growth_yearly": 47.53
        },
        "20141": {
            "year_quarter": 20141,
            "year": 2014,
            "quarter": 1,
            "eps": 1.35,
            "eps_growth_year": 50,
            "eps_4q": 5.46,
            "eps_4q_growth_year": 38.06,
            "roe": 3.83,
            "roe_4q": 17.93,
            "gross_profit": 374297,
            "gross_margin": 30.99,
            "gross_margin_4q_avg": 29.35,
            "net_income": 109586,
            "revenue": 1207961,
            "common_shares": 827545,
            "book_valuer_per_share": 36.15,
            "book_valuer_per_share_4q_avg": 33.16,
            "equity": 2991849,
            "current_ratio": 174.68,
            "debt_ratio": 45.13,
            "inventory_turnover_ratio": 0.81,
            "account_receivable_turnover_ratio": 0.93,
            "reinvestment_rate": -61.82,
            "research_to_sale_ratio": 6.74,
            "price_fair": 172.73,
            "eps_avg_yearly": 4.94,
            "eps_latest_yearly": 5.4,
            "eps_growth_yearly": 43.09
        },
        "20142": {
            "year_quarter": 20142,
            "year": 2014,
            "quarter": 2,
            "eps": 0.97,
            "eps_growth_year": -24.22,
            "eps_4q": 5.3,
            "eps_4q_growth_year": 35.51,
            "roe": 2.77,
            "roe_4q": 16.66,
            "gross_profit": 354666,
            "gross_margin": 29.03,
            "gross_margin_4q_avg": 29.49,
            "net_income": 80152,
            "revenue": 1221556,
            "common_shares": 828461,
            "book_valuer_per_share": 33.73,
            "book_valuer_per_share_4q_avg": 33.68,
            "equity": 2794667,
            "current_ratio": 159.07,
            "debt_ratio": 48.99,
            "inventory_turnover_ratio": 0.86,
            "account_receivable_turnover_ratio": 0.89,
            "reinvestment_rate": -73.56,
            "research_to_sale_ratio": 7.41,
            "price_fair": 165.29,
            "eps_avg_yearly": 4.72,
            "eps_latest_yearly": 3.88,
            "eps_growth_yearly": 37.6
        },
        "20143": {
            "year_quarter": 20143,
            "year": 2014,
            "quarter": 3,
            "eps": 1.71,
            "eps_growth_year": 5.56,
            "eps_4q": 5.48,
            "eps_4q_growth_year": 40.56,
            "roe": 4.88,
            "roe_4q": 16.22,
            "gross_profit": 396990,
            "gross_margin": 31.17,
            "gross_margin_4q_avg": 29.82,
            "net_income": 141540,
            "revenue": 1273675,
            "common_shares": 829452,
            "book_valuer_per_share": 36.21,
            "book_valuer_per_share_4q_avg": 34.96,
            "equity": 3003389,
            "current_ratio": 162.45,
            "debt_ratio": 48.03,
            "inventory_turnover_ratio": 0.92,
            "account_receivable_turnover_ratio": 0.9,
            "reinvestment_rate": -73.16,
            "research_to_sale_ratio": 7.19,
            "price_fair": 166.08,
            "eps_avg_yearly": 4.75,
            "eps_latest_yearly": 6.84,
            "eps_growth_yearly": 59.42
        },
        "20144": {
            "year_quarter": 20144,
            "year": 2014,
            "quarter": 4,
            "eps": 1.72,
            "eps_growth_year": 13.28,
            "eps_4q": 5.68,
            "eps_4q_growth_year": 13.09,
            "roe": 4.61,
            "roe_4q": 16.09,
            "gross_profit": 451585,
            "gross_margin": 31.39,
            "gross_margin_4q_avg": 30.65,
            "net_income": 144550,
            "revenue": 1438590,
            "common_shares": 838075,
            "book_valuer_per_share": 39.06,
            "book_valuer_per_share_4q_avg": 36.29,
            "equity": 3273705,
            "current_ratio": 155.21,
            "debt_ratio": 50.42,
            "inventory_turnover_ratio": 0.86,
            "account_receivable_turnover_ratio": 0.91,
            "reinvestment_rate": -72.18,
            "research_to_sale_ratio": 7.12,
            "price_fair": 170.98,
            "eps_avg_yearly": 4.89,
            "eps_latest_yearly": 6.88,
            "eps_growth_yearly": 66.66
        },
        "20151": {
            "year_quarter": 20151,
            "year": 2015,
            "quarter": 1,
            "eps": 1.42,
            "eps_growth_year": 5.19,
            "eps_4q": 5.77,
            "eps_4q_growth_year": 5.7,
            "roe": 3.59,
            "roe_4q": 15.849999999999998,
            "gross_profit": 447026,
            "gross_margin": 31.26,
            "gross_margin_4q_avg": 30.71,
            "net_income": 119108,
            "revenue": 1429811,
            "common_shares": 841185,
            "book_valuer_per_share": 39.9,
            "book_valuer_per_share_4q_avg": 37.23,
            "equity": 3356702,
            "current_ratio": 152.66,
            "debt_ratio": 51.19,
            "inventory_turnover_ratio": 0.68,
            "account_receivable_turnover_ratio": 0.77,
            "reinvestment_rate": -75.77,
            "research_to_sale_ratio": 7.49,
            "price_fair": 170.98,
            "eps_avg_yearly": 4.89,
            "eps_latest_yearly": 5.68,
            "eps_growth_yearly": 56.7
        },
        "20152": {
            "year_quarter": 20152,
            "year": 2015,
            "quarter": 2,
            "eps": 2,
            "eps_growth_year": 106.19,
            "eps_4q": 6.82,
            "eps_4q_growth_year": 28.54,
            "roe": 5.14,
            "roe_4q": 18.22,
            "gross_profit": 490177,
            "gross_margin": 30.78,
            "gross_margin_4q_avg": 31.15,
            "net_income": 168509,
            "revenue": 1592579,
            "common_shares": 841570,
            "book_valuer_per_share": 38.1,
            "book_valuer_per_share_4q_avg": 38.32,
            "equity": 3206238,
            "current_ratio": 147.5,
            "debt_ratio": 52.13,
            "inventory_turnover_ratio": 0.72,
            "account_receivable_turnover_ratio": 0.77,
            "reinvestment_rate": -69.18,
            "research_to_sale_ratio": 7.23,
            "price_fair": 182.96,
            "eps_avg_yearly": 5.23,
            "eps_latest_yearly": 8,
            "eps_growth_yearly": 80.82
        },
        "20153": {
            "year_quarter": 20153,
            "year": 2015,
            "quarter": 3,
            "eps": 2.65,
            "eps_growth_year": 54.97,
            "eps_4q": 7.77,
            "eps_4q_growth_year": 41.77,
            "roe": 6.59,
            "roe_4q": 19.93,
            "gross_profit": 515365,
            "gross_margin": 30.76,
            "gross_margin_4q_avg": 31.05,
            "net_income": 222707,
            "revenue": 1675660,
            "common_shares": 843172,
            "book_valuer_per_share": 42.11,
            "book_valuer_per_share_4q_avg": 39.79,
            "equity": 3550814,
            "current_ratio": 149.9,
            "debt_ratio": 52.22,
            "inventory_turnover_ratio": 0.75,
            "account_receivable_turnover_ratio": 0.71,
            "reinvestment_rate": -72.85,
            "research_to_sale_ratio": 7.6,
            "price_fair": 198.36,
            "eps_avg_yearly": 5.67,
            "eps_latest_yearly": 10.6,
            "eps_growth_yearly": 78.62
        },
        "20154": {
            "year_quarter": 20154,
            "year": 2015,
            "quarter": 4,
            "eps": 3.32,
            "eps_growth_year": 92.28,
            "eps_4q": 9.36,
            "eps_4q_growth_year": 64.88,
            "roe": 7.7,
            "roe_4q": 23.02,
            "gross_profit": 702658,
            "gross_margin": 30.02,
            "gross_margin_4q_avg": 30.71,
            "net_income": 279992,
            "revenue": 2340829,
            "common_shares": 844261,
            "book_valuer_per_share": 44.12,
            "book_valuer_per_share_4q_avg": 41.06,
            "equity": 3725137,
            "current_ratio": 145.12,
            "debt_ratio": 55.57,
            "inventory_turnover_ratio": 0.96,
            "account_receivable_turnover_ratio": 0.84,
            "reinvestment_rate": -70.8,
            "research_to_sale_ratio": 5.03,
            "price_fair": 215.95,
            "eps_avg_yearly": 6.17,
            "eps_latest_yearly": 13.28,
            "eps_growth_yearly": 73.15
        },
        "20161": {
            "year_quarter": 20161,
            "year": 2016,
            "quarter": 1,
            "eps": 5.02,
            "eps_growth_year": 253.52,
            "eps_4q": 12.97,
            "eps_4q_growth_year": 124.72,
            "roe": 10.79,
            "roe_4q": 30.22,
            "gross_profit": 896193,
            "gross_margin": 30.67,
            "gross_margin_4q_avg": 30.56,
            "net_income": 424009,
            "revenue": 2921599,
            "common_shares": 844687,
            "book_valuer_per_share": 48.95,
            "book_valuer_per_share_4q_avg": 43.32,
            "equity": 4134767,
            "current_ratio": 147.15,
            "debt_ratio": 55.31,
            "inventory_turnover_ratio": 1.14,
            "account_receivable_turnover_ratio": 0.83,
            "reinvestment_rate": -58.32,
            "research_to_sale_ratio": 4.54,
            "price_fair": 250.43,
            "eps_avg_yearly": 7.16,
            "eps_latest_yearly": 20.08,
            "eps_growth_yearly": 90.34
        },
        "20162": {
            "year_quarter": 20162,
            "year": 2016,
            "quarter": 2,
            "eps": 3.18,
            "eps_growth_year": 59,
            "eps_4q": 14.15,
            "eps_4q_growth_year": 107.52,
            "roe": 6.72,
            "roe_4q": 31.799999999999997,
            "gross_profit": 766568,
            "gross_margin": 33.58,
            "gross_margin_4q_avg": 31.26,
            "net_income": 268654,
            "revenue": 2282771,
            "common_shares": 844987,
            "book_valuer_per_share": 45.74,
            "book_valuer_per_share_4q_avg": 45.23,
            "equity": 3864876,
            "current_ratio": 139.44,
            "debt_ratio": 58.35,
            "inventory_turnover_ratio": 0.84,
            "account_receivable_turnover_ratio": 0.57,
            "reinvestment_rate": -54.72,
            "research_to_sale_ratio": 6.26,
            "price_fair": 269.24,
            "eps_avg_yearly": 7.69,
            "eps_latest_yearly": 12.72,
            "eps_growth_yearly": 82.33
        },
        "20163": {
            "year_quarter": 20163,
            "year": 2016,
            "quarter": 3,
            "eps": 2.8,
            "eps_growth_year": 5.66,
            "eps_4q": 14.25,
            "eps_4q_growth_year": 83.47,
            "roe": 6.03,
            "roe_4q": 31.24,
            "gross_profit": 661463,
            "gross_margin": 30.98,
            "gross_margin_4q_avg": 31.31,
            "net_income": 237483,
            "revenue": 2134933,
            "common_shares": 849239,
            "book_valuer_per_share": 47.26,
            "book_valuer_per_share_4q_avg": 46.52,
            "equity": 4013545,
            "current_ratio": 147.21,
            "debt_ratio": 54.28,
            "inventory_turnover_ratio": 0.76,
            "account_receivable_turnover_ratio": 0.55,
            "reinvestment_rate": -53.03,
            "research_to_sale_ratio": 7.23,
            "price_fair": 278.51,
            "eps_avg_yearly": 7.96,
            "eps_latest_yearly": 11.2,
            "eps_growth_yearly": 62.11
        },
        "20164": {
            "year_quarter": 20164,
            "year": 2016,
            "quarter": 4,
            "eps": 3.22,
            "eps_growth_year": -3.01,
            "eps_4q": 14.16,
            "eps_4q_growth_year": 51.23,
            "roe": 6.64,
            "roe_4q": 30.18,
            "gross_profit": 682371,
            "gross_margin": 27.04,
            "gross_margin_4q_avg": 30.57,
            "net_income": 273461,
            "revenue": 2523312,
            "common_shares": 850179,
            "book_valuer_per_share": 49.72,
            "book_valuer_per_share_4q_avg": 47.92,
            "equity": 4226743,
            "current_ratio": 143.93,
            "debt_ratio": 56.19,
            "inventory_turnover_ratio": 0.85,
            "account_receivable_turnover_ratio": 0.63,
            "reinvestment_rate": -48.13,
            "research_to_sale_ratio": 5.97,
            "price_fair": 303.45,
            "eps_avg_yearly": 8.67,
            "eps_latest_yearly": 12.88,
            "eps_growth_yearly": 85.55
        },
        "20171": {
            "year_quarter": 20171,
            "year": 2017,
            "quarter": 1,
            "eps": 0.99,
            "eps_growth_year": -80.28,
            "eps_4q": 10.15,
            "eps_4q_growth_year": -21.69,
            "roe": 2,
            "roe_4q": 21.39,
            "gross_profit": 500714,
            "gross_margin": 24.43,
            "gross_margin_4q_avg": 29.01,
            "net_income": 83770,
            "revenue": 2049381,
            "common_shares": 850309,
            "book_valuer_per_share": 48.67,
            "book_valuer_per_share_4q_avg": 47.85,
            "equity": 4138054,
            "current_ratio": 148.42,
            "debt_ratio": 52.9,
            "inventory_turnover_ratio": 0.7,
            "account_receivable_turnover_ratio": 0.51,
            "reinvestment_rate": 14.78,
            "research_to_sale_ratio": 7.16,
            "price_fair": 304.24,
            "eps_avg_yearly": 8.69,
            "eps_latest_yearly": 3.96,
            "eps_growth_yearly": 32.42
        },
        "20172": {
            "year_quarter": 20172,
            "year": 2017,
            "quarter": 2,
            "eps": 1.37,
            "eps_growth_year": -56.92,
            "eps_4q": 8.35,
            "eps_4q_growth_year": -40.98,
            "roe": 2.99,
            "roe_4q": 17.66,
            "gross_profit": 432156,
            "gross_margin": 25.66,
            "gross_margin_4q_avg": 27.03,
            "net_income": 117003,
            "revenue": 1684051,
            "common_shares": 852427,
            "book_valuer_per_share": 43.41,
            "book_valuer_per_share_4q_avg": 47.27,
            "equity": 3700156,
            "current_ratio": 133.31,
            "debt_ratio": 58.62,
            "inventory_turnover_ratio": 0.6,
            "account_receivable_turnover_ratio": 0.46,
            "reinvestment_rate": 16.34,
            "research_to_sale_ratio": 8.6,
            "price_fair": 305.03,
            "eps_avg_yearly": 8.72,
            "eps_latest_yearly": 5.48,
            "eps_growth_yearly": 31.46
        },
        "20173": {
            "year_quarter": 20173,
            "year": 2017,
            "quarter": 3,
            "eps": 0.74,
            "eps_growth_year": -73.57,
            "eps_4q": 6.29,
            "eps_4q_growth_year": -55.84,
            "roe": 1.68,
            "roe_4q": 13.309999999999999,
            "gross_profit": 358367,
            "gross_margin": 21.68,
            "gross_margin_4q_avg": 24.7,
            "net_income": 63155,
            "revenue": 1652691,
            "common_shares": 853937,
            "book_valuer_per_share": 44.85,
            "book_valuer_per_share_4q_avg": 46.66,
            "equity": 3829854,
            "current_ratio": 138.48,
            "debt_ratio": 56.09,
            "inventory_turnover_ratio": 0.63,
            "account_receivable_turnover_ratio": 0.49,
            "reinvestment_rate": 17.21,
            "research_to_sale_ratio": 9.38,
            "price_fair": 198.15,
            "eps_avg_yearly": 8.5,
            "eps_latest_yearly": 2.96,
            "eps_growth_yearly": 13.33
        },
        "20174": {
            "year_quarter": 20174,
            "year": 2017,
            "quarter": 4,
            "eps": 1.94,
            "eps_growth_year": -39.65,
            "eps_4q": 5.03,
            "eps_4q_growth_year": -64.47,
            "roe": 4.23,
            "roe_4q": 10.9,
            "gross_profit": 493006,
            "gross_margin": 20.35,
            "gross_margin_4q_avg": 23.03,
            "net_income": 165906,
            "revenue": 2422166,
            "common_shares": 854619,
            "book_valuer_per_share": 46.94,
            "book_valuer_per_share_4q_avg": 45.97,
            "equity": 4011872,
            "current_ratio": 143.55,
            "debt_ratio": 57.39,
            "inventory_turnover_ratio": 0.92,
            "account_receivable_turnover_ratio": 0.68,
            "reinvestment_rate": 21.1,
            "research_to_sale_ratio": 7.21,
            "price_fair": 301,
            "eps_avg_yearly": 8.6,
            "eps_latest_yearly": 7.76,
            "eps_growth_yearly": 55.41
        },
        "20181": {
            "year_quarter": 20181,
            "year": 2018,
            "quarter": 1,
            "eps": 0.87,
            "eps_growth_year": -12.12,
            "eps_4q": 4.92,
            "eps_4q_growth_year": -51.56,
            "roe": 1.82,
            "roe_4q": 10.72,
            "gross_profit": 381190,
            "gross_margin": 19,
            "gross_margin_4q_avg": 21.67,
            "net_income": 74434,
            "revenue": 2006399,
            "common_shares": 855029,
            "book_valuer_per_share": 48.73,
            "book_valuer_per_share_4q_avg": 45.98,
            "equity": 4166232,
            "current_ratio": 148.85,
            "debt_ratio": 54.45,
            "inventory_turnover_ratio": 0.81,
            "account_receivable_turnover_ratio": 0.55,
            "reinvestment_rate": 19.29,
            "research_to_sale_ratio": 7.73,
            "price_fair": 296.8,
            "eps_avg_yearly": 8.48,
            "eps_latest_yearly": 3.48,
            "eps_growth_yearly": 44.42
        },
        "20182": {
            "year_quarter": 20182,
            "year": 2018,
            "quarter": 2,
            "eps": 0,
            "eps_growth_year": -100,
            "eps_4q": 3.55,
            "eps_4q_growth_year": -57.49,
            "roe": 0.01,
            "roe_4q": 7.74,
            "gross_profit": 381157,
            "gross_margin": 21.55,
            "gross_margin_4q_avg": 20.65,
            "net_income": 297,
            "revenue": 1768964,
            "common_shares": 855929,
            "book_valuer_per_share": 46.1,
            "book_valuer_per_share_4q_avg": 46.66,
            "equity": 3946104,
            "current_ratio": 146.66,
            "debt_ratio": 54.1,
            "inventory_turnover_ratio": 0.71,
            "account_receivable_turnover_ratio": 0.55,
            "reinvestment_rate": 22.69,
            "research_to_sale_ratio": 9.04,
            "price_fair": 307.53,
            "eps_avg_yearly": 8.79,
            "eps_latest_yearly": 3.48,
            "eps_growth_yearly": 54.88
        },
        "20183": {
            "year_quarter": 20183,
            "year": 2018,
            "quarter": 3,
            "eps": -2.51,
            "eps_growth_year": -439.19,
            "eps_4q": 0.3,
            "eps_4q_growth_year": -95.24,
            "roe": -5.7,
            "roe_4q": 0.3600000000000003,
            "gross_profit": 178125,
            "gross_margin": 11.26,
            "gross_margin_4q_avg": 18.04,
            "net_income": -215015,
            "revenue": 1582430,
            "common_shares": 855929,
            "book_valuer_per_share": 42.08,
            "book_valuer_per_share_4q_avg": 45.96,
            "equity": 3602046,
            "current_ratio": 143.5,
            "debt_ratio": 54.57,
            "inventory_turnover_ratio": 0.68,
            "account_receivable_turnover_ratio": 0.55,
            "reinvestment_rate": 20.28,
            "research_to_sale_ratio": 11.46,
            "price_fair": 312.4,
            "eps_avg_yearly": 8.93,
            "eps_latest_yearly": 3.48,
            "eps_growth_yearly": 37.01
        },
        "20184": {
            "year_quarter": 20184,
            "year": 2018,
            "quarter": 4,
            "eps": -1.41,
            "eps_growth_year": -172.63,
            "eps_4q": -3.05,
            "eps_4q_growth_year": -160.62,
            "roe": -3.39,
            "roe_4q": -7.26,
            "gross_profit": 217156,
            "gross_margin": 10.44,
            "gross_margin_4q_avg": 15.56,
            "net_income": -120684,
            "revenue": 2079820,
            "common_shares": 855929,
            "book_valuer_per_share": 41,
            "book_valuer_per_share_4q_avg": 44.48,
            "equity": 3509603,
            "current_ratio": 131.2,
            "debt_ratio": 60.3,
            "inventory_turnover_ratio": 0.9,
            "account_receivable_turnover_ratio": 0.64,
            "reinvestment_rate": 23.84,
            "research_to_sale_ratio": 8.44,
            "price_fair": 317.91,
            "eps_avg_yearly": 9.08,
            "eps_latest_yearly": 3.48,
            "eps_growth_yearly": 39.67
        },
        "20191": {
            "year_quarter": 20191,
            "year": 2019,
            "quarter": 1,
            "eps": -0.48,
            "eps_growth_year": -155.17,
            "eps_4q": -4.4,
            "eps_4q_growth_year": -189.54,
            "roe": -1.18,
            "roe_4q": -10.26,
            "gross_profit": 243173,
            "gross_margin": 13.92,
            "gross_margin_4q_avg": 14.29,
            "net_income": -41512,
            "revenue": 1746972,
            "common_shares": 855929,
            "book_valuer_per_share": 41.35,
            "book_valuer_per_share_4q_avg": 42.63,
            "equity": 3538897,
            "current_ratio": 131.58,
            "debt_ratio": 60,
            "inventory_turnover_ratio": 0.83,
            "account_receivable_turnover_ratio": 0.48,
            "reinvestment_rate": 21.68,
            "research_to_sale_ratio": 10.03,
            "price_fair": 327.83,
            "eps_avg_yearly": 9.37,
            "eps_latest_yearly": 3.48,
            "eps_growth_yearly": 48.79
        },
        "20192": {
            "year_quarter": 20192,
            "year": 2019,
            "quarter": 2,
            "eps": -1.71,
            "eps_growth_year": null,
            "eps_4q": -6.11,
            "eps_4q_growth_year": -272.25,
            "roe": -4.23,
            "roe_4q": -14.5,
            "gross_profit": 185820,
            "gross_margin": 11.35,
            "gross_margin_4q_avg": 11.74,
            "net_income": -146076,
            "revenue": 1637077,
            "common_shares": 855929,
            "book_valuer_per_share": 39.31,
            "book_valuer_per_share_4q_avg": 40.94,
            "equity": 3364286,
            "current_ratio": 129.5,
            "debt_ratio": 60.87,
            "inventory_turnover_ratio": 0.95,
            "account_receivable_turnover_ratio": 0.46,
            "reinvestment_rate": 22.86,
            "research_to_sale_ratio": 10.62,
            "price_fair": 332.18,
            "eps_avg_yearly": 9.49,
            "eps_latest_yearly": 3.48,
            "eps_growth_yearly": 38.38
        },
        "20193": {
            "year_quarter": 20193,
            "year": 2019,
            "quarter": 3,
            "eps": -1.97,
            "eps_growth_year": null,
            "eps_4q": -5.57,
            "eps_4q_growth_year": -1960.44,
            "roe": -5.21,
            "roe_4q": -14.010000000000002,
            "gross_profit": 213534,
            "gross_margin": 13.03,
            "gross_margin_4q_avg": 12.19,
            "net_income": -168410,
            "revenue": 1639403,
            "common_shares": 855929,
            "book_valuer_per_share": 36.25,
            "book_valuer_per_share_4q_avg": 39.48,
            "equity": 3102843,
            "current_ratio": 125,
            "debt_ratio": 62.9,
            "inventory_turnover_ratio": 1.01,
            "account_receivable_turnover_ratio": 0.46,
            "reinvestment_rate": 21.77,
            "research_to_sale_ratio": 10.49,
            "price_fair": 328.3,
            "eps_avg_yearly": 9.38,
            "eps_latest_yearly": 3.48,
            "eps_growth_yearly": 29.21
        },
        "20194": {
            "year_quarter": 20194,
            "year": 2019,
            "quarter": 4,
            "eps": 1.93,
            "eps_growth_year": null,
            "eps_4q": -2.23,
            "eps_4q_growth_year": null,
            "roe": 5.21,
            "roe_4q": -5.41,
            "gross_profit": 473499,
            "gross_margin": 21.17,
            "gross_margin_4q_avg": 14.87,
            "net_income": 164837,
            "revenue": 2236590,
            "common_shares": 855929,
            "book_valuer_per_share": 37.67,
            "book_valuer_per_share_4q_avg": 38.65,
            "equity": 3224299,
            "current_ratio": 123.32,
            "debt_ratio": 64.84,
            "inventory_turnover_ratio": 1.25,
            "account_receivable_turnover_ratio": 0.58,
            "reinvestment_rate": 25.11,
            "research_to_sale_ratio": 7.45,
            "price_fair": 279.35,
            "eps_avg_yearly": 8.95,
            "eps_latest_yearly": 3.48,
            "eps_growth_yearly": 21.22
        },
        "20201": {
            "year_quarter": 20201,
            "year": 2020,
            "quarter": 1,
            "eps": -1.16,
            "eps_growth_year": null,
            "eps_4q": -2.91,
            "eps_4q_growth_year": null,
            "roe": -3.13,
            "roe_4q": -7.36,
            "gross_profit": 173720,
            "gross_margin": 16.41,
            "gross_margin_4q_avg": 15.49,
            "net_income": -99139,
            "revenue": 1058470,
            "common_shares": 855929,
            "book_valuer_per_share": 36.25,
            "book_valuer_per_share_4q_avg": 37.37,
            "equity": 3103024,
            "current_ratio": 126.53,
            "debt_ratio": 61.54,
            "inventory_turnover_ratio": 0.63,
            "account_receivable_turnover_ratio": 0.28,
            "reinvestment_rate": 29.59,
            "research_to_sale_ratio": 13.55,
            "price_fair": 22.67,
            "eps_avg_yearly": 7.56,
            "eps_latest_yearly": 3.48,
            "eps_growth_yearly": -1.73
        },
        "20202": {
            "year_quarter": 20202,
            "year": 2020,
            "quarter": 2,
            "eps": -0.2,
            "eps_growth_year": null,
            "eps_4q": -1.4,
            "eps_4q_growth_year": null,
            "roe": -0.57,
            "roe_4q": -3.6999999999999997,
            "gross_profit": 216675,
            "gross_margin": 15.44,
            "gross_margin_4q_avg": 16.51,
            "net_income": -17484,
            "revenue": 1403268,
            "common_shares": 855929,
            "book_valuer_per_share": 35.51,
            "book_valuer_per_share_4q_avg": 36.42,
            "equity": 3039508,
            "current_ratio": 131.14,
            "debt_ratio": 58.4,
            "inventory_turnover_ratio": 0.93,
            "account_receivable_turnover_ratio": 0.47,
            "reinvestment_rate": 35.92,
            "research_to_sale_ratio": 9.01,
            "price_fair": 197.51,
            "eps_avg_yearly": 6.82,
            "eps_latest_yearly": 3.48,
            "eps_growth_yearly": 18.97
        },
        "20203": {
            "year_quarter": 20203,
            "year": 2020,
            "quarter": 3,
            "eps": 1.59,
            "eps_growth_year": null,
            "eps_4q": 2.15,
            "eps_4q_growth_year": null,
            "roe": 4.36,
            "roe_4q": 5.870000000000001,
            "gross_profit": 393013,
            "gross_margin": 20.25,
            "gross_margin_4q_avg": 18.32,
            "net_income": 136112,
            "revenue": 1941026,
            "common_shares": 855929,
            "book_valuer_per_share": 37.48,
            "book_valuer_per_share_4q_avg": 36.73,
            "equity": 3207649,
            "current_ratio": 131.17,
            "debt_ratio": 60.11,
            "inventory_turnover_ratio": 1.15,
            "account_receivable_turnover_ratio": 0.65,
            "reinvestment_rate": 36.49,
            "research_to_sale_ratio": 8.94,
            "price_fair": 213.03,
            "eps_avg_yearly": 6.09,
            "eps_latest_yearly": 3.48,
            "eps_growth_yearly": 30.1
        },
        "20204": {
            "year_quarter": 20204,
            "year": 2020,
            "quarter": 4,
            "eps": 3.03,
            "eps_growth_year": 57.44,
            "eps_4q": 3.26,
            "eps_4q_growth_year": null,
            "roe": 7.71,
            "roe_4q": 8.370000000000001,
            "gross_profit": 589094,
            "gross_margin": 21.91,
            "gross_margin_4q_avg": 18.5,
            "net_income": 259520,
            "revenue": 2688738,
            "common_shares": 855929,
            "book_valuer_per_share": 41.13,
            "book_valuer_per_share_4q_avg": 37.59,
            "equity": 3520795,
            "current_ratio": 130.64,
            "debt_ratio": 62.64,
            "inventory_turnover_ratio": 1.32,
            "account_receivable_turnover_ratio": 0.71,
            "reinvestment_rate": 38.71,
            "research_to_sale_ratio": 7.45,
            "price_fair": 208.6,
            "eps_avg_yearly": 5.96,
            "eps_latest_yearly": 12.12,
            "eps_growth_yearly": 80.48
        },
        "20211": {
            "year_quarter": 20211,
            "year": 2021,
            "quarter": 1,
            "eps": 2.08,
            "eps_growth_year": null,
            "eps_4q": 6.5,
            "eps_4q_growth_year": null,
            "roe": 4.94,
            "roe_4q": 16.44,
            "gross_profit": 509099,
            "gross_margin": 23.65,
            "gross_margin_4q_avg": 20.31,
            "net_income": 177940,
            "revenue": 2152584,
            "common_shares": 855929,
            "book_valuer_per_share": 42.97,
            "book_valuer_per_share_4q_avg": 39.27,
            "equity": 3678181,
            "current_ratio": 130.71,
            "debt_ratio": 63.37,
            "inventory_turnover_ratio": 0.9,
            "account_receivable_turnover_ratio": 0.48,
            "reinvestment_rate": 31.78,
            "research_to_sale_ratio": 7.36,
            "price_fair": 234.03,
            "eps_avg_yearly": 6.69,
            "eps_latest_yearly": 8.32,
            "eps_growth_yearly": 105.75
        },
        "20212": {
            "year_quarter": 20212,
            "year": 2021,
            "quarter": 2,
            "eps": 1.17,
            "eps_growth_year": null,
            "eps_4q": 7.87,
            "eps_4q_growth_year": null,
            "roe": 2.69,
            "roe_4q": 19.7,
            "gross_profit": 437240,
            "gross_margin": 22.95,
            "gross_margin_4q_avg": 22.19,
            "net_income": 100032,
            "revenue": 1905477,
            "common_shares": 855929,
            "book_valuer_per_share": 43.76,
            "book_valuer_per_share_4q_avg": 41.34,
            "equity": 3745551,
            "current_ratio": 142.52,
            "debt_ratio": 61.8,
            "inventory_turnover_ratio": 0.7,
            "account_receivable_turnover_ratio": 0.44,
            "reinvestment_rate": -12.26,
            "research_to_sale_ratio": 9.59,
            "price_fair": 229.37,
            "eps_avg_yearly": 6.55,
            "eps_latest_yearly": 4.68,
            "eps_growth_yearly": 50.99
        },
        "20213": {
            "year_quarter": 20213,
            "year": 2021,
            "quarter": 3,
            "eps": 0.1,
            "eps_growth_year": -93.71,
            "eps_4q": 6.38,
            "eps_4q_growth_year": 196.09,
            "roe": 0.22,
            "roe_4q": 15.56,
            "gross_profit": 352750,
            "gross_margin": 18.94,
            "gross_margin_4q_avg": 21.86,
            "net_income": 8271,
            "revenue": 1862036,
            "common_shares": 855929,
            "book_valuer_per_share": 42.33,
            "book_valuer_per_share_4q_avg": 42.55,
            "equity": 3623014,
            "current_ratio": 141.92,
            "debt_ratio": 64.4,
            "inventory_turnover_ratio": 0.64,
            "account_receivable_turnover_ratio": 0.43,
            "reinvestment_rate": -36.03,
            "research_to_sale_ratio": 9.86,
            "price_fair": 187.96,
            "eps_avg_yearly": 6.13,
            "eps_latest_yearly": 0.4,
            "eps_growth_yearly": 20.68
        },
        "20214": {
            "year_quarter": 20214,
            "year": 2021,
            "quarter": 4,
            "eps": 2.1,
            "eps_growth_year": -30.89,
            "eps_4q": 5.44,
            "eps_4q_growth_year": 66.88,
            "roe": 4.81,
            "roe_4q": 12.66,
            "gross_profit": 607537,
            "gross_margin": 24.61,
            "gross_margin_4q_avg": 22.54,
            "net_income": 179364,
            "revenue": 2469002,
            "common_shares": 855929,
            "book_valuer_per_share": 44.73,
            "book_valuer_per_share_4q_avg": 43.45,
            "equity": 3828630,
            "current_ratio": 147.52,
            "debt_ratio": 62.36,
            "inventory_turnover_ratio": 0.72,
            "account_receivable_turnover_ratio": 0.58,
            "reinvestment_rate": -81.87,
            "research_to_sale_ratio": 7.83,
            "price_fair": 218.17,
            "eps_avg_yearly": 6.23,
            "eps_latest_yearly": 8.4,
            "eps_growth_yearly": 1245.9
        },
        "20221": {
            "year_quarter": 20221,
            "year": 2022,
            "quarter": 1,
            "eps": 2.49,
            "eps_growth_year": 19.71,
            "eps_4q": 5.85,
            "eps_4q_growth_year": -9.99,
            "roe": 5.32,
            "roe_4q": 13.04,
            "gross_profit": 554931,
            "gross_margin": 23.75,
            "gross_margin_4q_avg": 22.56,
            "net_income": 212857,
            "revenue": 2336740,
            "common_shares": 855929,
            "book_valuer_per_share": 48.73,
            "book_valuer_per_share_4q_avg": 44.89,
            "equity": 4171276,
            "current_ratio": 162.47,
            "debt_ratio": 57.54,
            "inventory_turnover_ratio": 0.67,
            "account_receivable_turnover_ratio": 0.58,
            "reinvestment_rate": -45.34,
            "research_to_sale_ratio": 8.62,
            "price_fair": 255.97,
            "eps_avg_yearly": 7.31,
            "eps_latest_yearly": 9.96,
            "eps_growth_yearly": 1295.05
        },
        "20222": {
            "year_quarter": 20222,
            "year": 2022,
            "quarter": 2,
            "eps": 0.8,
            "eps_growth_year": -31.62,
            "eps_4q": 5.48,
            "eps_4q_growth_year": -30.39,
            "roe": 1.68,
            "roe_4q": 12.03,
            "gross_profit": 462428,
            "gross_margin": 22.25,
            "gross_margin_4q_avg": 22.39,
            "net_income": 68436,
            "revenue": 2078758,
            "common_shares": 855929,
            "book_valuer_per_share": 46.56,
            "book_valuer_per_share_4q_avg": 45.59,
            "equity": 3985564,
            "current_ratio": 150.51,
            "debt_ratio": 62.68,
            "inventory_turnover_ratio": 0.67,
            "account_receivable_turnover_ratio": 0.48,
            "reinvestment_rate": -60.17,
            "research_to_sale_ratio": 8.95,
            "price_fair": 235.4,
            "eps_avg_yearly": 6.73,
            "eps_latest_yearly": 3.2,
            "eps_growth_yearly": 1071.26
        },
        "20223": {
            "year_quarter": 20223,
            "year": 2022,
            "quarter": 3,
            "eps": 2.19,
            "eps_growth_year": 2090,
            "eps_4q": 7.57,
            "eps_4q_growth_year": 18.76,
            "roe": 4.57,
            "roe_4q": 16.38,
            "gross_profit": 617348,
            "gross_margin": 23.93,
            "gross_margin_4q_avg": 23.64,
            "net_income": 187513,
            "revenue": 2579391,
            "common_shares": 855929,
            "book_valuer_per_share": 49.21,
            "book_valuer_per_share_4q_avg": 47.31,
            "equity": 4211941,
            "current_ratio": 159.43,
            "debt_ratio": 60.91,
            "inventory_turnover_ratio": 0.92,
            "account_receivable_turnover_ratio": 0.54,
            "reinvestment_rate": -28.23,
            "research_to_sale_ratio": 8.58,
            "price_fair": 244.3,
            "eps_avg_yearly": 6.98,
            "eps_latest_yearly": 8.76,
            "eps_growth_yearly": 1024.23
        },
        "20224": {
            "year_quarter": 20224,
            "year": 2022,
            "quarter": 4,
            "eps": 1.74,
            "eps_growth_year": -16.94,
            "eps_4q": 7.22,
            "eps_4q_growth_year": 32.68,
            "roe": 3.5,
            "roe_4q": 15.07,
            "gross_profit": 411351,
            "gross_margin": 16.4,
            "gross_margin_4q_avg": 21.58,
            "net_income": 148977,
            "revenue": 2508355,
            "common_shares": 855929,
            "book_valuer_per_share": 50.3,
            "book_valuer_per_share_4q_avg": 48.7,
            "equity": 4305203,
            "current_ratio": 168.67,
            "debt_ratio": 57.79,
            "inventory_turnover_ratio": 1.1,
            "account_receivable_turnover_ratio": 0.51,
            "reinvestment_rate": -30.44,
            "research_to_sale_ratio": 8.6,
            "price_fair": 244.22,
            "eps_avg_yearly": 6.98,
            "eps_latest_yearly": 6.96,
            "eps_growth_yearly": 901.29
        },
        "20231": {
            "year_quarter": 20231,
            "year": 2023,
            "quarter": 1,
            "eps": 0.82,
            "eps_growth_year": -67.07,
            "eps_4q": 5.55,
            "eps_4q_growth_year": -5.05,
            "roe": 1.62,
            "roe_4q": 11.370000000000001,
            "gross_profit": 450052,
            "gross_margin": 23.24,
            "gross_margin_4q_avg": 21.46,
            "net_income": 70334,
            "revenue": 1936785,
            "common_shares": 855929,
            "book_valuer_per_share": 51.35,
            "book_valuer_per_share_4q_avg": 49.36,
            "equity": 4395463,
            "current_ratio": 178.15,
            "debt_ratio": 55.2,
            "inventory_turnover_ratio": 0.91,
            "account_receivable_turnover_ratio": 0.42,
            "reinvestment_rate": -23.24,
            "research_to_sale_ratio": 11.65,
            "price_fair": 231.28,
            "eps_avg_yearly": 6.61,
            "eps_latest_yearly": 3.28,
            "eps_growth_yearly": 790.02
        }
    },
    "months": {
        "2007-06": {
            "month": "2007-06",
            "price": "115.49",
            "revenue": 133471
        },
        "2007-07": {
            "month": "2007-07",
            "price": "121.25",
            "revenue": 140344
        },
        "2007-08": {
            "month": "2007-08",
            "price": "117.75",
            "revenue": 115146
        },
        "2007-09": {
            "month": "2007-09",
            "price": "109.71",
            "revenue": 132510
        },
        "2007-10": {
            "month": "2007-10",
            "price": "97.92",
            "revenue": 117365
        },
        "2007-11": {
            "month": "2007-11",
            "price": "101.24",
            "revenue": 121867
        },
        "2007-12": {
            "month": "2007-12",
            "price": "97.57",
            "revenue": 173714
        },
        "2008-01": {
            "month": "2008-01",
            "price": "85.89",
            "revenue": 114830
        },
        "2008-02": {
            "month": "2008-02",
            "price": "79.29",
            "revenue": 127116
        },
        "2008-03": {
            "month": "2008-03",
            "price": "89.26",
            "revenue": 155607
        },
        "2008-04": {
            "month": "2008-04",
            "price": "87.23",
            "revenue": 158994
        },
        "2008-05": {
            "month": "2008-05",
            "price": "91.01",
            "revenue": 164378
        },
        "2008-06": {
            "month": "2008-06",
            "price": "88.79",
            "revenue": 171860
        },
        "2008-07": {
            "month": "2008-07",
            "price": "81.32",
            "revenue": 139787
        },
        "2008-08": {
            "month": "2008-08",
            "price": "72.32",
            "revenue": 125491
        },
        "2008-09": {
            "month": "2008-09",
            "price": "67.84",
            "revenue": 156299
        },
        "2008-10": {
            "month": "2008-10",
            "price": "54.90",
            "revenue": 131326
        },
        "2008-11": {
            "month": "2008-11",
            "price": "35.83",
            "revenue": 174565
        },
        "2008-12": {
            "month": "2008-12",
            "price": "29.42",
            "revenue": 131546
        },
        "2009-01": {
            "month": "2009-01",
            "price": "24.01",
            "revenue": 122915
        },
        "2009-02": {
            "month": "2009-02",
            "price": "23.96",
            "revenue": 120392
        },
        "2009-03": {
            "month": "2009-03",
            "price": "30.90",
            "revenue": 206554
        },
        "2009-04": {
            "month": "2009-04",
            "price": "44.40",
            "revenue": 212635
        },
        "2009-05": {
            "month": "2009-05",
            "price": "53.60",
            "revenue": 205315
        },
        "2009-06": {
            "month": "2009-06",
            "price": "55.63",
            "revenue": 247573
        },
        "2009-07": {
            "month": "2009-07",
            "price": "79.58",
            "revenue": 187353
        },
        "2009-08": {
            "month": "2009-08",
            "price": "89.44",
            "revenue": 202464
        },
        "2009-09": {
            "month": "2009-09",
            "price": "96.35",
            "revenue": 265412
        },
        "2009-10": {
            "month": "2009-10",
            "price": "95.81",
            "revenue": 242644
        },
        "2009-11": {
            "month": "2009-11",
            "price": "109.22",
            "revenue": 260559
        },
        "2009-12": {
            "month": "2009-12",
            "price": "123.65",
            "revenue": 233489
        },
        "2010-01": {
            "month": "2010-01",
            "price": "114.75",
            "revenue": 267728
        },
        "2010-02": {
            "month": "2010-02",
            "price": "111.57",
            "revenue": 231624
        },
        "2010-03": {
            "month": "2010-03",
            "price": "127.76",
            "revenue": 274718
        },
        "2010-04": {
            "month": "2010-04",
            "price": "145.98",
            "revenue": 292534
        },
        "2010-05": {
            "month": "2010-05",
            "price": "137.95",
            "revenue": 298127
        },
        "2010-06": {
            "month": "2010-06",
            "price": "135.81",
            "revenue": 301670
        },
        "2010-07": {
            "month": "2010-07",
            "price": "128.64",
            "revenue": 272444
        },
        "2010-08": {
            "month": "2010-08",
            "price": "128.55",
            "revenue": 276858
        },
        "2010-09": {
            "month": "2010-09",
            "price": "125.79",
            "revenue": 304086
        },
        "2010-10": {
            "month": "2010-10",
            "price": "142.00",
            "revenue": 259981
        },
        "2010-11": {
            "month": "2010-11",
            "price": "136.34",
            "revenue": 302135
        },
        "2010-12": {
            "month": "2010-12",
            "price": "136.07",
            "revenue": 306974
        },
        "2011-01": {
            "month": "2011-01",
            "price": "127.60",
            "revenue": 288088
        },
        "2011-02": {
            "month": "2011-02",
            "price": "114.32",
            "revenue": 250313
        },
        "2011-03": {
            "month": "2011-03",
            "price": "112.41",
            "revenue": 292224
        },
        "2011-04": {
            "month": "2011-04",
            "price": "110.11",
            "revenue": 288487
        },
        "2011-05": {
            "month": "2011-05",
            "price": "100.94",
            "revenue": 248717
        },
        "2011-06": {
            "month": "2011-06",
            "price": "86.61",
            "revenue": 276702
        },
        "2011-07": {
            "month": "2011-07",
            "price": "83.49",
            "revenue": 273574
        },
        "2011-08": {
            "month": "2011-08",
            "price": "64.56",
            "revenue": 278450
        },
        "2011-09": {
            "month": "2011-09",
            "price": "57.45",
            "revenue": 303716
        },
        "2011-10": {
            "month": "2011-10",
            "price": "54.15",
            "revenue": 294785
        },
        "2011-11": {
            "month": "2011-11",
            "price": "50.27",
            "revenue": 304318
        },
        "2011-12": {
            "month": "2011-12",
            "price": "45.35",
            "revenue": 353904
        },
        "2012-01": {
            "month": "2012-01",
            "price": "50.12",
            "revenue": 274333
        },
        "2012-02": {
            "month": "2012-02",
            "price": "69.40",
            "revenue": 260830
        },
        "2012-03": {
            "month": "2012-03",
            "price": "71.14",
            "revenue": 349610
        },
        "2012-04": {
            "month": "2012-04",
            "price": "69.26",
            "revenue": 327902
        },
        "2012-05": {
            "month": "2012-05",
            "price": "69.75",
            "revenue": 334484
        },
        "2012-06": {
            "month": "2012-06",
            "price": "59.99",
            "revenue": 301572
        },
        "2012-07": {
            "month": "2012-07",
            "price": "62.27",
            "revenue": 351116
        },
        "2012-08": {
            "month": "2012-08",
            "price": "64.37",
            "revenue": 361497
        },
        "2012-09": {
            "month": "2012-09",
            "price": "71.42",
            "revenue": 410723
        },
        "2012-10": {
            "month": "2012-10",
            "price": "69.05",
            "revenue": 346870
        },
        "2012-11": {
            "month": "2012-11",
            "price": "66.15",
            "revenue": 350315
        },
        "2012-12": {
            "month": "2012-12",
            "price": "64.04",
            "revenue": 331953
        },
        "2013-01": {
            "month": "2013-01",
            "price": "68.07",
            "revenue": 313905
        },
        "2013-02": {
            "month": "2013-02",
            "price": "67.22",
            "revenue": 305066
        },
        "2013-03": {
            "month": "2013-03",
            "price": "72.30",
            "revenue": 353433
        },
        "2013-04": {
            "month": "2013-04",
            "price": "66.88",
            "revenue": 388114
        },
        "2013-05": {
            "month": "2013-05",
            "price": "66.11",
            "revenue": 395679
        },
        "2013-06": {
            "month": "2013-06",
            "price": "64.18",
            "revenue": 359330
        },
        "2013-07": {
            "month": "2013-07",
            "price": "64.97",
            "revenue": 400115
        },
        "2013-08": {
            "month": "2013-08",
            "price": "70.62",
            "revenue": 401087
        },
        "2013-09": {
            "month": "2013-09",
            "price": "79.33",
            "revenue": 383430
        },
        "2013-10": {
            "month": "2013-10",
            "price": "85.41",
            "revenue": 417989
        },
        "2013-11": {
            "month": "2013-11",
            "price": "85.39",
            "revenue": 384750
        },
        "2013-12": {
            "month": "2013-12",
            "price": "91.47",
            "revenue": 409318
        },
        "2014-01": {
            "month": "2014-01",
            "price": "90.38",
            "revenue": 384340
        },
        "2014-02": {
            "month": "2014-02",
            "price": "96.05",
            "revenue": 294619
        },
        "2014-03": {
            "month": "2014-03",
            "price": "102.26",
            "revenue": 529001
        },
        "2014-04": {
            "month": "2014-04",
            "price": "124.83",
            "revenue": 399716
        },
        "2014-05": {
            "month": "2014-05",
            "price": "123.57",
            "revenue": 403214
        },
        "2014-06": {
            "month": "2014-06",
            "price": "122.50",
            "revenue": 420528
        },
        "2014-07": {
            "month": "2014-07",
            "price": "110.48",
            "revenue": 422311
        },
        "2014-08": {
            "month": "2014-08",
            "price": "94.10",
            "revenue": 406922
        },
        "2014-09": {
            "month": "2014-09",
            "price": "95.98",
            "revenue": 442540
        },
        "2014-10": {
            "month": "2014-10",
            "price": "97.36",
            "revenue": 451239
        },
        "2014-11": {
            "month": "2014-11",
            "price": "98.64",
            "revenue": 462448
        },
        "2014-12": {
            "month": "2014-12",
            "price": "114.25",
            "revenue": 524946
        },
        "2015-01": {
            "month": "2015-01",
            "price": "116.10",
            "revenue": 516909
        },
        "2015-02": {
            "month": "2015-02",
            "price": "116.42",
            "revenue": 369911
        },
        "2015-03": {
            "month": "2015-03",
            "price": "127.00",
            "revenue": 542990
        },
        "2015-04": {
            "month": "2015-04",
            "price": "132.40",
            "revenue": 533896
        },
        "2015-05": {
            "month": "2015-05",
            "price": "151.00",
            "revenue": 516176
        },
        "2015-06": {
            "month": "2015-06",
            "price": "177.57",
            "revenue": 541653
        },
        "2015-07": {
            "month": "2015-07",
            "price": "168.25",
            "revenue": 550754
        },
        "2015-08": {
            "month": "2015-08",
            "price": "174.29",
            "revenue": 539514
        },
        "2015-09": {
            "month": "2015-09",
            "price": "199.62",
            "revenue": 586243
        },
        "2015-10": {
            "month": "2015-10",
            "price": "236.64",
            "revenue": 681521
        },
        "2015-11": {
            "month": "2015-11",
            "price": "275.90",
            "revenue": 791076
        },
        "2015-12": {
            "month": "2015-12",
            "price": "300.50",
            "revenue": 868237
        },
        "2016-01": {
            "month": "2016-01",
            "price": "344.26",
            "revenue": 978343
        },
        "2016-02": {
            "month": "2016-02",
            "price": "403.50",
            "revenue": 910099
        },
        "2016-03": {
            "month": "2016-03",
            "price": "475.04",
            "revenue": 1033158
        },
        "2016-04": {
            "month": "2016-04",
            "price": "540.34",
            "revenue": 829632
        },
        "2016-05": {
            "month": "2016-05",
            "price": "416.10",
            "revenue": 826569
        },
        "2016-06": {
            "month": "2016-06",
            "price": "451.60",
            "revenue": 626569
        },
        "2016-07": {
            "month": "2016-07",
            "price": "450.15",
            "revenue": 636199
        },
        "2016-08": {
            "month": "2016-08",
            "price": "471.46",
            "revenue": 677612
        },
        "2016-09": {
            "month": "2016-09",
            "price": "464.68",
            "revenue": 816580
        },
        "2016-10": {
            "month": "2016-10",
            "price": "454.92",
            "revenue": 800134
        },
        "2016-11": {
            "month": "2016-11",
            "price": "330.05",
            "revenue": 870983
        },
        "2016-12": {
            "month": "2016-12",
            "price": "285.41",
            "revenue": 859503
        },
        "2017-01": {
            "month": "2017-01",
            "price": "295.75",
            "revenue": 774714
        },
        "2017-02": {
            "month": "2017-02",
            "price": "332.81",
            "revenue": 541138
        },
        "2017-03": {
            "month": "2017-03",
            "price": "275.11",
            "revenue": 733527
        },
        "2017-04": {
            "month": "2017-04",
            "price": "216.14",
            "revenue": 566263
        },
        "2017-05": {
            "month": "2017-05",
            "price": "187.75",
            "revenue": 589981
        },
        "2017-06": {
            "month": "2017-06",
            "price": "188.35",
            "revenue": 539262
        },
        "2017-07": {
            "month": "2017-07",
            "price": "187.05",
            "revenue": 463653
        },
        "2017-08": {
            "month": "2017-08",
            "price": "189.78",
            "revenue": 570139
        },
        "2017-09": {
            "month": "2017-09",
            "price": "196.18",
            "revenue": 618952
        },
        "2017-10": {
            "month": "2017-10",
            "price": "214.45",
            "revenue": 698588
        },
        "2017-11": {
            "month": "2017-11",
            "price": "162.41",
            "revenue": 900157
        },
        "2017-12": {
            "month": "2017-12",
            "price": "164.05",
            "revenue": 840536
        },
        "2018-01": {
            "month": "2018-01",
            "price": "164.64",
            "revenue": 841716
        },
        "2018-02": {
            "month": "2018-02",
            "price": "145.58",
            "revenue": 491864
        },
        "2018-03": {
            "month": "2018-03",
            "price": "139.63",
            "revenue": 672907
        },
        "2018-04": {
            "month": "2018-04",
            "price": "124.14",
            "revenue": 604979
        },
        "2018-05": {
            "month": "2018-05",
            "price": "102.47",
            "revenue": 601487
        },
        "2018-06": {
            "month": "2018-06",
            "price": "105.78",
            "revenue": 562496
        },
        "2018-07": {
            "month": "2018-07",
            "price": "105.69",
            "revenue": 460006
        },
        "2018-08": {
            "month": "2018-08",
            "price": "102.48",
            "revenue": 552219
        },
        "2018-09": {
            "month": "2018-09",
            "price": "82.27",
            "revenue": 573877
        },
        "2018-10": {
            "month": "2018-10",
            "price": "68.06",
            "revenue": 725703
        },
        "2018-11": {
            "month": "2018-11",
            "price": "60.82",
            "revenue": 821371
        },
        "2018-12": {
            "month": "2018-12",
            "price": "64.06",
            "revenue": 545922
        },
        "2019-01": {
            "month": "2019-01",
            "price": "60.74",
            "revenue": 694888
        },
        "2019-02": {
            "month": "2019-02",
            "price": "65.39",
            "revenue": 380499
        },
        "2019-03": {
            "month": "2019-03",
            "price": "62.62",
            "revenue": 671912
        },
        "2019-04": {
            "month": "2019-04",
            "price": "75.00",
            "revenue": 678998
        },
        "2019-05": {
            "month": "2019-05",
            "price": "65.03",
            "revenue": 482453
        },
        "2019-06": {
            "month": "2019-06",
            "price": "60.65",
            "revenue": 474392
        },
        "2019-07": {
            "month": "2019-07",
            "price": "70.29",
            "revenue": 470642
        },
        "2019-08": {
            "month": "2019-08",
            "price": "65.83",
            "revenue": 515814
        },
        "2019-09": {
            "month": "2019-09",
            "price": "69.79",
            "revenue": 653870
        },
        "2019-10": {
            "month": "2019-10",
            "price": "72.07",
            "revenue": 766426
        },
        "2019-11": {
            "month": "2019-11",
            "price": "70.99",
            "revenue": 743398
        },
        "2019-12": {
            "month": "2019-12",
            "price": "70.54",
            "revenue": 732413
        },
        "2020-01": {
            "month": "2020-01",
            "price": "69.20",
            "revenue": 462239
        },
        "2020-02": {
            "month": "2020-02",
            "price": "60.05",
            "revenue": 195984
        },
        "2020-03": {
            "month": "2020-03",
            "price": "40.32",
            "revenue": 382503
        },
        "2020-04": {
            "month": "2020-04",
            "price": "43.20",
            "revenue": 478227
        },
        "2020-05": {
            "month": "2020-05",
            "price": "55.65",
            "revenue": 429448
        },
        "2020-06": {
            "month": "2020-06",
            "price": "56.00",
            "revenue": 509709
        },
        "2020-07": {
            "month": "2020-07",
            "price": "67.07",
            "revenue": 546175
        },
        "2020-08": {
            "month": "2020-08",
            "price": "96.15",
            "revenue": 580420
        },
        "2020-09": {
            "month": "2020-09",
            "price": "92.42",
            "revenue": 818064
        },
        "2020-10": {
            "month": "2020-10",
            "price": "116.37",
            "revenue": 841431
        },
        "2020-11": {
            "month": "2020-11",
            "price": "147.71",
            "revenue": 918244
        },
        "2020-12": {
            "month": "2020-12",
            "price": "177.28",
            "revenue": 928892
        },
        "2021-01": {
            "month": "2021-01",
            "price": "268.40",
            "revenue": 853816
        },
        "2021-02": {
            "month": "2021-02",
            "price": "330.50",
            "revenue": 612947
        },
        "2021-03": {
            "month": "2021-03",
            "price": "291.93",
            "revenue": 685820
        },
        "2021-04": {
            "month": "2021-04",
            "price": "252.13",
            "revenue": 654369
        },
        "2021-05": {
            "month": "2021-05",
            "price": "182.50",
            "revenue": 634570
        },
        "2021-06": {
            "month": "2021-06",
            "price": "225.33",
            "revenue": 616539
        },
        "2021-07": {
            "month": "2021-07",
            "price": "251.57",
            "revenue": 634255
        },
        "2021-08": {
            "month": "2021-08",
            "price": "206.75",
            "revenue": 566101
        },
        "2021-09": {
            "month": "2021-09",
            "price": "186.22",
            "revenue": 661679
        },
        "2021-10": {
            "month": "2021-10",
            "price": "175.65",
            "revenue": 780441
        },
        "2021-11": {
            "month": "2021-11",
            "price": "196.14",
            "revenue": 791758
        },
        "2021-12": {
            "month": "2021-12",
            "price": "174.95",
            "revenue": 892714
        },
        "2022-01": {
            "month": "2022-01",
            "price": "157.47",
            "revenue": 949050
        },
        "2022-02": {
            "month": "2022-02",
            "price": "149.60",
            "revenue": 597294
        },
        "2022-03": {
            "month": "2022-03",
            "price": "134.63",
            "revenue": 790396
        },
        "2022-04": {
            "month": "2022-04",
            "price": "161.34",
            "revenue": 631624
        },
        "2022-05": {
            "month": "2022-05",
            "price": "162.55",
            "revenue": 653081
        },
        "2022-06": {
            "month": "2022-06",
            "price": "166.36",
            "revenue": 794052
        },
        "2022-07": {
            "month": "2022-07",
            "price": "148.21",
            "revenue": 791666
        },
        "2022-08": {
            "month": "2022-08",
            "price": "159.50",
            "revenue": 910609
        },
        "2022-09": {
            "month": "2022-09",
            "price": "181.52",
            "revenue": 876261
        },
        "2022-10": {
            "month": "2022-10",
            "price": "145.35",
            "revenue": 842607
        },
        "2022-11": {
            "month": "2022-11",
            "price": "147.55",
            "revenue": 917487
        },
        "2022-12": {
            "month": "2022-12",
            "price": "147.86",
            "revenue": 749117
        },
        "2023-01": {
            "month": "2023-01",
            "price": "141.27",
            "revenue": 461055
        },
        "2023-02": {
            "month": "2023-02",
            "price": "153.86",
            "revenue": 681127
        },
        "2023-03": {
            "month": "2023-03",
            "price": "158.17",
            "revenue": 794603
        },
        "2023-04": {
            "month": "2023-04",
            "price": "149.18",
            "revenue": 783968
        }
    }
}
