{
    "summary": {
        "stock_name": "力積",
        "stock_id": "3553",
        "category": "半導體",
        "main_business": "電子零組件製造業<BR>電子資訊供應服務業<BR>產品設計業",
        "website_url": "",
        "ceo": "陳冠州",
        "pe_ratio": -5,
        "report_year_from": 2006,
        "report_year_to": 2017,
        "age": 18,
        "eps_negative_percentage": 27,
        "eps_growth_avg": {
            "last_all": -19.67,
            "last_2y": -90.85,
            "last_4y": -10.96,
            "last_8y": -12.35,
            "last_12y": null,
            "last_16y": null,
            "last_20y": null,
            "at_2006_last_3y": null,
            "at_2007_last_3y": null,
            "at_2008_last_3y": null,
            "at_2009_last_3y": null,
            "at_2010_last_3y": null,
            "at_2011_last_3y": -28.38,
            "at_2012_last_3y": -14.22,
            "at_2013_last_3y": -14.22,
            "at_2014_last_3y": 12.62,
            "at_2015_last_3y": 18.72,
            "at_2016_last_3y": -10.96,
            "at_2017_last_3y": -47.94,
            "at_2018_last_3y": -47.94,
            "at_2019_last_3y": -47.94,
            "at_2020_last_3y": -47.94,
            "at_2021_last_3y": -47.94,
            "at_2022_last_3y": -47.94,
            "at_2023_last_3y": -47.94,
            "at_2024_last_3y": -47.94,
            "at_2006_last_all": null,
            "at_2007_last_all": null,
            "at_2008_last_all": null,
            "at_2009_last_all": 14.55,
            "at_2010_last_all": -4.51,
            "at_2011_last_all": -28.38,
            "at_2012_last_all": -28.38,
            "at_2013_last_all": -2.71,
            "at_2014_last_all": 4.05,
            "at_2015_last_all": -8.19,
            "at_2016_last_all": -19.67,
            "at_2017_last_all": -19.67,
            "at_2018_last_all": -19.67,
            "at_2019_last_all": -19.67,
            "at_2020_last_all": -19.67,
            "at_2021_last_all": -19.67,
            "at_2022_last_all": -19.67,
            "at_2023_last_all": -19.67,
            "at_2024_last_all": -19.67
        },
        "latest_eps": -3.05,
        "latest_price": 14.4,
        "latest_roe": -27.55,
        "latest_gross_margin": 9.81,
        "latest_equity": 647769,
        "latest_revenue": 488637,
        "latest_gross_profit": 47958,
        "latest_net_income": -13525,
        "latest_debt_ratio": 41.06,
        "latest_current_ratio": 227.63,
        "latest_account_receivable_turnover_ratio": 2.95,
        "latest_inventory_turnover_ratio": 1.44,
        "latest_reinvestment_rate": null,
        "latest_research_to_sale_ratio": 7.61
    },
    "eps_dividends": {
        "2001": {
            "cash": 0,
            "stock": 0,
            "eps": 0
        },
        "2002": {
            "cash": 0,
            "stock": 0,
            "eps": 0
        },
        "2003": {
            "cash": 0,
            "stock": 0,
            "eps": 0
        },
        "2004": {
            "cash": 0,
            "stock": 0,
            "eps": 0
        },
        "2005": {
            "cash": 0,
            "stock": 0,
            "eps": 0
        },
        "2006": {
            "cash": 0,
            "stock": 0,
            "eps": 0
        },
        "2007": {
            "cash": 0.3,
            "stock": 2,
            "eps": 7.18
        },
        "2008": {
            "cash": 1.75,
            "stock": 1.75,
            "eps": 2.09
        },
        "2009": {
            "cash": 0.8,
            "stock": 0.7,
            "eps": 6.12
        },
        "2010": {
            "cash": 4,
            "stock": 1,
            "eps": 3.51
        },
        "2011": {
            "cash": 1.1,
            "stock": 1.1,
            "eps": -4.41
        },
        "2012": {
            "cash": 0,
            "stock": 0,
            "eps": 0.21
        },
        "2013": {
            "cash": 0,
            "stock": 0,
            "eps": 1.03
        },
        "2014": {
            "cash": 0.45,
            "stock": 0.45,
            "eps": 1.42
        },
        "2015": {
            "cash": 1.24,
            "stock": 0,
            "eps": 0.26
        },
        "2016": {
            "cash": 0.2,
            "stock": 0,
            "eps": -3.3
        },
        "2017": {
            "cash": 0,
            "stock": 0,
            "eps": -0.52
        }
    },
    "dividends": {
        "2007-02-13": {
            "cash": 0.3,
            "stock": 2
        },
        "2008-03-11": {
            "cash": 1.75,
            "stock": 1.75
        },
        "2009-03-16": {
            "cash": 0.8,
            "stock": 0.7
        },
        "2010-03-29": {
            "cash": 4,
            "stock": 1
        },
        "2011-04-28": {
            "cash": 1.1,
            "stock": 1.1
        },
        "2014-07-31": {
            "cash": 0.45,
            "stock": 0.45
        },
        "2015-03-13": {
            "cash": 1.24,
            "stock": 0
        },
        "2016-03-21": {
            "cash": 0.2,
            "stock": 0
        }
    },
    "prices": {
        "200101": "無",
        "200102": "無",
        "200103": "無",
        "200104": "無",
        "200105": "無",
        "200106": "無",
        "200107": "無",
        "200108": "無",
        "200109": "無",
        "200110": "無",
        "200111": "無",
        "200112": "無",
        "200201": "無",
        "200202": "無",
        "200203": "無",
        "200204": "無",
        "200205": "無",
        "200206": "無",
        "200207": "無",
        "200208": "無",
        "200209": "無",
        "200210": "無",
        "200211": "無",
        "200212": "無",
        "200301": "無",
        "200302": "無",
        "200303": "無",
        "200304": "無",
        "200305": "無",
        "200306": "無",
        "200307": "無",
        "200308": "無",
        "200309": "無",
        "200310": "無",
        "200311": "無",
        "200312": "無",
        "200401": "無",
        "200402": "無",
        "200403": "無",
        "200404": "無",
        "200405": "無",
        "200406": "無",
        "200407": "無",
        "200408": "無",
        "200409": "無",
        "200410": "無",
        "200411": "無",
        "200412": "無",
        "200501": "無",
        "200502": "無",
        "200503": "無",
        "200504": "無",
        "200505": "無",
        "200506": "無",
        "200507": "無",
        "200508": "無",
        "200509": "無",
        "200510": "無",
        "200511": "無",
        "200512": "無",
        "200601": "無",
        "200602": "無",
        "200603": "無",
        "200604": "無",
        "200605": "無",
        "200606": "無",
        "200607": "無",
        "200608": "無",
        "200609": "無",
        "200610": "無",
        "200611": "無",
        "200612": "無",
        "200701": "無",
        "200702": "152.75",
        "200703": "147.06",
        "200704": "133.47",
        "200705": "143.40",
        "200706": "162.89",
        "200707": "163.38",
        "200708": "144.52",
        "200709": "132.27",
        "200710": "127.26",
        "200711": "103.74",
        "200712": "82.29",
        "200801": "65.93",
        "200802": "62.17",
        "200803": "62.71",
        "200804": "72.39",
        "200805": "86.56",
        "200806": "80.95",
        "200807": "61.84",
        "200808": "43.00",
        "200809": "32.78",
        "200810": "19.13",
        "200811": "16.26",
        "200812": "16.25",
        "200901": "22.54",
        "200902": "21.68",
        "200903": "25.35",
        "200904": "30.81",
        "200905": "36.53",
        "200906": "31.46",
        "200907": "36.90",
        "200908": "46.69",
        "200909": "70.15",
        "200910": "77.66",
        "200911": "75.81",
        "200912": "89.06",
        "201001": "95.06",
        "201002": "91.41",
        "201003": "117.03",
        "201004": "137.12",
        "201005": "100.97",
        "201006": "95.43",
        "201007": "99.48",
        "201008": "90.32",
        "201009": "78.96",
        "201010": "70.72",
        "201011": "62.19",
        "201012": "67.44",
        "201101": "64.48",
        "201102": "67.52",
        "201103": "62.08",
        "201104": "49.53",
        "201105": "39.25",
        "201106": "36.31",
        "201107": "31.08",
        "201108": "18.42",
        "201109": "18.52",
        "201110": "22.24",
        "201111": "17.92",
        "201112": "15.64",
        "201201": "16.50",
        "201202": "23.39",
        "201203": "21.37",
        "201204": "18.30",
        "201205": "18.58",
        "201206": "17.14",
        "201207": "17.20",
        "201208": "15.63",
        "201209": "16.58",
        "201210": "14.18",
        "201211": "12.85",
        "201212": "14.37",
        "201301": "16.98",
        "201302": "17.50",
        "201303": "17.12",
        "201304": "20.73",
        "201305": "27.43",
        "201306": "28.16",
        "201307": "25.88",
        "201308": "23.90",
        "201309": "24.57",
        "201310": "25.83",
        "201311": "20.11",
        "201312": "19.99",
        "201401": "22.50",
        "201402": "22.54",
        "201403": "24.09",
        "201404": "26.25",
        "201405": "24.11",
        "201406": "24.76",
        "201407": "23.88",
        "201408": "21.19",
        "201409": "19.95",
        "201410": "20.96",
        "201411": "21.98",
        "201412": "22.18",
        "201501": "24.14",
        "201502": "24.94",
        "201503": "28.11",
        "201504": "26.34",
        "201505": "24.34",
        "201506": "21.97",
        "201507": "18.79",
        "201508": "14.25",
        "201509": "14.26",
        "201510": "15.05",
        "201511": "14.23",
        "201512": "13.49",
        "201601": "12.05",
        "201602": "12.12",
        "201603": "13.21",
        "201604": "12.06",
        "201605": "10.61",
        "201606": "11.41",
        "201607": "12.76",
        "201608": "12.76",
        "201609": "14.14",
        "201610": "14.28",
        "201611": "13.93",
        "201612": "14.00",
        "201701": "14.06",
        "201702": "14.09",
        "201703": "14.15",
        "201704": "14.24",
        "201705": "14.26",
        "201706": "14.30",
        "201707": "14.32",
        "201708": "14.35",
        "201709": "14.40",
        "201710": "無",
        "201711": "無",
        "201712": "無",
        "201801": "無",
        "201802": "無",
        "201803": "無",
        "201804": "無",
        "201805": "無",
        "201806": "無",
        "201807": "無",
        "201808": "無",
        "201809": "無",
        "201810": "無",
        "201811": "無",
        "201812": "無",
        "201901": "無",
        "201902": "無",
        "201903": "無",
        "201904": "無",
        "201905": "無",
        "201906": "無",
        "201907": "無",
        "201908": "無",
        "201909": "無",
        "201910": "無",
        "201911": "無",
        "201912": "無",
        "202001": "無",
        "202002": "無",
        "202003": "無",
        "202004": "無",
        "202005": "無",
        "202006": "無",
        "202007": "無",
        "202008": "無",
        "202009": "無",
        "202010": "無",
        "202011": "無",
        "202012": "無",
        "202101": "無",
        "202102": "無",
        "202103": "無",
        "202104": "無",
        "202105": "無",
        "202106": "無",
        "202107": "無",
        "202108": "無",
        "202109": "無",
        "202110": "無",
        "202111": "無",
        "202112": "無",
        "202201": "無",
        "202202": "無",
        "202203": "無",
        "202204": "無",
        "202205": "無",
        "202206": "無",
        "202207": "無",
        "202208": "無",
        "202209": "無",
        "202210": "無",
        "202211": "無",
        "202212": "無",
        "202301": "無",
        "202302": "無",
        "202303": "無",
        "202304": "無",
        "202305": "無",
        "202306": "無",
        "202307": "無",
        "202308": "無",
        "202309": "無",
        "202310": "無",
        "202311": "無",
        "202312": "無",
        "202401": "無",
        "202402": "無",
        "202403": "無",
        "202404": "無"
    },
    "quarters": {
        "20011": {
            "year_quarter": 20011,
            "year": 2001,
            "quarter": 1,
            "eps": null,
            "eps_growth_year": null,
            "eps_4q": null,
            "eps_4q_growth_year": null,
            "roe": null,
            "roe_4q": 0,
            "gross_profit": null,
            "gross_margin": null,
            "gross_margin_4q_avg": 0,
            "net_income": null,
            "net_income_4q": null,
            "revenue": null,
            "revenue_4q": null,
            "common_shares": null,
            "book_valuer_per_share": null,
            "book_valuer_per_share_4q_avg": 0,
            "equity": null,
            "current_ratio": null,
            "debt_ratio": null,
            "inventory_turnover_ratio": null,
            "account_receivable_turnover_ratio": null,
            "reinvestment_rate": null,
            "research_to_sale_ratio": null,
            "price_fair": 0,
            "eps_avg_yearly": 0,
            "eps_latest_yearly": 0,
            "eps_growth_yearly": 0
        },
        "20012": {
            "year_quarter": 20012,
            "year": 2001,
            "quarter": 2,
            "eps": null,
            "eps_growth_year": null,
            "eps_4q": null,
            "eps_4q_growth_year": null,
            "roe": null,
            "roe_4q": 0,
            "gross_profit": null,
            "gross_margin": null,
            "gross_margin_4q_avg": 0,
            "net_income": null,
            "net_income_4q": null,
            "revenue": null,
            "revenue_4q": null,
            "common_shares": null,
            "book_valuer_per_share": null,
            "book_valuer_per_share_4q_avg": 0,
            "equity": null,
            "current_ratio": null,
            "debt_ratio": null,
            "inventory_turnover_ratio": null,
            "account_receivable_turnover_ratio": null,
            "reinvestment_rate": null,
            "research_to_sale_ratio": null,
            "price_fair": 0,
            "eps_avg_yearly": 0,
            "eps_latest_yearly": 0,
            "eps_growth_yearly": 0
        },
        "20013": {
            "year_quarter": 20013,
            "year": 2001,
            "quarter": 3,
            "eps": null,
            "eps_growth_year": null,
            "eps_4q": null,
            "eps_4q_growth_year": null,
            "roe": null,
            "roe_4q": 0,
            "gross_profit": null,
            "gross_margin": null,
            "gross_margin_4q_avg": 0,
            "net_income": null,
            "net_income_4q": null,
            "revenue": null,
            "revenue_4q": null,
            "common_shares": null,
            "book_valuer_per_share": null,
            "book_valuer_per_share_4q_avg": 0,
            "equity": null,
            "current_ratio": null,
            "debt_ratio": null,
            "inventory_turnover_ratio": null,
            "account_receivable_turnover_ratio": null,
            "reinvestment_rate": null,
            "research_to_sale_ratio": null,
            "price_fair": 0,
            "eps_avg_yearly": 0,
            "eps_latest_yearly": 0,
            "eps_growth_yearly": 0
        },
        "20014": {
            "year_quarter": 20014,
            "year": 2001,
            "quarter": 4,
            "eps": null,
            "eps_growth_year": null,
            "eps_4q": null,
            "eps_4q_growth_year": null,
            "roe": null,
            "roe_4q": 0,
            "gross_profit": null,
            "gross_margin": null,
            "gross_margin_4q_avg": 0,
            "net_income": null,
            "net_income_4q": null,
            "revenue": null,
            "revenue_4q": null,
            "common_shares": null,
            "book_valuer_per_share": null,
            "book_valuer_per_share_4q_avg": 0,
            "equity": null,
            "current_ratio": null,
            "debt_ratio": null,
            "inventory_turnover_ratio": null,
            "account_receivable_turnover_ratio": null,
            "reinvestment_rate": null,
            "research_to_sale_ratio": null,
            "price_fair": 0,
            "eps_avg_yearly": 0,
            "eps_latest_yearly": 0,
            "eps_growth_yearly": 0
        },
        "20021": {
            "year_quarter": 20021,
            "year": 2002,
            "quarter": 1,
            "eps": null,
            "eps_growth_year": null,
            "eps_4q": null,
            "eps_4q_growth_year": null,
            "roe": null,
            "roe_4q": 0,
            "gross_profit": null,
            "gross_margin": null,
            "gross_margin_4q_avg": 0,
            "net_income": null,
            "net_income_4q": null,
            "revenue": null,
            "revenue_4q": null,
            "common_shares": null,
            "book_valuer_per_share": null,
            "book_valuer_per_share_4q_avg": 0,
            "equity": null,
            "current_ratio": null,
            "debt_ratio": null,
            "inventory_turnover_ratio": null,
            "account_receivable_turnover_ratio": null,
            "reinvestment_rate": null,
            "research_to_sale_ratio": null,
            "price_fair": 0,
            "eps_avg_yearly": 0,
            "eps_latest_yearly": 0,
            "eps_growth_yearly": 0
        },
        "20022": {
            "year_quarter": 20022,
            "year": 2002,
            "quarter": 2,
            "eps": null,
            "eps_growth_year": null,
            "eps_4q": null,
            "eps_4q_growth_year": null,
            "roe": null,
            "roe_4q": 0,
            "gross_profit": null,
            "gross_margin": null,
            "gross_margin_4q_avg": 0,
            "net_income": null,
            "net_income_4q": null,
            "revenue": null,
            "revenue_4q": null,
            "common_shares": null,
            "book_valuer_per_share": null,
            "book_valuer_per_share_4q_avg": 0,
            "equity": null,
            "current_ratio": null,
            "debt_ratio": null,
            "inventory_turnover_ratio": null,
            "account_receivable_turnover_ratio": null,
            "reinvestment_rate": null,
            "research_to_sale_ratio": null,
            "price_fair": 0,
            "eps_avg_yearly": 0,
            "eps_latest_yearly": 0,
            "eps_growth_yearly": 0
        },
        "20023": {
            "year_quarter": 20023,
            "year": 2002,
            "quarter": 3,
            "eps": null,
            "eps_growth_year": null,
            "eps_4q": null,
            "eps_4q_growth_year": null,
            "roe": null,
            "roe_4q": 0,
            "gross_profit": null,
            "gross_margin": null,
            "gross_margin_4q_avg": 0,
            "net_income": null,
            "net_income_4q": null,
            "revenue": null,
            "revenue_4q": null,
            "common_shares": null,
            "book_valuer_per_share": null,
            "book_valuer_per_share_4q_avg": 0,
            "equity": null,
            "current_ratio": null,
            "debt_ratio": null,
            "inventory_turnover_ratio": null,
            "account_receivable_turnover_ratio": null,
            "reinvestment_rate": null,
            "research_to_sale_ratio": null,
            "price_fair": 0,
            "eps_avg_yearly": 0,
            "eps_latest_yearly": 0,
            "eps_growth_yearly": 0
        },
        "20024": {
            "year_quarter": 20024,
            "year": 2002,
            "quarter": 4,
            "eps": null,
            "eps_growth_year": null,
            "eps_4q": null,
            "eps_4q_growth_year": null,
            "roe": null,
            "roe_4q": 0,
            "gross_profit": null,
            "gross_margin": null,
            "gross_margin_4q_avg": 0,
            "net_income": null,
            "net_income_4q": null,
            "revenue": null,
            "revenue_4q": null,
            "common_shares": 4000,
            "book_valuer_per_share": 9.91,
            "book_valuer_per_share_4q_avg": 2.48,
            "equity": 3964,
            "current_ratio": 7411.11,
            "debt_ratio": 1.34,
            "inventory_turnover_ratio": null,
            "account_receivable_turnover_ratio": null,
            "reinvestment_rate": null,
            "research_to_sale_ratio": null,
            "price_fair": 0,
            "eps_avg_yearly": 0,
            "eps_latest_yearly": 0,
            "eps_growth_yearly": 0
        },
        "20031": {
            "year_quarter": 20031,
            "year": 2003,
            "quarter": 1,
            "eps": null,
            "eps_growth_year": null,
            "eps_4q": null,
            "eps_4q_growth_year": null,
            "roe": null,
            "roe_4q": 0,
            "gross_profit": null,
            "gross_margin": null,
            "gross_margin_4q_avg": 0,
            "net_income": null,
            "net_income_4q": null,
            "revenue": null,
            "revenue_4q": null,
            "common_shares": null,
            "book_valuer_per_share": null,
            "book_valuer_per_share_4q_avg": 2.48,
            "equity": null,
            "current_ratio": null,
            "debt_ratio": null,
            "inventory_turnover_ratio": null,
            "account_receivable_turnover_ratio": null,
            "reinvestment_rate": null,
            "research_to_sale_ratio": null,
            "price_fair": 0,
            "eps_avg_yearly": 0,
            "eps_latest_yearly": 0,
            "eps_growth_yearly": 0
        },
        "20032": {
            "year_quarter": 20032,
            "year": 2003,
            "quarter": 2,
            "eps": null,
            "eps_growth_year": null,
            "eps_4q": null,
            "eps_4q_growth_year": null,
            "roe": null,
            "roe_4q": 0,
            "gross_profit": null,
            "gross_margin": null,
            "gross_margin_4q_avg": 0,
            "net_income": null,
            "net_income_4q": null,
            "revenue": null,
            "revenue_4q": null,
            "common_shares": null,
            "book_valuer_per_share": null,
            "book_valuer_per_share_4q_avg": 2.48,
            "equity": null,
            "current_ratio": null,
            "debt_ratio": null,
            "inventory_turnover_ratio": null,
            "account_receivable_turnover_ratio": null,
            "reinvestment_rate": null,
            "research_to_sale_ratio": null,
            "price_fair": 0,
            "eps_avg_yearly": 0,
            "eps_latest_yearly": 0,
            "eps_growth_yearly": 0
        },
        "20033": {
            "year_quarter": 20033,
            "year": 2003,
            "quarter": 3,
            "eps": null,
            "eps_growth_year": null,
            "eps_4q": null,
            "eps_4q_growth_year": null,
            "roe": null,
            "roe_4q": 0,
            "gross_profit": null,
            "gross_margin": null,
            "gross_margin_4q_avg": 0,
            "net_income": null,
            "net_income_4q": null,
            "revenue": null,
            "revenue_4q": null,
            "common_shares": null,
            "book_valuer_per_share": null,
            "book_valuer_per_share_4q_avg": 2.48,
            "equity": null,
            "current_ratio": null,
            "debt_ratio": null,
            "inventory_turnover_ratio": null,
            "account_receivable_turnover_ratio": null,
            "reinvestment_rate": null,
            "research_to_sale_ratio": null,
            "price_fair": 0,
            "eps_avg_yearly": 0,
            "eps_latest_yearly": 0,
            "eps_growth_yearly": 0
        },
        "20034": {
            "year_quarter": 20034,
            "year": 2003,
            "quarter": 4,
            "eps": null,
            "eps_growth_year": null,
            "eps_4q": null,
            "eps_4q_growth_year": null,
            "roe": null,
            "roe_4q": 0,
            "gross_profit": null,
            "gross_margin": null,
            "gross_margin_4q_avg": 0,
            "net_income": null,
            "net_income_4q": null,
            "revenue": null,
            "revenue_4q": null,
            "common_shares": 100000,
            "book_valuer_per_share": 9.47,
            "book_valuer_per_share_4q_avg": 2.37,
            "equity": 94717,
            "current_ratio": 1204.65,
            "debt_ratio": 5.02,
            "inventory_turnover_ratio": null,
            "account_receivable_turnover_ratio": null,
            "reinvestment_rate": null,
            "research_to_sale_ratio": null,
            "price_fair": 0,
            "eps_avg_yearly": 0,
            "eps_latest_yearly": 0,
            "eps_growth_yearly": 0
        },
        "20041": {
            "year_quarter": 20041,
            "year": 2004,
            "quarter": 1,
            "eps": null,
            "eps_growth_year": null,
            "eps_4q": null,
            "eps_4q_growth_year": null,
            "roe": null,
            "roe_4q": 0,
            "gross_profit": null,
            "gross_margin": null,
            "gross_margin_4q_avg": 0,
            "net_income": null,
            "net_income_4q": null,
            "revenue": null,
            "revenue_4q": null,
            "common_shares": null,
            "book_valuer_per_share": null,
            "book_valuer_per_share_4q_avg": 2.37,
            "equity": null,
            "current_ratio": null,
            "debt_ratio": null,
            "inventory_turnover_ratio": null,
            "account_receivable_turnover_ratio": null,
            "reinvestment_rate": null,
            "research_to_sale_ratio": null,
            "price_fair": 0,
            "eps_avg_yearly": 0,
            "eps_latest_yearly": 0,
            "eps_growth_yearly": 0
        },
        "20042": {
            "year_quarter": 20042,
            "year": 2004,
            "quarter": 2,
            "eps": null,
            "eps_growth_year": null,
            "eps_4q": null,
            "eps_4q_growth_year": null,
            "roe": null,
            "roe_4q": 0,
            "gross_profit": null,
            "gross_margin": null,
            "gross_margin_4q_avg": 0,
            "net_income": null,
            "net_income_4q": null,
            "revenue": null,
            "revenue_4q": null,
            "common_shares": null,
            "book_valuer_per_share": null,
            "book_valuer_per_share_4q_avg": 2.37,
            "equity": null,
            "current_ratio": null,
            "debt_ratio": null,
            "inventory_turnover_ratio": null,
            "account_receivable_turnover_ratio": null,
            "reinvestment_rate": null,
            "research_to_sale_ratio": null,
            "price_fair": 0,
            "eps_avg_yearly": 0,
            "eps_latest_yearly": 0,
            "eps_growth_yearly": 0
        },
        "20043": {
            "year_quarter": 20043,
            "year": 2004,
            "quarter": 3,
            "eps": null,
            "eps_growth_year": null,
            "eps_4q": null,
            "eps_4q_growth_year": null,
            "roe": null,
            "roe_4q": 0,
            "gross_profit": null,
            "gross_margin": null,
            "gross_margin_4q_avg": 0,
            "net_income": null,
            "net_income_4q": null,
            "revenue": null,
            "revenue_4q": null,
            "common_shares": null,
            "book_valuer_per_share": null,
            "book_valuer_per_share_4q_avg": 2.37,
            "equity": null,
            "current_ratio": null,
            "debt_ratio": null,
            "inventory_turnover_ratio": null,
            "account_receivable_turnover_ratio": null,
            "reinvestment_rate": null,
            "research_to_sale_ratio": null,
            "price_fair": 0,
            "eps_avg_yearly": 0,
            "eps_latest_yearly": 0,
            "eps_growth_yearly": 0
        },
        "20044": {
            "year_quarter": 20044,
            "year": 2004,
            "quarter": 4,
            "eps": null,
            "eps_growth_year": null,
            "eps_4q": null,
            "eps_4q_growth_year": null,
            "roe": null,
            "roe_4q": 0,
            "gross_profit": null,
            "gross_margin": null,
            "gross_margin_4q_avg": 0,
            "net_income": null,
            "net_income_4q": null,
            "revenue": null,
            "revenue_4q": null,
            "common_shares": 250000,
            "book_valuer_per_share": 9.42,
            "book_valuer_per_share_4q_avg": 2.36,
            "equity": 235530,
            "current_ratio": 928.36,
            "debt_ratio": 8.69,
            "inventory_turnover_ratio": null,
            "account_receivable_turnover_ratio": null,
            "reinvestment_rate": null,
            "research_to_sale_ratio": null,
            "price_fair": 0,
            "eps_avg_yearly": 0,
            "eps_latest_yearly": 0,
            "eps_growth_yearly": 0
        },
        "20051": {
            "year_quarter": 20051,
            "year": 2005,
            "quarter": 1,
            "eps": null,
            "eps_growth_year": null,
            "eps_4q": null,
            "eps_4q_growth_year": null,
            "roe": null,
            "roe_4q": 0,
            "gross_profit": null,
            "gross_margin": null,
            "gross_margin_4q_avg": 0,
            "net_income": null,
            "net_income_4q": null,
            "revenue": null,
            "revenue_4q": null,
            "common_shares": null,
            "book_valuer_per_share": null,
            "book_valuer_per_share_4q_avg": 2.36,
            "equity": null,
            "current_ratio": null,
            "debt_ratio": null,
            "inventory_turnover_ratio": null,
            "account_receivable_turnover_ratio": null,
            "reinvestment_rate": null,
            "research_to_sale_ratio": null,
            "price_fair": 0,
            "eps_avg_yearly": 0,
            "eps_latest_yearly": 0,
            "eps_growth_yearly": 0
        },
        "20052": {
            "year_quarter": 20052,
            "year": 2005,
            "quarter": 2,
            "eps": null,
            "eps_growth_year": null,
            "eps_4q": null,
            "eps_4q_growth_year": null,
            "roe": null,
            "roe_4q": 0,
            "gross_profit": null,
            "gross_margin": null,
            "gross_margin_4q_avg": 0,
            "net_income": null,
            "net_income_4q": null,
            "revenue": null,
            "revenue_4q": null,
            "common_shares": null,
            "book_valuer_per_share": null,
            "book_valuer_per_share_4q_avg": 2.36,
            "equity": null,
            "current_ratio": null,
            "debt_ratio": null,
            "inventory_turnover_ratio": null,
            "account_receivable_turnover_ratio": null,
            "reinvestment_rate": null,
            "research_to_sale_ratio": null,
            "price_fair": 0,
            "eps_avg_yearly": 0,
            "eps_latest_yearly": 0,
            "eps_growth_yearly": 0
        },
        "20053": {
            "year_quarter": 20053,
            "year": 2005,
            "quarter": 3,
            "eps": null,
            "eps_growth_year": null,
            "eps_4q": null,
            "eps_4q_growth_year": null,
            "roe": null,
            "roe_4q": 0,
            "gross_profit": null,
            "gross_margin": null,
            "gross_margin_4q_avg": 0,
            "net_income": null,
            "net_income_4q": null,
            "revenue": null,
            "revenue_4q": null,
            "common_shares": null,
            "book_valuer_per_share": null,
            "book_valuer_per_share_4q_avg": 2.36,
            "equity": null,
            "current_ratio": null,
            "debt_ratio": null,
            "inventory_turnover_ratio": null,
            "account_receivable_turnover_ratio": null,
            "reinvestment_rate": null,
            "research_to_sale_ratio": null,
            "price_fair": 0,
            "eps_avg_yearly": 0,
            "eps_latest_yearly": 0,
            "eps_growth_yearly": 0
        },
        "20054": {
            "year_quarter": 20054,
            "year": 2005,
            "quarter": 4,
            "eps": null,
            "eps_growth_year": null,
            "eps_4q": null,
            "eps_4q_growth_year": null,
            "roe": null,
            "roe_4q": 0,
            "gross_profit": null,
            "gross_margin": null,
            "gross_margin_4q_avg": 0,
            "net_income": null,
            "net_income_4q": null,
            "revenue": null,
            "revenue_4q": null,
            "common_shares": 250000,
            "book_valuer_per_share": 9.42,
            "book_valuer_per_share_4q_avg": 2.36,
            "equity": 235587,
            "current_ratio": 545.86,
            "debt_ratio": 15.96,
            "inventory_turnover_ratio": null,
            "account_receivable_turnover_ratio": null,
            "reinvestment_rate": null,
            "research_to_sale_ratio": null,
            "price_fair": 0,
            "eps_avg_yearly": 0,
            "eps_latest_yearly": 0,
            "eps_growth_yearly": 0
        },
        "20061": {
            "year_quarter": 20061,
            "year": 2006,
            "quarter": 1,
            "eps": null,
            "eps_growth_year": null,
            "eps_4q": null,
            "eps_4q_growth_year": null,
            "roe": null,
            "roe_4q": 0,
            "gross_profit": null,
            "gross_margin": null,
            "gross_margin_4q_avg": 0,
            "net_income": null,
            "net_income_4q": null,
            "revenue": null,
            "revenue_4q": null,
            "common_shares": null,
            "book_valuer_per_share": null,
            "book_valuer_per_share_4q_avg": 2.36,
            "equity": null,
            "current_ratio": null,
            "debt_ratio": null,
            "inventory_turnover_ratio": null,
            "account_receivable_turnover_ratio": null,
            "reinvestment_rate": null,
            "research_to_sale_ratio": null,
            "price_fair": 0,
            "eps_avg_yearly": 0,
            "eps_latest_yearly": 0,
            "eps_growth_yearly": 0
        },
        "20062": {
            "year_quarter": 20062,
            "year": 2006,
            "quarter": 2,
            "eps": null,
            "eps_growth_year": null,
            "eps_4q": null,
            "eps_4q_growth_year": null,
            "roe": null,
            "roe_4q": 0,
            "gross_profit": null,
            "gross_margin": null,
            "gross_margin_4q_avg": 0,
            "net_income": null,
            "net_income_4q": null,
            "revenue": null,
            "revenue_4q": null,
            "common_shares": null,
            "book_valuer_per_share": null,
            "book_valuer_per_share_4q_avg": 2.36,
            "equity": null,
            "current_ratio": null,
            "debt_ratio": null,
            "inventory_turnover_ratio": null,
            "account_receivable_turnover_ratio": null,
            "reinvestment_rate": null,
            "research_to_sale_ratio": null,
            "price_fair": 0,
            "eps_avg_yearly": 0,
            "eps_latest_yearly": 0,
            "eps_growth_yearly": 0
        },
        "20063": {
            "year_quarter": 20063,
            "year": 2006,
            "quarter": 3,
            "eps": null,
            "eps_growth_year": null,
            "eps_4q": null,
            "eps_4q_growth_year": null,
            "roe": null,
            "roe_4q": 0,
            "gross_profit": null,
            "gross_margin": null,
            "gross_margin_4q_avg": 0,
            "net_income": null,
            "net_income_4q": null,
            "revenue": null,
            "revenue_4q": null,
            "common_shares": null,
            "book_valuer_per_share": null,
            "book_valuer_per_share_4q_avg": 2.36,
            "equity": null,
            "current_ratio": null,
            "debt_ratio": null,
            "inventory_turnover_ratio": null,
            "account_receivable_turnover_ratio": null,
            "reinvestment_rate": null,
            "research_to_sale_ratio": null,
            "price_fair": 0,
            "eps_avg_yearly": 0,
            "eps_latest_yearly": 0,
            "eps_growth_yearly": 0
        },
        "20064": {
            "year_quarter": 20064,
            "year": 2006,
            "quarter": 4,
            "eps": null,
            "eps_growth_year": null,
            "eps_4q": null,
            "eps_4q_growth_year": null,
            "roe": null,
            "roe_4q": 0,
            "gross_profit": null,
            "gross_margin": null,
            "gross_margin_4q_avg": 0,
            "net_income": null,
            "net_income_4q": null,
            "revenue": null,
            "revenue_4q": null,
            "common_shares": 251980,
            "book_valuer_per_share": 13.21,
            "book_valuer_per_share_4q_avg": 3.3,
            "equity": 332801,
            "current_ratio": 139.6,
            "debt_ratio": 66.89,
            "inventory_turnover_ratio": null,
            "account_receivable_turnover_ratio": null,
            "reinvestment_rate": null,
            "research_to_sale_ratio": null,
            "price_fair": 0,
            "eps_avg_yearly": 0,
            "eps_latest_yearly": 0,
            "eps_growth_yearly": 0
        },
        "20071": {
            "year_quarter": 20071,
            "year": 2007,
            "quarter": 1,
            "eps": 1.94,
            "eps_growth_year": null,
            "eps_4q": null,
            "eps_4q_growth_year": null,
            "roe": 16.64,
            "roe_4q": 16.64,
            "gross_profit": 100041,
            "gross_margin": 10.56,
            "gross_margin_4q_avg": 2.64,
            "net_income": 60440,
            "net_income_4q": null,
            "revenue": 947759,
            "revenue_4q": null,
            "common_shares": 252210,
            "book_valuer_per_share": 15.61,
            "book_valuer_per_share_4q_avg": 7.21,
            "equity": 393824,
            "current_ratio": 152.67,
            "debt_ratio": 60.84,
            "inventory_turnover_ratio": 45.86,
            "account_receivable_turnover_ratio": null,
            "reinvestment_rate": null,
            "research_to_sale_ratio": null,
            "price_fair": 0,
            "eps_avg_yearly": 0,
            "eps_latest_yearly": 0,
            "eps_growth_yearly": 0
        },
        "20072": {
            "year_quarter": 20072,
            "year": 2007,
            "quarter": 2,
            "eps": 2.11,
            "eps_growth_year": null,
            "eps_4q": null,
            "eps_4q_growth_year": null,
            "roe": 15.61,
            "roe_4q": 32.25,
            "gross_profit": 124910,
            "gross_margin": 13.63,
            "gross_margin_4q_avg": 6.05,
            "net_income": 65712,
            "net_income_4q": null,
            "revenue": 916424,
            "revenue_4q": null,
            "common_shares": 252210,
            "book_valuer_per_share": 17.76,
            "book_valuer_per_share_4q_avg": 11.65,
            "equity": 447882,
            "current_ratio": 179.43,
            "debt_ratio": 51.54,
            "inventory_turnover_ratio": 7.31,
            "account_receivable_turnover_ratio": null,
            "reinvestment_rate": null,
            "research_to_sale_ratio": null,
            "price_fair": 295.4,
            "eps_avg_yearly": 8.44,
            "eps_latest_yearly": 8.44,
            "eps_growth_yearly": 35.05
        },
        "20073": {
            "year_quarter": 20073,
            "year": 2007,
            "quarter": 3,
            "eps": 1.76,
            "eps_growth_year": null,
            "eps_4q": null,
            "eps_4q_growth_year": null,
            "roe": 13.92,
            "roe_4q": 46.17,
            "gross_profit": 81145,
            "gross_margin": 9.9,
            "gross_margin_4q_avg": 8.52,
            "net_income": 67143,
            "net_income_4q": null,
            "revenue": 819390,
            "revenue_4q": null,
            "common_shares": 312632,
            "book_valuer_per_share": 16.53,
            "book_valuer_per_share_4q_avg": 15.78,
            "equity": 516664,
            "current_ratio": 165.1,
            "debt_ratio": 54.88,
            "inventory_turnover_ratio": 2.25,
            "account_receivable_turnover_ratio": null,
            "reinvestment_rate": null,
            "research_to_sale_ratio": null,
            "price_fair": 23.22,
            "eps_avg_yearly": 7.74,
            "eps_latest_yearly": 7.04,
            "eps_growth_yearly": -15.65
        },
        "20074": {
            "year_quarter": 20074,
            "year": 2007,
            "quarter": 4,
            "eps": 1.37,
            "eps_growth_year": null,
            "eps_4q": 7.59,
            "eps_4q_growth_year": null,
            "roe": 7.91,
            "roe_4q": 54.08,
            "gross_profit": 93004,
            "gross_margin": 10.86,
            "gross_margin_4q_avg": 11.24,
            "net_income": 42583,
            "net_income_4q": null,
            "revenue": 856699,
            "revenue_4q": null,
            "common_shares": 312722,
            "book_valuer_per_share": 17.91,
            "book_valuer_per_share_4q_avg": 16.95,
            "equity": 560027,
            "current_ratio": 215.95,
            "debt_ratio": 42.52,
            "inventory_turnover_ratio": 2.18,
            "account_receivable_turnover_ratio": null,
            "reinvestment_rate": null,
            "research_to_sale_ratio": null,
            "price_fair": 20.96,
            "eps_avg_yearly": 6.99,
            "eps_latest_yearly": 5.48,
            "eps_growth_yearly": -39.98
        },
        "20081": {
            "year_quarter": 20081,
            "year": 2008,
            "quarter": 1,
            "eps": 1.06,
            "eps_growth_year": -45.36,
            "eps_4q": 6.65,
            "eps_4q_growth_year": null,
            "roe": 5.76,
            "roe_4q": 43.2,
            "gross_profit": 84712,
            "gross_margin": 11.47,
            "gross_margin_4q_avg": 11.47,
            "net_income": 33257,
            "net_income_4q": null,
            "revenue": 738864,
            "revenue_4q": null,
            "common_shares": 312722,
            "book_valuer_per_share": 19.03,
            "book_valuer_per_share_4q_avg": 17.81,
            "equity": 595064,
            "current_ratio": 197.33,
            "debt_ratio": 46.97,
            "inventory_turnover_ratio": 2.4,
            "account_receivable_turnover_ratio": null,
            "reinvestment_rate": null,
            "research_to_sale_ratio": null,
            "price_fair": 18.9,
            "eps_avg_yearly": 6.3,
            "eps_latest_yearly": 4.24,
            "eps_growth_yearly": -52.61
        },
        "20082": {
            "year_quarter": 20082,
            "year": 2008,
            "quarter": 2,
            "eps": 0.21,
            "eps_growth_year": -90.05,
            "eps_4q": 3.87,
            "eps_4q_growth_year": null,
            "roe": 1.47,
            "roe_4q": 29.060000000000002,
            "gross_profit": 65600,
            "gross_margin": 8.62,
            "gross_margin_4q_avg": 10.21,
            "net_income": 8214,
            "net_income_4q": null,
            "revenue": 761091,
            "revenue_4q": null,
            "common_shares": 382458,
            "book_valuer_per_share": 13.69,
            "book_valuer_per_share_4q_avg": 16.79,
            "equity": 523771,
            "current_ratio": 185.53,
            "debt_ratio": 48.6,
            "inventory_turnover_ratio": 2.6,
            "account_receivable_turnover_ratio": null,
            "reinvestment_rate": null,
            "research_to_sale_ratio": null,
            "price_fair": 15.62,
            "eps_avg_yearly": 5.21,
            "eps_latest_yearly": 0.84,
            "eps_growth_yearly": -106.24
        },
        "20083": {
            "year_quarter": 20083,
            "year": 2008,
            "quarter": 3,
            "eps": 0.78,
            "eps_growth_year": -55.68,
            "eps_4q": 2.97,
            "eps_4q_growth_year": null,
            "roe": 5.55,
            "roe_4q": 20.689999999999998,
            "gross_profit": 74428,
            "gross_margin": 8.2,
            "gross_margin_4q_avg": 9.79,
            "net_income": 29993,
            "net_income_4q": null,
            "revenue": 907812,
            "revenue_4q": null,
            "common_shares": 383018,
            "book_valuer_per_share": 14.53,
            "book_valuer_per_share_4q_avg": 16.29,
            "equity": 556708,
            "current_ratio": 186.94,
            "debt_ratio": 48.37,
            "inventory_turnover_ratio": 3.06,
            "account_receivable_turnover_ratio": null,
            "reinvestment_rate": null,
            "research_to_sale_ratio": null,
            "price_fair": 170.1,
            "eps_avg_yearly": 4.86,
            "eps_latest_yearly": 3.12,
            "eps_growth_yearly": 92.42
        },
        "20084": {
            "year_quarter": 20084,
            "year": 2008,
            "quarter": 4,
            "eps": 0.04,
            "eps_growth_year": -97.08,
            "eps_4q": 1.87,
            "eps_4q_growth_year": -75.32,
            "roe": 0.26,
            "roe_4q": 13.04,
            "gross_profit": 61425,
            "gross_margin": 15.94,
            "gross_margin_4q_avg": 11.06,
            "net_income": 1560,
            "net_income_4q": null,
            "revenue": 385329,
            "revenue_4q": null,
            "common_shares": 433348,
            "book_valuer_per_share": 14.54,
            "book_valuer_per_share_4q_avg": 15.45,
            "equity": 630045,
            "current_ratio": 427.73,
            "debt_ratio": 19.74,
            "inventory_turnover_ratio": 1,
            "account_receivable_turnover_ratio": 16.62,
            "reinvestment_rate": null,
            "research_to_sale_ratio": null,
            "price_fair": 146.6,
            "eps_avg_yearly": 4.19,
            "eps_latest_yearly": 0.16,
            "eps_growth_yearly": 25
        },
        "20091": {
            "year_quarter": 20091,
            "year": 2009,
            "quarter": 1,
            "eps": -0.1,
            "eps_growth_year": -109.43,
            "eps_4q": 0.81,
            "eps_4q_growth_year": -87.77,
            "roe": -0.71,
            "roe_4q": 6.569999999999999,
            "gross_profit": 43424,
            "gross_margin": 9.59,
            "gross_margin_4q_avg": 10.59,
            "net_income": -4446,
            "net_income_4q": null,
            "revenue": 452699,
            "revenue_4q": null,
            "common_shares": 434138,
            "book_valuer_per_share": 14.4,
            "book_valuer_per_share_4q_avg": 14.29,
            "equity": 625263,
            "current_ratio": 282.53,
            "debt_ratio": 31.09,
            "inventory_turnover_ratio": 1.34,
            "account_receivable_turnover_ratio": 3.82,
            "reinvestment_rate": null,
            "research_to_sale_ratio": null,
            "price_fair": 146.6,
            "eps_avg_yearly": 4.19,
            "eps_latest_yearly": 0.16,
            "eps_growth_yearly": 25
        },
        "20092": {
            "year_quarter": 20092,
            "year": 2009,
            "quarter": 2,
            "eps": 1.03,
            "eps_growth_year": 390.48,
            "eps_4q": 1.61,
            "eps_4q_growth_year": -58.3,
            "roe": 7.58,
            "roe_4q": 12.68,
            "gross_profit": 137269,
            "gross_margin": 17.64,
            "gross_margin_4q_avg": 12.84,
            "net_income": 47980,
            "net_income_4q": null,
            "revenue": 778118,
            "revenue_4q": null,
            "common_shares": 435338,
            "book_valuer_per_share": 14.7,
            "book_valuer_per_share_4q_avg": 14.54,
            "equity": 640055,
            "current_ratio": 248.22,
            "debt_ratio": 36.55,
            "inventory_turnover_ratio": 2.48,
            "account_receivable_turnover_ratio": 3.31,
            "reinvestment_rate": null,
            "research_to_sale_ratio": null,
            "price_fair": 146.6,
            "eps_avg_yearly": 4.19,
            "eps_latest_yearly": 0.16,
            "eps_growth_yearly": 25
        },
        "20093": {
            "year_quarter": 20093,
            "year": 2009,
            "quarter": 3,
            "eps": 2.59,
            "eps_growth_year": 232.05,
            "eps_4q": 3.56,
            "eps_4q_growth_year": 20.04,
            "roe": 17.18,
            "roe_4q": 24.31,
            "gross_profit": 237144,
            "gross_margin": 21.56,
            "gross_margin_4q_avg": 16.18,
            "net_income": 120345,
            "net_income_4q": null,
            "revenue": 1099670,
            "revenue_4q": null,
            "common_shares": 465945,
            "book_valuer_per_share": 16.33,
            "book_valuer_per_share_4q_avg": 14.99,
            "equity": 760718,
            "current_ratio": 240.94,
            "debt_ratio": 38.61,
            "inventory_turnover_ratio": 3.06,
            "account_receivable_turnover_ratio": 3.38,
            "reinvestment_rate": null,
            "research_to_sale_ratio": null,
            "price_fair": 173.6,
            "eps_avg_yearly": 4.96,
            "eps_latest_yearly": 10.36,
            "eps_growth_yearly": 97.61
        },
        "20094": {
            "year_quarter": 20094,
            "year": 2009,
            "quarter": 4,
            "eps": 2.6,
            "eps_growth_year": 6400,
            "eps_4q": 5.58,
            "eps_4q_growth_year": 198.16,
            "roe": 12.78,
            "roe_4q": 36.83,
            "gross_profit": 239140,
            "gross_margin": 19.92,
            "gross_margin_4q_avg": 17.18,
            "net_income": 121050,
            "net_income_4q": null,
            "revenue": 1200478,
            "revenue_4q": null,
            "common_shares": 510315,
            "book_valuer_per_share": 22.2,
            "book_valuer_per_share_4q_avg": 16.91,
            "equity": 1132964,
            "current_ratio": 277.81,
            "debt_ratio": 33.81,
            "inventory_turnover_ratio": 2.02,
            "account_receivable_turnover_ratio": 8.53,
            "reinvestment_rate": null,
            "research_to_sale_ratio": null,
            "price_fair": 194.76,
            "eps_avg_yearly": 5.56,
            "eps_latest_yearly": 10.4,
            "eps_growth_yearly": 86.93
        },
        "20101": {
            "year_quarter": 20101,
            "year": 2010,
            "quarter": 1,
            "eps": 1.92,
            "eps_growth_year": null,
            "eps_4q": 7.55,
            "eps_4q_growth_year": 827.57,
            "roe": 8.35,
            "roe_4q": 45.89,
            "gross_profit": 209087,
            "gross_margin": 15.84,
            "gross_margin_4q_avg": 18.74,
            "net_income": 98979,
            "net_income_4q": null,
            "revenue": 1319600,
            "revenue_4q": null,
            "common_shares": 514475,
            "book_valuer_per_share": 24.04,
            "book_valuer_per_share_4q_avg": 19.32,
            "equity": 1236611,
            "current_ratio": 286.8,
            "debt_ratio": 33.04,
            "inventory_turnover_ratio": 1.75,
            "account_receivable_turnover_ratio": 4.51,
            "reinvestment_rate": null,
            "research_to_sale_ratio": 2.48,
            "price_fair": 202.16,
            "eps_avg_yearly": 5.78,
            "eps_latest_yearly": 7.68,
            "eps_growth_yearly": 67.78
        },
        "20102": {
            "year_quarter": 20102,
            "year": 2010,
            "quarter": 2,
            "eps": 2.76,
            "eps_growth_year": 168.05,
            "eps_4q": 8.77,
            "eps_4q_growth_year": 444.07,
            "roe": 12.9,
            "roe_4q": 51.21,
            "gross_profit": 270700,
            "gross_margin": 20.5,
            "gross_margin_4q_avg": 19.46,
            "net_income": 156360,
            "net_income_4q": null,
            "revenue": 1320433,
            "revenue_4q": null,
            "common_shares": 514825,
            "book_valuer_per_share": 23.08,
            "book_valuer_per_share_4q_avg": 21.41,
            "equity": 1188360,
            "current_ratio": 258.83,
            "debt_ratio": 36.34,
            "inventory_turnover_ratio": 1.5,
            "account_receivable_turnover_ratio": 3.73,
            "reinvestment_rate": null,
            "research_to_sale_ratio": 3.18,
            "price_fair": 218.91,
            "eps_avg_yearly": 6.25,
            "eps_latest_yearly": 11.04,
            "eps_growth_yearly": 77.53
        },
        "20103": {
            "year_quarter": 20103,
            "year": 2010,
            "quarter": 3,
            "eps": 1.03,
            "eps_growth_year": -60.3,
            "eps_4q": 7.67,
            "eps_4q_growth_year": 115.39,
            "roe": 4.78,
            "roe_4q": 38.81,
            "gross_profit": 160188,
            "gross_margin": 15.18,
            "gross_margin_4q_avg": 17.86,
            "net_income": 58269,
            "net_income_4q": null,
            "revenue": 1054951,
            "revenue_4q": null,
            "common_shares": 566758,
            "book_valuer_per_share": 22.04,
            "book_valuer_per_share_4q_avg": 22.84,
            "equity": 1249172,
            "current_ratio": 276.97,
            "debt_ratio": 33.66,
            "inventory_turnover_ratio": 1.05,
            "account_receivable_turnover_ratio": 3.21,
            "reinvestment_rate": null,
            "research_to_sale_ratio": 3.45,
            "price_fair": 212.68,
            "eps_avg_yearly": 6.08,
            "eps_latest_yearly": 4.12,
            "eps_growth_yearly": 50.17
        },
        "20104": {
            "year_quarter": 20104,
            "year": 2010,
            "quarter": 4,
            "eps": -2.2,
            "eps_growth_year": -184.46,
            "eps_4q": 3.32,
            "eps_4q_growth_year": -40.59,
            "roe": -10.53,
            "roe_4q": 15.5,
            "gross_profit": -76367,
            "gross_margin": -9.37,
            "gross_margin_4q_avg": 10.54,
            "net_income": -124920,
            "net_income_4q": null,
            "revenue": 814946,
            "revenue_4q": null,
            "common_shares": 568848,
            "book_valuer_per_share": 19.76,
            "book_valuer_per_share_4q_avg": 22.23,
            "equity": 1123832,
            "current_ratio": 271.47,
            "debt_ratio": 34.47,
            "inventory_turnover_ratio": 0.9,
            "account_receivable_turnover_ratio": 3.31,
            "reinvestment_rate": 8.4,
            "research_to_sale_ratio": 4.54,
            "price_fair": 212.68,
            "eps_avg_yearly": 6.08,
            "eps_latest_yearly": 4.12,
            "eps_growth_yearly": 50.17
        },
        "20111": {
            "year_quarter": 20111,
            "year": 2011,
            "quarter": 1,
            "eps": -2.44,
            "eps_growth_year": -227.08,
            "eps_4q": -0.86,
            "eps_4q_growth_year": -111.41,
            "roe": -13.17,
            "roe_4q": -6.019999999999998,
            "gross_profit": -74336,
            "gross_margin": -8.71,
            "gross_margin_4q_avg": 4.4,
            "net_income": -138884,
            "net_income_4q": null,
            "revenue": 853581,
            "revenue_4q": null,
            "common_shares": 570768,
            "book_valuer_per_share": 17.26,
            "book_valuer_per_share_4q_avg": 20.54,
            "equity": 985155,
            "current_ratio": 221.54,
            "debt_ratio": 40.53,
            "inventory_turnover_ratio": 1.01,
            "account_receivable_turnover_ratio": 3.32,
            "reinvestment_rate": 11.1,
            "research_to_sale_ratio": 5.31,
            "price_fair": 212.68,
            "eps_avg_yearly": 6.08,
            "eps_latest_yearly": 4.12,
            "eps_growth_yearly": 50.17
        },
        "20112": {
            "year_quarter": 20112,
            "year": 2011,
            "quarter": 2,
            "eps": -0.86,
            "eps_growth_year": -131.28,
            "eps_4q": -4.1,
            "eps_4q_growth_year": -146.72,
            "roe": -5.92,
            "roe_4q": -24.839999999999996,
            "gross_profit": 50782,
            "gross_margin": 5.92,
            "gross_margin_4q_avg": 0.76,
            "net_income": -54876,
            "net_income_4q": null,
            "revenue": 857696,
            "revenue_4q": null,
            "common_shares": 572458,
            "book_valuer_per_share": 15.18,
            "book_valuer_per_share_4q_avg": 18.56,
            "equity": 869010,
            "current_ratio": 217.66,
            "debt_ratio": 41.65,
            "inventory_turnover_ratio": 1.27,
            "account_receivable_turnover_ratio": 3.33,
            "reinvestment_rate": 21.01,
            "research_to_sale_ratio": 5.09,
            "price_fair": 205.16,
            "eps_avg_yearly": 5.86,
            "eps_latest_yearly": 4.12,
            "eps_growth_yearly": 51.55
        },
        "20113": {
            "year_quarter": 20113,
            "year": 2011,
            "quarter": 3,
            "eps": -0.72,
            "eps_growth_year": -169.56,
            "eps_4q": -5.73,
            "eps_4q_growth_year": -174.7,
            "roe": -5.35,
            "roe_4q": -34.97,
            "gross_profit": 19225,
            "gross_margin": 3.04,
            "gross_margin_4q_avg": -2.28,
            "net_income": -45455,
            "net_income_4q": null,
            "revenue": 633008,
            "revenue_4q": null,
            "common_shares": 635578,
            "book_valuer_per_share": 13.05,
            "book_valuer_per_share_4q_avg": 16.31,
            "equity": 829411,
            "current_ratio": 260.15,
            "debt_ratio": 34.97,
            "inventory_turnover_ratio": 1.26,
            "account_receivable_turnover_ratio": 2.67,
            "reinvestment_rate": 21.89,
            "research_to_sale_ratio": 5.88,
            "price_fair": 201.04,
            "eps_avg_yearly": 5.74,
            "eps_latest_yearly": 4.12,
            "eps_growth_yearly": 63.34
        },
        "20114": {
            "year_quarter": 20114,
            "year": 2011,
            "quarter": 4,
            "eps": -0.39,
            "eps_growth_year": null,
            "eps_4q": -4.15,
            "eps_4q_growth_year": -225.12,
            "roe": -3.05,
            "roe_4q": -27.49,
            "gross_profit": 72536,
            "gross_margin": 11.38,
            "gross_margin_4q_avg": 2.91,
            "net_income": -24992,
            "net_income_4q": null,
            "revenue": 637541,
            "revenue_4q": null,
            "common_shares": 636628,
            "book_valuer_per_share": 12.68,
            "book_valuer_per_share_4q_avg": 14.54,
            "equity": 807412,
            "current_ratio": 237.04,
            "debt_ratio": 39.15,
            "inventory_turnover_ratio": 1.29,
            "account_receivable_turnover_ratio": 3,
            "reinvestment_rate": 33.94,
            "research_to_sale_ratio": 9.88,
            "price_fair": 202.07,
            "eps_avg_yearly": 5.77,
            "eps_latest_yearly": 4.12,
            "eps_growth_yearly": 80.22
        },
        "20121": {
            "year_quarter": 20121,
            "year": 2012,
            "quarter": 1,
            "eps": -0.19,
            "eps_growth_year": null,
            "eps_4q": -2.15,
            "eps_4q_growth_year": null,
            "roe": -1.55,
            "roe_4q": -15.87,
            "gross_profit": 64188,
            "gross_margin": 11.04,
            "gross_margin_4q_avg": 7.85,
            "net_income": -12420,
            "net_income_4q": null,
            "revenue": 581611,
            "revenue_4q": null,
            "common_shares": 641088,
            "book_valuer_per_share": 12.47,
            "book_valuer_per_share_4q_avg": 13.35,
            "equity": 799536,
            "current_ratio": 275.77,
            "debt_ratio": 33.55,
            "inventory_turnover_ratio": 1.63,
            "account_receivable_turnover_ratio": 3.03,
            "reinvestment_rate": 28.15,
            "research_to_sale_ratio": 6.42,
            "price_fair": 208.78,
            "eps_avg_yearly": 5.97,
            "eps_latest_yearly": 4.12,
            "eps_growth_yearly": 101.56
        },
        "20122": {
            "year_quarter": 20122,
            "year": 2012,
            "quarter": 2,
            "eps": 0.15,
            "eps_growth_year": null,
            "eps_4q": -1.15,
            "eps_4q_growth_year": null,
            "roe": 1.16,
            "roe_4q": -8.79,
            "gross_profit": 85993,
            "gross_margin": 13.89,
            "gross_margin_4q_avg": 9.84,
            "net_income": 9321,
            "net_income_4q": null,
            "revenue": 618969,
            "revenue_4q": null,
            "common_shares": 641328,
            "book_valuer_per_share": 12.66,
            "book_valuer_per_share_4q_avg": 12.72,
            "equity": 811830,
            "current_ratio": 241.5,
            "debt_ratio": 38.27,
            "inventory_turnover_ratio": 1.99,
            "account_receivable_turnover_ratio": 3.35,
            "reinvestment_rate": 39.53,
            "research_to_sale_ratio": 6.34,
            "price_fair": 234.4,
            "eps_avg_yearly": 6.7,
            "eps_latest_yearly": 4.12,
            "eps_growth_yearly": 161.89
        },
        "20123": {
            "year_quarter": 20123,
            "year": 2012,
            "quarter": 3,
            "eps": 0.12,
            "eps_growth_year": null,
            "eps_4q": -0.32,
            "eps_4q_growth_year": null,
            "roe": 0.95,
            "roe_4q": -2.49,
            "gross_profit": 95908,
            "gross_margin": 16.45,
            "gross_margin_4q_avg": 13.19,
            "net_income": 7799,
            "net_income_4q": null,
            "revenue": 583067,
            "revenue_4q": null,
            "common_shares": 641328,
            "book_valuer_per_share": 12.84,
            "book_valuer_per_share_4q_avg": 12.66,
            "equity": 823371,
            "current_ratio": 251.12,
            "debt_ratio": 36.1,
            "inventory_turnover_ratio": 1.5,
            "account_receivable_turnover_ratio": 3.45,
            "reinvestment_rate": 30.74,
            "research_to_sale_ratio": 6.85,
            "price_fair": 18.96,
            "eps_avg_yearly": 6.32,
            "eps_latest_yearly": 0.48,
            "eps_growth_yearly": -4.64
        },
        "20124": {
            "year_quarter": 20124,
            "year": 2012,
            "quarter": 4,
            "eps": 0.13,
            "eps_growth_year": null,
            "eps_4q": 0.2,
            "eps_4q_growth_year": null,
            "roe": 1,
            "roe_4q": 1.5599999999999998,
            "gross_profit": 99250,
            "gross_margin": 18.69,
            "gross_margin_4q_avg": 15.02,
            "net_income": 8264,
            "net_income_4q": null,
            "revenue": 530948,
            "revenue_4q": null,
            "common_shares": 641328,
            "book_valuer_per_share": 12.93,
            "book_valuer_per_share_4q_avg": 12.73,
            "equity": 829082,
            "current_ratio": 241.67,
            "debt_ratio": 37.17,
            "inventory_turnover_ratio": 1.1,
            "account_receivable_turnover_ratio": 2.84,
            "reinvestment_rate": 31.82,
            "research_to_sale_ratio": 9.06,
            "price_fair": 223,
            "eps_avg_yearly": 6.37,
            "eps_latest_yearly": 0.52,
            "eps_growth_yearly": 54.34
        },
        "20131": {
            "year_quarter": 20131,
            "year": 2013,
            "quarter": 1,
            "eps": 0.52,
            "eps_growth_year": null,
            "eps_4q": 0.91,
            "eps_4q_growth_year": null,
            "roe": 3.93,
            "roe_4q": 7.04,
            "gross_profit": 101245,
            "gross_margin": 20.21,
            "gross_margin_4q_avg": 17.31,
            "net_income": 33242,
            "net_income_4q": null,
            "revenue": 500918,
            "revenue_4q": null,
            "common_shares": 642328,
            "book_valuer_per_share": 13.46,
            "book_valuer_per_share_4q_avg": 12.97,
            "equity": 864293,
            "current_ratio": 272.09,
            "debt_ratio": 32.41,
            "inventory_turnover_ratio": 1.08,
            "account_receivable_turnover_ratio": 2.63,
            "reinvestment_rate": 47.29,
            "research_to_sale_ratio": 7.75,
            "price_fair": 204.23,
            "eps_avg_yearly": 5.84,
            "eps_latest_yearly": 2.08,
            "eps_growth_yearly": 197.55
        },
        "20132": {
            "year_quarter": 20132,
            "year": 2013,
            "quarter": 2,
            "eps": 0.5,
            "eps_growth_year": 244.02,
            "eps_4q": 1.27,
            "eps_4q_growth_year": null,
            "roe": 3.66,
            "roe_4q": 9.54,
            "gross_profit": 110305,
            "gross_margin": 21.57,
            "gross_margin_4q_avg": 19.23,
            "net_income": 32265,
            "net_income_4q": null,
            "revenue": 511343,
            "revenue_4q": null,
            "common_shares": 642328,
            "book_valuer_per_share": 13.98,
            "book_valuer_per_share_4q_avg": 13.3,
            "equity": 897796,
            "current_ratio": 242.06,
            "debt_ratio": 36.56,
            "inventory_turnover_ratio": 1.22,
            "account_receivable_turnover_ratio": 3.02,
            "reinvestment_rate": 53.73,
            "research_to_sale_ratio": 8.86,
            "price_fair": 189.31,
            "eps_avg_yearly": 5.41,
            "eps_latest_yearly": 2,
            "eps_growth_yearly": 173.89
        },
        "20133": {
            "year_quarter": 20133,
            "year": 2013,
            "quarter": 3,
            "eps": 0,
            "eps_growth_year": -100,
            "eps_4q": 1.14,
            "eps_4q_growth_year": null,
            "roe": 0.03,
            "roe_4q": 8.620000000000001,
            "gross_profit": 85672,
            "gross_margin": 16.17,
            "gross_margin_4q_avg": 19.16,
            "net_income": 259,
            "net_income_4q": null,
            "revenue": 529960,
            "revenue_4q": null,
            "common_shares": 649878,
            "book_valuer_per_share": 13.87,
            "book_valuer_per_share_4q_avg": 13.56,
            "equity": 901625,
            "current_ratio": 285.45,
            "debt_ratio": 30.47,
            "inventory_turnover_ratio": 1.36,
            "account_receivable_turnover_ratio": 2.92,
            "reinvestment_rate": 97.91,
            "research_to_sale_ratio": 8.65,
            "price_fair": 167.65,
            "eps_avg_yearly": 4.79,
            "eps_latest_yearly": 2,
            "eps_growth_yearly": 119.89
        },
        "20134": {
            "year_quarter": 20134,
            "year": 2013,
            "quarter": 4,
            "eps": 0.01,
            "eps_growth_year": -95.28,
            "eps_4q": 1.02,
            "eps_4q_growth_year": 403.63,
            "roe": 0.04,
            "roe_4q": 7.66,
            "gross_profit": 94713,
            "gross_margin": 15.54,
            "gross_margin_4q_avg": 18.37,
            "net_income": 395,
            "net_income_4q": null,
            "revenue": 609283,
            "revenue_4q": null,
            "common_shares": 649878,
            "book_valuer_per_share": 13.89,
            "book_valuer_per_share_4q_avg": 13.8,
            "equity": 902367,
            "current_ratio": 254.86,
            "debt_ratio": 33.72,
            "inventory_turnover_ratio": 1.37,
            "account_receivable_turnover_ratio": 3.33,
            "reinvestment_rate": 2445.15,
            "research_to_sale_ratio": 9.2,
            "price_fair": 139.6,
            "eps_avg_yearly": 3.99,
            "eps_latest_yearly": 2,
            "eps_growth_yearly": 136.8
        },
        "20141": {
            "year_quarter": 20141,
            "year": 2014,
            "quarter": 1,
            "eps": 0.07,
            "eps_growth_year": -86.54,
            "eps_4q": 0.58,
            "eps_4q_growth_year": -36.87,
            "roe": 0.5,
            "roe_4q": 4.23,
            "gross_profit": 92266,
            "gross_margin": 17.23,
            "gross_margin_4q_avg": 17.63,
            "net_income": 4524,
            "net_income_4q": null,
            "revenue": 535599,
            "revenue_4q": null,
            "common_shares": 649878,
            "book_valuer_per_share": 14.06,
            "book_valuer_per_share_4q_avg": 13.95,
            "equity": 913433,
            "current_ratio": 251.82,
            "debt_ratio": 34.56,
            "inventory_turnover_ratio": 0.94,
            "account_receivable_turnover_ratio": 3.11,
            "reinvestment_rate": null,
            "research_to_sale_ratio": 10.42,
            "price_fair": 102.6,
            "eps_avg_yearly": 2.93,
            "eps_latest_yearly": 0.28,
            "eps_growth_yearly": 494.6
        },
        "20142": {
            "year_quarter": 20142,
            "year": 2014,
            "quarter": 2,
            "eps": -0.2,
            "eps_growth_year": -140,
            "eps_4q": -0.11,
            "eps_4q_growth_year": -108.9,
            "roe": -1.44,
            "roe_4q": -0.8699999999999999,
            "gross_profit": 84393,
            "gross_margin": 14.39,
            "gross_margin_4q_avg": 15.83,
            "net_income": -12850,
            "net_income_4q": null,
            "revenue": 586539,
            "revenue_4q": null,
            "common_shares": 649778,
            "book_valuer_per_share": 13.46,
            "book_valuer_per_share_4q_avg": 13.82,
            "equity": 874753,
            "current_ratio": 240.88,
            "debt_ratio": 36.74,
            "inventory_turnover_ratio": 0.96,
            "account_receivable_turnover_ratio": 3.99,
            "reinvestment_rate": null,
            "research_to_sale_ratio": 9.93,
            "price_fair": 55.3,
            "eps_avg_yearly": 1.58,
            "eps_latest_yearly": 0.28,
            "eps_growth_yearly": 547.87
        },
        "20143": {
            "year_quarter": 20143,
            "year": 2014,
            "quarter": 3,
            "eps": 0.53,
            "eps_growth_year": null,
            "eps_4q": 0.41,
            "eps_4q_growth_year": -63.76,
            "roe": 4.03,
            "roe_4q": 3.1300000000000003,
            "gross_profit": 123918,
            "gross_margin": 15.76,
            "gross_margin_4q_avg": 15.73,
            "net_income": 35952,
            "net_income_4q": null,
            "revenue": 786072,
            "revenue_4q": null,
            "common_shares": 678778,
            "book_valuer_per_share": 13.41,
            "book_valuer_per_share_4q_avg": 13.71,
            "equity": 910134,
            "current_ratio": 246.12,
            "debt_ratio": 36.02,
            "inventory_turnover_ratio": 1.44,
            "account_receivable_turnover_ratio": 5.48,
            "reinvestment_rate": null,
            "research_to_sale_ratio": 7.44,
            "price_fair": 37.52,
            "eps_avg_yearly": 1.07,
            "eps_latest_yearly": 0.28,
            "eps_growth_yearly": 707.59
        },
        "20144": {
            "year_quarter": 20144,
            "year": 2014,
            "quarter": 4,
            "eps": 1.02,
            "eps_growth_year": 16621.03,
            "eps_4q": 1.42,
            "eps_4q_growth_year": 39.82,
            "roe": 7.3,
            "roe_4q": 10.39,
            "gross_profit": 154941,
            "gross_margin": 21,
            "gross_margin_4q_avg": 17.1,
            "net_income": 68956,
            "net_income_4q": null,
            "revenue": 737894,
            "revenue_4q": null,
            "common_shares": 678498,
            "book_valuer_per_share": 14.42,
            "book_valuer_per_share_4q_avg": 13.84,
            "equity": 978303,
            "current_ratio": 256.67,
            "debt_ratio": 35.47,
            "inventory_turnover_ratio": 1.49,
            "account_receivable_turnover_ratio": 4.13,
            "reinvestment_rate": null,
            "research_to_sale_ratio": 7.78,
            "price_fair": 55.07,
            "eps_avg_yearly": 1.57,
            "eps_latest_yearly": 4.08,
            "eps_growth_yearly": 651.29
        },
        "20151": {
            "year_quarter": 20151,
            "year": 2015,
            "quarter": 1,
            "eps": 0.56,
            "eps_growth_year": 700,
            "eps_4q": 1.91,
            "eps_4q_growth_year": 230.84,
            "roe": 3.78,
            "roe_4q": 13.67,
            "gross_profit": 143134,
            "gross_margin": 20.64,
            "gross_margin_4q_avg": 17.95,
            "net_income": 37852,
            "net_income_4q": null,
            "revenue": 693421,
            "revenue_4q": null,
            "common_shares": 681528,
            "book_valuer_per_share": 15.04,
            "book_valuer_per_share_4q_avg": 14.08,
            "equity": 1024977,
            "current_ratio": 238.12,
            "debt_ratio": 37.85,
            "inventory_turnover_ratio": 1.18,
            "account_receivable_turnover_ratio": 3.54,
            "reinvestment_rate": 81.12,
            "research_to_sale_ratio": 7.4,
            "price_fair": 58.4,
            "eps_avg_yearly": 1.67,
            "eps_latest_yearly": 2.24,
            "eps_growth_yearly": 532.48
        },
        "20152": {
            "year_quarter": 20152,
            "year": 2015,
            "quarter": 2,
            "eps": 0.01,
            "eps_growth_year": null,
            "eps_4q": 2.11,
            "eps_4q_growth_year": null,
            "roe": 0.1,
            "roe_4q": 15.21,
            "gross_profit": 91533,
            "gross_margin": 14.88,
            "gross_margin_4q_avg": 18.07,
            "net_income": 951,
            "net_income_4q": null,
            "revenue": 614960,
            "revenue_4q": null,
            "common_shares": 681528,
            "book_valuer_per_share": 13.83,
            "book_valuer_per_share_4q_avg": 14.18,
            "equity": 942693,
            "current_ratio": 198.7,
            "debt_ratio": 44.83,
            "inventory_turnover_ratio": 0.82,
            "account_receivable_turnover_ratio": 2.71,
            "reinvestment_rate": 28.67,
            "research_to_sale_ratio": 7.57,
            "price_fair": 51.28,
            "eps_avg_yearly": 1.47,
            "eps_latest_yearly": 0.04,
            "eps_growth_yearly": 416.81
        },
        "20153": {
            "year_quarter": 20153,
            "year": 2015,
            "quarter": 3,
            "eps": -0.08,
            "eps_growth_year": -115.09,
            "eps_4q": 1.51,
            "eps_4q_growth_year": 264.7,
            "roe": -0.58,
            "roe_4q": 10.6,
            "gross_profit": 49417,
            "gross_margin": 8.46,
            "gross_margin_4q_avg": 16.25,
            "net_income": -5452,
            "net_income_4q": null,
            "revenue": 584069,
            "revenue_4q": null,
            "common_shares": 679533,
            "book_valuer_per_share": 13.76,
            "book_valuer_per_share_4q_avg": 14.26,
            "equity": 935233,
            "current_ratio": 197.85,
            "debt_ratio": 44.18,
            "inventory_turnover_ratio": 0.74,
            "account_receivable_turnover_ratio": 2.61,
            "reinvestment_rate": 59.85,
            "research_to_sale_ratio": 7.64,
            "price_fair": 51.28,
            "eps_avg_yearly": 1.47,
            "eps_latest_yearly": 0.04,
            "eps_growth_yearly": 416.81
        },
        "20154": {
            "year_quarter": 20154,
            "year": 2015,
            "quarter": 4,
            "eps": -0.23,
            "eps_growth_year": -123,
            "eps_4q": 0.26,
            "eps_4q_growth_year": -81.95,
            "roe": -1.71,
            "roe_4q": 1.5899999999999999,
            "gross_profit": 68993,
            "gross_margin": 11.91,
            "gross_margin_4q_avg": 13.97,
            "net_income": -15887,
            "net_income_4q": null,
            "revenue": 579150,
            "revenue_4q": null,
            "common_shares": 679533,
            "book_valuer_per_share": 13.53,
            "book_valuer_per_share_4q_avg": 14.04,
            "equity": 919302,
            "current_ratio": 192.72,
            "debt_ratio": 47.49,
            "inventory_turnover_ratio": 0.63,
            "account_receivable_turnover_ratio": 2.93,
            "reinvestment_rate": 38.69,
            "research_to_sale_ratio": 7.83,
            "price_fair": 51.28,
            "eps_avg_yearly": 1.47,
            "eps_latest_yearly": 0.04,
            "eps_growth_yearly": 416.81
        },
        "20161": {
            "year_quarter": 20161,
            "year": 2016,
            "quarter": 1,
            "eps": -0.64,
            "eps_growth_year": -214.29,
            "eps_4q": -0.94,
            "eps_4q_growth_year": -149.2,
            "roe": -4.82,
            "roe_4q": -7.010000000000001,
            "gross_profit": 38373,
            "gross_margin": 8,
            "gross_margin_4q_avg": 10.81,
            "net_income": -43340,
            "net_income_4q": null,
            "revenue": 479400,
            "revenue_4q": null,
            "common_shares": 679533,
            "book_valuer_per_share": 12.93,
            "book_valuer_per_share_4q_avg": 13.51,
            "equity": 878310,
            "current_ratio": 219.32,
            "debt_ratio": 41.63,
            "inventory_turnover_ratio": 0.54,
            "account_receivable_turnover_ratio": 2.98,
            "reinvestment_rate": 54.12,
            "research_to_sale_ratio": 8.16,
            "price_fair": 51.28,
            "eps_avg_yearly": 1.47,
            "eps_latest_yearly": 0.04,
            "eps_growth_yearly": 416.81
        },
        "20162": {
            "year_quarter": 20162,
            "year": 2016,
            "quarter": 2,
            "eps": -0.13,
            "eps_growth_year": -1400,
            "eps_4q": -1.08,
            "eps_4q_growth_year": -151.17,
            "roe": -1,
            "roe_4q": -8.11,
            "gross_profit": 62866,
            "gross_margin": 12.95,
            "gross_margin_4q_avg": 10.33,
            "net_income": -8643,
            "net_income_4q": null,
            "revenue": 485567,
            "revenue_4q": null,
            "common_shares": 679533,
            "book_valuer_per_share": 12.63,
            "book_valuer_per_share_4q_avg": 13.21,
            "equity": 858371,
            "current_ratio": 212.04,
            "debt_ratio": 43.26,
            "inventory_turnover_ratio": 0.6,
            "account_receivable_turnover_ratio": 3.54,
            "reinvestment_rate": 31.96,
            "research_to_sale_ratio": 7.88,
            "price_fair": 51.28,
            "eps_avg_yearly": 1.47,
            "eps_latest_yearly": 0.04,
            "eps_growth_yearly": 416.81
        },
        "20163": {
            "year_quarter": 20163,
            "year": 2016,
            "quarter": 3,
            "eps": -0.63,
            "eps_growth_year": null,
            "eps_4q": -1.63,
            "eps_4q_growth_year": -208.03,
            "roe": -5.09,
            "roe_4q": -12.620000000000001,
            "gross_profit": 36375,
            "gross_margin": 7.93,
            "gross_margin_4q_avg": 10.2,
            "net_income": -42653,
            "net_income_4q": null,
            "revenue": 458483,
            "revenue_4q": null,
            "common_shares": 679533,
            "book_valuer_per_share": 12.01,
            "book_valuer_per_share_4q_avg": 12.78,
            "equity": 816118,
            "current_ratio": 233.83,
            "debt_ratio": 39.28,
            "inventory_turnover_ratio": 0.7,
            "account_receivable_turnover_ratio": 3.2,
            "reinvestment_rate": 56.22,
            "research_to_sale_ratio": 8.41,
            "price_fair": 56.2,
            "eps_avg_yearly": 1.61,
            "eps_latest_yearly": 0.04,
            "eps_growth_yearly": 487.79
        },
        "20164": {
            "year_quarter": 20164,
            "year": 2016,
            "quarter": 4,
            "eps": -1.9,
            "eps_growth_year": null,
            "eps_4q": -3.3,
            "eps_4q_growth_year": -1382.77,
            "roe": -17.28,
            "roe_4q": -28.19,
            "gross_profit": -14672,
            "gross_margin": -3.21,
            "gross_margin_4q_avg": 6.42,
            "net_income": -129387,
            "net_income_4q": null,
            "revenue": 456696,
            "revenue_4q": null,
            "common_shares": 679533,
            "book_valuer_per_share": 10.03,
            "book_valuer_per_share_4q_avg": 11.9,
            "equity": 681492,
            "current_ratio": 227.61,
            "debt_ratio": 42.09,
            "inventory_turnover_ratio": 1.06,
            "account_receivable_turnover_ratio": 3.49,
            "reinvestment_rate": null,
            "research_to_sale_ratio": 16.3,
            "price_fair": 62.53,
            "eps_avg_yearly": 1.79,
            "eps_latest_yearly": 0.04,
            "eps_growth_yearly": 563.53
        },
        "20171": {
            "year_quarter": 20171,
            "year": 2017,
            "quarter": 1,
            "eps": -0.32,
            "eps_growth_year": null,
            "eps_4q": -2.98,
            "eps_4q_growth_year": null,
            "roe": -3.26,
            "roe_4q": -26.63,
            "gross_profit": 59962,
            "gross_margin": 12.85,
            "gross_margin_4q_avg": 7.63,
            "net_income": -21886,
            "net_income_4q": null,
            "revenue": 466714,
            "revenue_4q": null,
            "common_shares": 679533,
            "book_valuer_per_share": 9.7,
            "book_valuer_per_share_4q_avg": 11.09,
            "equity": 659410,
            "current_ratio": 222.5,
            "debt_ratio": 42.81,
            "inventory_turnover_ratio": 1.24,
            "account_receivable_turnover_ratio": 3.05,
            "reinvestment_rate": null,
            "research_to_sale_ratio": 7.67,
            "price_fair": 60.48,
            "eps_avg_yearly": 1.73,
            "eps_latest_yearly": 0.04,
            "eps_growth_yearly": 436.24
        },
        "20172": {
            "year_quarter": 20172,
            "year": 2017,
            "quarter": 2,
            "eps": -0.2,
            "eps_growth_year": null,
            "eps_4q": -3.05,
            "eps_4q_growth_year": null,
            "roe": -2.07,
            "roe_4q": -27.7,
            "gross_profit": 47958,
            "gross_margin": 9.81,
            "gross_margin_4q_avg": 6.85,
            "net_income": -13525,
            "net_income_4q": null,
            "revenue": 488637,
            "revenue_4q": null,
            "common_shares": 679533,
            "book_valuer_per_share": 9.53,
            "book_valuer_per_share_4q_avg": 10.32,
            "equity": 647769,
            "current_ratio": 227.63,
            "debt_ratio": 41.06,
            "inventory_turnover_ratio": 1.44,
            "account_receivable_turnover_ratio": 2.95,
            "reinvestment_rate": null,
            "research_to_sale_ratio": 7.61,
            "price_fair": 58.1,
            "eps_avg_yearly": 1.66,
            "eps_latest_yearly": 0.04,
            "eps_growth_yearly": 549.14
        }
    },
    "months": {
        "2007-02": {
            "month": "2007-02",
            "price": "152.75",
            "revenue": 300408
        },
        "2007-03": {
            "month": "2007-03",
            "price": "147.06",
            "revenue": 281868
        },
        "2007-04": {
            "month": "2007-04",
            "price": "133.47",
            "revenue": 318832
        },
        "2007-05": {
            "month": "2007-05",
            "price": "143.40",
            "revenue": 304727
        },
        "2007-06": {
            "month": "2007-06",
            "price": "162.89",
            "revenue": 292864
        },
        "2007-07": {
            "month": "2007-07",
            "price": "163.38",
            "revenue": 240557
        },
        "2007-08": {
            "month": "2007-08",
            "price": "144.52",
            "revenue": 273918
        },
        "2007-09": {
            "month": "2007-09",
            "price": "132.27",
            "revenue": 304916
        },
        "2007-10": {
            "month": "2007-10",
            "price": "127.26",
            "revenue": 349113
        },
        "2007-11": {
            "month": "2007-11",
            "price": "103.74",
            "revenue": 288995
        },
        "2007-12": {
            "month": "2007-12",
            "price": "82.29",
            "revenue": 218591
        },
        "2008-01": {
            "month": "2008-01",
            "price": "65.93",
            "revenue": 309074
        },
        "2008-02": {
            "month": "2008-02",
            "price": "62.17",
            "revenue": 190468
        },
        "2008-03": {
            "month": "2008-03",
            "price": "62.71",
            "revenue": 215461
        },
        "2008-04": {
            "month": "2008-04",
            "price": "72.39",
            "revenue": 231152
        },
        "2008-05": {
            "month": "2008-05",
            "price": "86.56",
            "revenue": 259629
        },
        "2008-06": {
            "month": "2008-06",
            "price": "80.95",
            "revenue": 270642
        },
        "2008-07": {
            "month": "2008-07",
            "price": "61.84",
            "revenue": 296829
        },
        "2008-08": {
            "month": "2008-08",
            "price": "43.00",
            "revenue": 303756
        },
        "2008-09": {
            "month": "2008-09",
            "price": "32.78",
            "revenue": 303485
        },
        "2008-10": {
            "month": "2008-10",
            "price": "19.13",
            "revenue": 217550
        },
        "2008-11": {
            "month": "2008-11",
            "price": "16.26",
            "revenue": 98460
        },
        "2008-12": {
            "month": "2008-12",
            "price": "16.25",
            "revenue": 71846
        },
        "2009-01": {
            "month": "2009-01",
            "price": "22.54",
            "revenue": 90483
        },
        "2009-02": {
            "month": "2009-02",
            "price": "21.68",
            "revenue": 161019
        },
        "2009-03": {
            "month": "2009-03",
            "price": "25.35",
            "revenue": 201198
        },
        "2009-04": {
            "month": "2009-04",
            "price": "30.81",
            "revenue": 242125
        },
        "2009-05": {
            "month": "2009-05",
            "price": "36.53",
            "revenue": 251597
        },
        "2009-06": {
            "month": "2009-06",
            "price": "31.46",
            "revenue": 284667
        },
        "2009-07": {
            "month": "2009-07",
            "price": "36.90",
            "revenue": 309752
        },
        "2009-08": {
            "month": "2009-08",
            "price": "46.69",
            "revenue": 371023
        },
        "2009-09": {
            "month": "2009-09",
            "price": "70.15",
            "revenue": 418897
        },
        "2009-10": {
            "month": "2009-10",
            "price": "77.66",
            "revenue": 376881
        },
        "2009-11": {
            "month": "2009-11",
            "price": "75.81",
            "revenue": 411459
        },
        "2009-12": {
            "month": "2009-12",
            "price": "89.06",
            "revenue": 412137
        },
        "2010-01": {
            "month": "2010-01",
            "price": "95.06",
            "revenue": 443569
        },
        "2010-02": {
            "month": "2010-02",
            "price": "91.41",
            "revenue": 416779
        },
        "2010-03": {
            "month": "2010-03",
            "price": "117.03",
            "revenue": 459252
        },
        "2010-04": {
            "month": "2010-04",
            "price": "137.12",
            "revenue": 416185
        },
        "2010-05": {
            "month": "2010-05",
            "price": "100.97",
            "revenue": 435835
        },
        "2010-06": {
            "month": "2010-06",
            "price": "95.43",
            "revenue": 468413
        },
        "2010-07": {
            "month": "2010-07",
            "price": "99.48",
            "revenue": 402644
        },
        "2010-08": {
            "month": "2010-08",
            "price": "90.32",
            "revenue": 350531
        },
        "2010-09": {
            "month": "2010-09",
            "price": "78.96",
            "revenue": 301776
        },
        "2010-10": {
            "month": "2010-10",
            "price": "70.72",
            "revenue": 301021
        },
        "2010-11": {
            "month": "2010-11",
            "price": "62.19",
            "revenue": 272380
        },
        "2010-12": {
            "month": "2010-12",
            "price": "67.44",
            "revenue": 241545
        },
        "2011-01": {
            "month": "2011-01",
            "price": "64.48",
            "revenue": 303399
        },
        "2011-02": {
            "month": "2011-02",
            "price": "67.52",
            "revenue": 221885
        },
        "2011-03": {
            "month": "2011-03",
            "price": "62.08",
            "revenue": 328297
        },
        "2011-04": {
            "month": "2011-04",
            "price": "49.53",
            "revenue": 351232
        },
        "2011-05": {
            "month": "2011-05",
            "price": "39.25",
            "revenue": 293020
        },
        "2011-06": {
            "month": "2011-06",
            "price": "36.31",
            "revenue": 213445
        },
        "2011-07": {
            "month": "2011-07",
            "price": "31.08",
            "revenue": 199586
        },
        "2011-08": {
            "month": "2011-08",
            "price": "18.42",
            "revenue": 202602
        },
        "2011-09": {
            "month": "2011-09",
            "price": "18.52",
            "revenue": 230797
        },
        "2011-10": {
            "month": "2011-10",
            "price": "22.24",
            "revenue": 219803
        },
        "2011-11": {
            "month": "2011-11",
            "price": "17.92",
            "revenue": 213608
        },
        "2011-12": {
            "month": "2011-12",
            "price": "15.64",
            "revenue": 203554
        },
        "2012-01": {
            "month": "2012-01",
            "price": "16.50",
            "revenue": 180691
        },
        "2012-02": {
            "month": "2012-02",
            "price": "23.39",
            "revenue": 200270
        },
        "2012-03": {
            "month": "2012-03",
            "price": "21.37",
            "revenue": 200650
        },
        "2012-04": {
            "month": "2012-04",
            "price": "18.30",
            "revenue": 209906
        },
        "2012-05": {
            "month": "2012-05",
            "price": "18.58",
            "revenue": 200984
        },
        "2012-06": {
            "month": "2012-06",
            "price": "17.14",
            "revenue": 207526
        },
        "2012-07": {
            "month": "2012-07",
            "price": "17.20",
            "revenue": 209873
        },
        "2012-08": {
            "month": "2012-08",
            "price": "15.63",
            "revenue": 211830
        },
        "2012-09": {
            "month": "2012-09",
            "price": "16.58",
            "revenue": 161012
        },
        "2012-10": {
            "month": "2012-10",
            "price": "14.18",
            "revenue": 164845
        },
        "2012-11": {
            "month": "2012-11",
            "price": "12.85",
            "revenue": 180505
        },
        "2012-12": {
            "month": "2012-12",
            "price": "14.37",
            "revenue": 187305
        },
        "2013-01": {
            "month": "2013-01",
            "price": "16.98",
            "revenue": 176878
        },
        "2013-02": {
            "month": "2013-02",
            "price": "17.50",
            "revenue": 150478
        },
        "2013-03": {
            "month": "2013-03",
            "price": "17.12",
            "revenue": 172609
        },
        "2013-04": {
            "month": "2013-04",
            "price": "20.73",
            "revenue": 175331
        },
        "2013-05": {
            "month": "2013-05",
            "price": "27.43",
            "revenue": 155038
        },
        "2013-06": {
            "month": "2013-06",
            "price": "28.16",
            "revenue": 182088
        },
        "2013-07": {
            "month": "2013-07",
            "price": "25.88",
            "revenue": 182691
        },
        "2013-08": {
            "month": "2013-08",
            "price": "23.90",
            "revenue": 155094
        },
        "2013-09": {
            "month": "2013-09",
            "price": "24.57",
            "revenue": 192195
        },
        "2013-10": {
            "month": "2013-10",
            "price": "25.83",
            "revenue": 180511
        },
        "2013-11": {
            "month": "2013-11",
            "price": "20.11",
            "revenue": 204120
        },
        "2013-12": {
            "month": "2013-12",
            "price": "19.99",
            "revenue": 224015
        },
        "2014-01": {
            "month": "2014-01",
            "price": "22.50",
            "revenue": 183768
        },
        "2014-02": {
            "month": "2014-02",
            "price": "22.54",
            "revenue": 150770
        },
        "2014-03": {
            "month": "2014-03",
            "price": "24.09",
            "revenue": 201037
        },
        "2014-04": {
            "month": "2014-04",
            "price": "26.25",
            "revenue": 179068
        },
        "2014-05": {
            "month": "2014-05",
            "price": "24.11",
            "revenue": 202089
        },
        "2014-06": {
            "month": "2014-06",
            "price": "24.76",
            "revenue": 205405
        },
        "2014-07": {
            "month": "2014-07",
            "price": "23.88",
            "revenue": 231941
        },
        "2014-08": {
            "month": "2014-08",
            "price": "21.19",
            "revenue": 265933
        },
        "2014-09": {
            "month": "2014-09",
            "price": "19.95",
            "revenue": 288198
        },
        "2014-10": {
            "month": "2014-10",
            "price": "20.96",
            "revenue": 232249
        },
        "2014-11": {
            "month": "2014-11",
            "price": "21.98",
            "revenue": 213771
        },
        "2014-12": {
            "month": "2014-12",
            "price": "22.18",
            "revenue": 287455
        },
        "2015-01": {
            "month": "2015-01",
            "price": "24.14",
            "revenue": 254846
        },
        "2015-02": {
            "month": "2015-02",
            "price": "24.94",
            "revenue": 199116
        },
        "2015-03": {
            "month": "2015-03",
            "price": "28.11",
            "revenue": 239371
        },
        "2015-04": {
            "month": "2015-04",
            "price": "26.34",
            "revenue": 220565
        },
        "2015-05": {
            "month": "2015-05",
            "price": "24.34",
            "revenue": 184150
        },
        "2015-06": {
            "month": "2015-06",
            "price": "21.97",
            "revenue": 210261
        },
        "2015-07": {
            "month": "2015-07",
            "price": "18.79",
            "revenue": 206463
        },
        "2015-08": {
            "month": "2015-08",
            "price": "14.25",
            "revenue": 186967
        },
        "2015-09": {
            "month": "2015-09",
            "price": "14.26",
            "revenue": 190649
        },
        "2015-10": {
            "month": "2015-10",
            "price": "15.05",
            "revenue": 203135
        },
        "2015-11": {
            "month": "2015-11",
            "price": "14.23",
            "revenue": 184212
        },
        "2015-12": {
            "month": "2015-12",
            "price": "13.49",
            "revenue": 189660
        },
        "2016-01": {
            "month": "2016-01",
            "price": "12.05",
            "revenue": 171648
        },
        "2016-02": {
            "month": "2016-02",
            "price": "12.12",
            "revenue": 142532
        },
        "2016-03": {
            "month": "2016-03",
            "price": "13.21",
            "revenue": 165220
        },
        "2016-04": {
            "month": "2016-04",
            "price": "12.06",
            "revenue": 169297
        },
        "2016-05": {
            "month": "2016-05",
            "price": "10.61",
            "revenue": 148373
        },
        "2016-06": {
            "month": "2016-06",
            "price": "11.41",
            "revenue": 167897
        },
        "2016-07": {
            "month": "2016-07",
            "price": "12.76",
            "revenue": 168595
        },
        "2016-08": {
            "month": "2016-08",
            "price": "12.76",
            "revenue": 145958
        },
        "2016-09": {
            "month": "2016-09",
            "price": "14.14",
            "revenue": 143930
        },
        "2016-10": {
            "month": "2016-10",
            "price": "14.28",
            "revenue": 163139
        },
        "2016-11": {
            "month": "2016-11",
            "price": "13.93",
            "revenue": 144990
        },
        "2016-12": {
            "month": "2016-12",
            "price": "14.00",
            "revenue": 147908
        },
        "2017-01": {
            "month": "2017-01",
            "price": "14.06",
            "revenue": 122554
        },
        "2017-02": {
            "month": "2017-02",
            "price": "14.09",
            "revenue": 135374
        },
        "2017-03": {
            "month": "2017-03",
            "price": "14.15",
            "revenue": 208750
        },
        "2017-04": {
            "month": "2017-04",
            "price": "14.24",
            "revenue": 170935
        },
        "2017-05": {
            "month": "2017-05",
            "price": "14.26",
            "revenue": 152662
        },
        "2017-06": {
            "month": "2017-06",
            "price": "14.30",
            "revenue": 165075
        },
        "2017-07": {
            "month": "2017-07",
            "price": "14.32",
            "revenue": 157054
        },
        "2017-08": {
            "month": "2017-08",
            "price": "14.35",
            "revenue": 152807
        }
    }
}
