{
    "summary": {
        "stock_name": "博士旺",
        "stock_id": "3555",
        "category": "半導體",
        "main_business": "電子零組件之批發與零售<br>生技產品之銷售",
        "website_url": "http://www.iroc.com.tw",
        "ceo": "黃啟誠",
        "pe_ratio": -45,
        "report_year_from": 2006,
        "report_year_to": 2023,
        "age": 18,
        "eps_negative_percentage": 64,
        "eps_growth_avg": {
            "last_all": -20,
            "last_2y": -100,
            "last_4y": -100,
            "last_8y": -33.33,
            "last_12y": -20,
            "last_16y": null,
            "last_20y": null,
            "at_2006_last_3y": null,
            "at_2007_last_3y": null,
            "at_2008_last_3y": null,
            "at_2009_last_3y": null,
            "at_2010_last_3y": null,
            "at_2011_last_3y": null,
            "at_2012_last_3y": null,
            "at_2013_last_3y": null,
            "at_2014_last_3y": 0,
            "at_2015_last_3y": -100,
            "at_2016_last_3y": null,
            "at_2017_last_3y": 100,
            "at_2018_last_3y": 0,
            "at_2019_last_3y": 0,
            "at_2020_last_3y": 0,
            "at_2021_last_3y": -100,
            "at_2022_last_3y": -100,
            "at_2023_last_3y": -100,
            "at_2024_last_3y": -100,
            "at_2006_last_all": null,
            "at_2007_last_all": null,
            "at_2008_last_all": null,
            "at_2009_last_all": null,
            "at_2010_last_all": null,
            "at_2011_last_all": null,
            "at_2012_last_all": 0,
            "at_2013_last_all": 0,
            "at_2014_last_all": 0,
            "at_2015_last_all": 0,
            "at_2016_last_all": 0,
            "at_2017_last_all": 33.33,
            "at_2018_last_all": 0,
            "at_2019_last_all": 0,
            "at_2020_last_all": 0,
            "at_2021_last_all": 0,
            "at_2022_last_all": -20,
            "at_2023_last_all": -20,
            "at_2024_last_all": -20
        },
        "latest_eps": -0.71,
        "latest_price": 31.6,
        "latest_roe": -10.36,
        "latest_gross_margin": 16.64,
        "latest_equity": 172411,
        "latest_revenue": 51211,
        "latest_gross_profit": 8523,
        "latest_net_income": -5291,
        "latest_debt_ratio": 51.08,
        "latest_current_ratio": 151.85,
        "latest_account_receivable_turnover_ratio": 6.14,
        "latest_inventory_turnover_ratio": 2.32,
        "latest_reinvestment_rate": null,
        "latest_research_to_sale_ratio": 3.19
    },
    "eps_dividends": {
        "2001": {
            "cash": 0,
            "stock": 0,
            "eps": 0
        },
        "2002": {
            "cash": 0,
            "stock": 0,
            "eps": 0
        },
        "2003": {
            "cash": 0,
            "stock": 0,
            "eps": 0
        },
        "2004": {
            "cash": 0,
            "stock": 0,
            "eps": 0
        },
        "2005": {
            "cash": 0,
            "stock": 0,
            "eps": 0
        },
        "2006": {
            "cash": 0,
            "stock": 0,
            "eps": 0
        },
        "2007": {
            "cash": 0,
            "stock": 2.2,
            "eps": 0
        },
        "2008": {
            "cash": 0,
            "stock": 0,
            "eps": 0
        },
        "2009": {
            "cash": 0.05,
            "stock": 0.4,
            "eps": 0
        },
        "2010": {
            "cash": 0.05,
            "stock": 0.5,
            "eps": 3.23
        },
        "2011": {
            "cash": 8,
            "stock": 1,
            "eps": 7.23
        },
        "2012": {
            "cash": 4.2,
            "stock": 0,
            "eps": -14.84
        },
        "2013": {
            "cash": 0,
            "stock": 0,
            "eps": -8.6
        },
        "2014": {
            "cash": 0,
            "stock": 0,
            "eps": -6.66
        },
        "2015": {
            "cash": 0,
            "stock": 0,
            "eps": -8.36
        },
        "2016": {
            "cash": 0,
            "stock": 0,
            "eps": 0.22
        },
        "2017": {
            "cash": 0.1,
            "stock": 0,
            "eps": 2.25
        },
        "2018": {
            "cash": 1.2,
            "stock": 0,
            "eps": -0.53
        },
        "2019": {
            "cash": 0,
            "stock": 0,
            "eps": -1.48
        },
        "2020": {
            "cash": 0,
            "stock": 0,
            "eps": -1.78
        },
        "2021": {
            "cash": 0,
            "stock": 0,
            "eps": 0.48
        },
        "2022": {
            "cash": 0.2,
            "stock": 0,
            "eps": -4.28
        },
        "2023": {
            "cash": 0,
            "stock": 0,
            "eps": -0.71
        }
    },
    "dividends": {
        "2007-04-09": {
            "cash": 0,
            "stock": 2.2
        },
        "2009-03-24": {
            "cash": 0.05,
            "stock": 0.4
        },
        "2010-03-16": {
            "cash": 0.05,
            "stock": 0.5
        },
        "2011-02-15": {
            "cash": 8,
            "stock": 1
        },
        "2012-06-27": {
            "cash": 4.2,
            "stock": 0
        },
        "2017-07-26": {
            "cash": 0.1,
            "stock": 0
        },
        "2018-07-25": {
            "cash": 1.2,
            "stock": 0
        },
        "2022-07-25": {
            "cash": 0.2,
            "stock": 0
        }
    },
    "prices": {
        "200101": "無",
        "200102": "無",
        "200103": "無",
        "200104": "無",
        "200105": "無",
        "200106": "無",
        "200107": "無",
        "200108": "無",
        "200109": "無",
        "200110": "無",
        "200111": "無",
        "200112": "無",
        "200201": "無",
        "200202": "無",
        "200203": "無",
        "200204": "無",
        "200205": "無",
        "200206": "無",
        "200207": "無",
        "200208": "無",
        "200209": "無",
        "200210": "無",
        "200211": "無",
        "200212": "無",
        "200301": "無",
        "200302": "無",
        "200303": "無",
        "200304": "無",
        "200305": "無",
        "200306": "無",
        "200307": "無",
        "200308": "無",
        "200309": "無",
        "200310": "無",
        "200311": "無",
        "200312": "無",
        "200401": "無",
        "200402": "無",
        "200403": "無",
        "200404": "無",
        "200405": "無",
        "200406": "無",
        "200407": "無",
        "200408": "無",
        "200409": "無",
        "200410": "無",
        "200411": "無",
        "200412": "無",
        "200501": "無",
        "200502": "無",
        "200503": "無",
        "200504": "無",
        "200505": "無",
        "200506": "無",
        "200507": "無",
        "200508": "無",
        "200509": "無",
        "200510": "無",
        "200511": "無",
        "200512": "無",
        "200601": "無",
        "200602": "無",
        "200603": "無",
        "200604": "無",
        "200605": "無",
        "200606": "無",
        "200607": "無",
        "200608": "無",
        "200609": "無",
        "200610": "無",
        "200611": "無",
        "200612": "無",
        "200701": "無",
        "200702": "無",
        "200703": "132.11",
        "200704": "169.05",
        "200705": "164.28",
        "200706": "165.35",
        "200707": "171.80",
        "200708": "127.48",
        "200709": "84.51",
        "200710": "70.96",
        "200711": "59.51",
        "200712": "51.38",
        "200801": "49.57",
        "200802": "60.94",
        "200803": "83.36",
        "200804": "82.93",
        "200805": "98.55",
        "200806": "84.99",
        "200807": "61.87",
        "200808": "57.08",
        "200809": "47.27",
        "200810": "29.80",
        "200811": "22.12",
        "200812": "20.62",
        "200901": "20.23",
        "200902": "22.13",
        "200903": "24.75",
        "200904": "29.61",
        "200905": "27.93",
        "200906": "28.02",
        "200907": "26.23",
        "200908": "25.48",
        "200909": "21.23",
        "200910": "28.67",
        "200911": "29.38",
        "200912": "34.05",
        "201001": "67.84",
        "201002": "62.24",
        "201003": "64.78",
        "201004": "64.38",
        "201005": "80.81",
        "201006": "81.17",
        "201007": "77.20",
        "201008": "72.06",
        "201009": "69.87",
        "201010": "80.76",
        "201011": "123.89",
        "201012": "197.65",
        "201101": "230.71",
        "201102": "191.75",
        "201103": "170.62",
        "201104": "141.42",
        "201105": "156.43",
        "201106": "146.45",
        "201107": "133.13",
        "201108": "92.07",
        "201109": "89.26",
        "201110": "80.87",
        "201111": "81.79",
        "201112": "70.53",
        "201201": "71.91",
        "201202": "89.93",
        "201203": "88.72",
        "201204": "65.54",
        "201205": "50.28",
        "201206": "42.30",
        "201207": "37.35",
        "201208": "28.79",
        "201209": "28.76",
        "201210": "33.69",
        "201211": "24.16",
        "201212": "25.88",
        "201301": "26.10",
        "201302": "24.85",
        "201303": "26.85",
        "201304": "25.45",
        "201305": "23.89",
        "201306": "20.19",
        "201307": "15.20",
        "201308": "11.54",
        "201309": "12.66",
        "201310": "14.02",
        "201311": "11.12",
        "201312": "12.34",
        "201401": "13.56",
        "201402": "12.74",
        "201403": "12.75",
        "201404": "12.85",
        "201405": "12.18",
        "201406": "11.90",
        "201407": "10.99",
        "201408": "8.06",
        "201409": "10.75",
        "201410": "7.77",
        "201411": "7.48",
        "201412": "8.22",
        "201501": "9.32",
        "201502": "9.32",
        "201503": "8.55",
        "201504": "5.53",
        "201505": "5.51",
        "201506": "4.64",
        "201507": "4.19",
        "201508": "4.04",
        "201509": "5.94",
        "201510": "7.72",
        "201511": "9.14",
        "201512": "10.76",
        "201601": "12.90",
        "201602": "11.33",
        "201603": "13.09",
        "201604": "18.39",
        "201605": "20.69",
        "201606": "24.29",
        "201607": "38.40",
        "201608": "34.07",
        "201609": "34.46",
        "201610": "66.50",
        "201611": "61.82",
        "201612": "59.96",
        "201701": "69.62",
        "201702": "68.96",
        "201703": "69.00",
        "201704": "68.39",
        "201705": "67.06",
        "201706": "66.90",
        "201707": "72.83",
        "201708": "75.78",
        "201709": "71.76",
        "201710": "70.16",
        "201711": "67.27",
        "201712": "63.27",
        "201801": "59.94",
        "201802": "51.96",
        "201803": "51.80",
        "201804": "50.98",
        "201805": "49.07",
        "201806": "45.18",
        "201807": "47.40",
        "201808": "51.29",
        "201809": "47.89",
        "201810": "43.40",
        "201811": "42.53",
        "201812": "51.96",
        "201901": "50.22",
        "201902": "51.93",
        "201903": "46.11",
        "201904": "27.11",
        "201905": "26.00",
        "201906": "25.28",
        "201907": "26.73",
        "201908": "29.01",
        "201909": "28.19",
        "201910": "27.96",
        "201911": "27.41",
        "201912": "27.56",
        "202001": "30.85",
        "202002": "29.75",
        "202003": "27.64",
        "202004": "29.22",
        "202005": "28.60",
        "202006": "28.69",
        "202007": "33.97",
        "202008": "33.38",
        "202009": "33.10",
        "202010": "32.76",
        "202011": "31.32",
        "202012": "31.20",
        "202101": "32.84",
        "202102": "31.07",
        "202103": "30.58",
        "202104": "31.24",
        "202105": "30.89",
        "202106": "33.25",
        "202107": "32.96",
        "202108": "33.40",
        "202109": "31.14",
        "202110": "43.96",
        "202111": "40.97",
        "202112": "38.27",
        "202201": "37.38",
        "202202": "36.91",
        "202203": "36.18",
        "202204": "33.09",
        "202205": "32.10",
        "202206": "34.75",
        "202207": "32.66",
        "202208": "24.16",
        "202209": "24.52",
        "202210": "23.12",
        "202211": "21.70",
        "202212": "26.17",
        "202301": "28.24",
        "202302": "27.19",
        "202303": "27.50",
        "202304": "27.30",
        "202305": "26.74",
        "202306": "33.86",
        "202307": "38.30",
        "202308": "38.45",
        "202309": "36.18",
        "202310": "33.34",
        "202311": "31.81",
        "202312": "34.01"
    },
    "quarters": {
        "20011": {
            "year_quarter": 20011,
            "year": 2001,
            "quarter": 1,
            "eps": null,
            "eps_growth_year": null,
            "eps_4q": null,
            "eps_4q_growth_year": null,
            "roe": null,
            "roe_4q": 0,
            "gross_profit": null,
            "gross_margin": null,
            "gross_margin_4q_avg": 0,
            "net_income": null,
            "net_income_4q": null,
            "revenue": null,
            "revenue_4q": null,
            "common_shares": null,
            "book_valuer_per_share": null,
            "book_valuer_per_share_4q_avg": 0,
            "equity": null,
            "current_ratio": null,
            "debt_ratio": null,
            "inventory_turnover_ratio": null,
            "account_receivable_turnover_ratio": null,
            "reinvestment_rate": null,
            "research_to_sale_ratio": null,
            "price_fair": 0,
            "eps_avg_yearly": 0,
            "eps_latest_yearly": 0,
            "eps_growth_yearly": 0
        },
        "20012": {
            "year_quarter": 20012,
            "year": 2001,
            "quarter": 2,
            "eps": null,
            "eps_growth_year": null,
            "eps_4q": null,
            "eps_4q_growth_year": null,
            "roe": null,
            "roe_4q": 0,
            "gross_profit": null,
            "gross_margin": null,
            "gross_margin_4q_avg": 0,
            "net_income": null,
            "net_income_4q": null,
            "revenue": null,
            "revenue_4q": null,
            "common_shares": null,
            "book_valuer_per_share": null,
            "book_valuer_per_share_4q_avg": 0,
            "equity": null,
            "current_ratio": null,
            "debt_ratio": null,
            "inventory_turnover_ratio": null,
            "account_receivable_turnover_ratio": null,
            "reinvestment_rate": null,
            "research_to_sale_ratio": null,
            "price_fair": 0,
            "eps_avg_yearly": 0,
            "eps_latest_yearly": 0,
            "eps_growth_yearly": 0
        },
        "20013": {
            "year_quarter": 20013,
            "year": 2001,
            "quarter": 3,
            "eps": null,
            "eps_growth_year": null,
            "eps_4q": null,
            "eps_4q_growth_year": null,
            "roe": null,
            "roe_4q": 0,
            "gross_profit": null,
            "gross_margin": null,
            "gross_margin_4q_avg": 0,
            "net_income": null,
            "net_income_4q": null,
            "revenue": null,
            "revenue_4q": null,
            "common_shares": null,
            "book_valuer_per_share": null,
            "book_valuer_per_share_4q_avg": 0,
            "equity": null,
            "current_ratio": null,
            "debt_ratio": null,
            "inventory_turnover_ratio": null,
            "account_receivable_turnover_ratio": null,
            "reinvestment_rate": null,
            "research_to_sale_ratio": null,
            "price_fair": 0,
            "eps_avg_yearly": 0,
            "eps_latest_yearly": 0,
            "eps_growth_yearly": 0
        },
        "20014": {
            "year_quarter": 20014,
            "year": 2001,
            "quarter": 4,
            "eps": null,
            "eps_growth_year": null,
            "eps_4q": null,
            "eps_4q_growth_year": null,
            "roe": null,
            "roe_4q": 0,
            "gross_profit": null,
            "gross_margin": null,
            "gross_margin_4q_avg": 0,
            "net_income": null,
            "net_income_4q": null,
            "revenue": null,
            "revenue_4q": null,
            "common_shares": null,
            "book_valuer_per_share": null,
            "book_valuer_per_share_4q_avg": 0,
            "equity": null,
            "current_ratio": null,
            "debt_ratio": null,
            "inventory_turnover_ratio": null,
            "account_receivable_turnover_ratio": null,
            "reinvestment_rate": null,
            "research_to_sale_ratio": null,
            "price_fair": 0,
            "eps_avg_yearly": 0,
            "eps_latest_yearly": 0,
            "eps_growth_yearly": 0
        },
        "20021": {
            "year_quarter": 20021,
            "year": 2002,
            "quarter": 1,
            "eps": null,
            "eps_growth_year": null,
            "eps_4q": null,
            "eps_4q_growth_year": null,
            "roe": null,
            "roe_4q": 0,
            "gross_profit": null,
            "gross_margin": null,
            "gross_margin_4q_avg": 0,
            "net_income": null,
            "net_income_4q": null,
            "revenue": null,
            "revenue_4q": null,
            "common_shares": null,
            "book_valuer_per_share": null,
            "book_valuer_per_share_4q_avg": 0,
            "equity": null,
            "current_ratio": null,
            "debt_ratio": null,
            "inventory_turnover_ratio": null,
            "account_receivable_turnover_ratio": null,
            "reinvestment_rate": null,
            "research_to_sale_ratio": null,
            "price_fair": 0,
            "eps_avg_yearly": 0,
            "eps_latest_yearly": 0,
            "eps_growth_yearly": 0
        },
        "20022": {
            "year_quarter": 20022,
            "year": 2002,
            "quarter": 2,
            "eps": null,
            "eps_growth_year": null,
            "eps_4q": null,
            "eps_4q_growth_year": null,
            "roe": null,
            "roe_4q": 0,
            "gross_profit": null,
            "gross_margin": null,
            "gross_margin_4q_avg": 0,
            "net_income": null,
            "net_income_4q": null,
            "revenue": null,
            "revenue_4q": null,
            "common_shares": null,
            "book_valuer_per_share": null,
            "book_valuer_per_share_4q_avg": 0,
            "equity": null,
            "current_ratio": null,
            "debt_ratio": null,
            "inventory_turnover_ratio": null,
            "account_receivable_turnover_ratio": null,
            "reinvestment_rate": null,
            "research_to_sale_ratio": null,
            "price_fair": 0,
            "eps_avg_yearly": 0,
            "eps_latest_yearly": 0,
            "eps_growth_yearly": 0
        },
        "20023": {
            "year_quarter": 20023,
            "year": 2002,
            "quarter": 3,
            "eps": null,
            "eps_growth_year": null,
            "eps_4q": null,
            "eps_4q_growth_year": null,
            "roe": null,
            "roe_4q": 0,
            "gross_profit": null,
            "gross_margin": null,
            "gross_margin_4q_avg": 0,
            "net_income": null,
            "net_income_4q": null,
            "revenue": null,
            "revenue_4q": null,
            "common_shares": null,
            "book_valuer_per_share": null,
            "book_valuer_per_share_4q_avg": 0,
            "equity": null,
            "current_ratio": null,
            "debt_ratio": null,
            "inventory_turnover_ratio": null,
            "account_receivable_turnover_ratio": null,
            "reinvestment_rate": null,
            "research_to_sale_ratio": null,
            "price_fair": 0,
            "eps_avg_yearly": 0,
            "eps_latest_yearly": 0,
            "eps_growth_yearly": 0
        },
        "20024": {
            "year_quarter": 20024,
            "year": 2002,
            "quarter": 4,
            "eps": null,
            "eps_growth_year": null,
            "eps_4q": null,
            "eps_4q_growth_year": null,
            "roe": null,
            "roe_4q": 0,
            "gross_profit": null,
            "gross_margin": null,
            "gross_margin_4q_avg": 0,
            "net_income": null,
            "net_income_4q": null,
            "revenue": null,
            "revenue_4q": null,
            "common_shares": null,
            "book_valuer_per_share": null,
            "book_valuer_per_share_4q_avg": 0,
            "equity": null,
            "current_ratio": null,
            "debt_ratio": null,
            "inventory_turnover_ratio": null,
            "account_receivable_turnover_ratio": null,
            "reinvestment_rate": null,
            "research_to_sale_ratio": null,
            "price_fair": 0,
            "eps_avg_yearly": 0,
            "eps_latest_yearly": 0,
            "eps_growth_yearly": 0
        },
        "20031": {
            "year_quarter": 20031,
            "year": 2003,
            "quarter": 1,
            "eps": null,
            "eps_growth_year": null,
            "eps_4q": null,
            "eps_4q_growth_year": null,
            "roe": null,
            "roe_4q": 0,
            "gross_profit": null,
            "gross_margin": null,
            "gross_margin_4q_avg": 0,
            "net_income": null,
            "net_income_4q": null,
            "revenue": null,
            "revenue_4q": null,
            "common_shares": null,
            "book_valuer_per_share": null,
            "book_valuer_per_share_4q_avg": 0,
            "equity": null,
            "current_ratio": null,
            "debt_ratio": null,
            "inventory_turnover_ratio": null,
            "account_receivable_turnover_ratio": null,
            "reinvestment_rate": null,
            "research_to_sale_ratio": null,
            "price_fair": 0,
            "eps_avg_yearly": 0,
            "eps_latest_yearly": 0,
            "eps_growth_yearly": 0
        },
        "20032": {
            "year_quarter": 20032,
            "year": 2003,
            "quarter": 2,
            "eps": null,
            "eps_growth_year": null,
            "eps_4q": null,
            "eps_4q_growth_year": null,
            "roe": null,
            "roe_4q": 0,
            "gross_profit": null,
            "gross_margin": null,
            "gross_margin_4q_avg": 0,
            "net_income": null,
            "net_income_4q": null,
            "revenue": null,
            "revenue_4q": null,
            "common_shares": null,
            "book_valuer_per_share": null,
            "book_valuer_per_share_4q_avg": 0,
            "equity": null,
            "current_ratio": null,
            "debt_ratio": null,
            "inventory_turnover_ratio": null,
            "account_receivable_turnover_ratio": null,
            "reinvestment_rate": null,
            "research_to_sale_ratio": null,
            "price_fair": 0,
            "eps_avg_yearly": 0,
            "eps_latest_yearly": 0,
            "eps_growth_yearly": 0
        },
        "20033": {
            "year_quarter": 20033,
            "year": 2003,
            "quarter": 3,
            "eps": null,
            "eps_growth_year": null,
            "eps_4q": null,
            "eps_4q_growth_year": null,
            "roe": null,
            "roe_4q": 0,
            "gross_profit": null,
            "gross_margin": null,
            "gross_margin_4q_avg": 0,
            "net_income": null,
            "net_income_4q": null,
            "revenue": null,
            "revenue_4q": null,
            "common_shares": null,
            "book_valuer_per_share": null,
            "book_valuer_per_share_4q_avg": 0,
            "equity": null,
            "current_ratio": null,
            "debt_ratio": null,
            "inventory_turnover_ratio": null,
            "account_receivable_turnover_ratio": null,
            "reinvestment_rate": null,
            "research_to_sale_ratio": null,
            "price_fair": 0,
            "eps_avg_yearly": 0,
            "eps_latest_yearly": 0,
            "eps_growth_yearly": 0
        },
        "20034": {
            "year_quarter": 20034,
            "year": 2003,
            "quarter": 4,
            "eps": null,
            "eps_growth_year": null,
            "eps_4q": null,
            "eps_4q_growth_year": null,
            "roe": null,
            "roe_4q": 0,
            "gross_profit": null,
            "gross_margin": null,
            "gross_margin_4q_avg": 0,
            "net_income": null,
            "net_income_4q": null,
            "revenue": null,
            "revenue_4q": null,
            "common_shares": 130000,
            "book_valuer_per_share": 8.74,
            "book_valuer_per_share_4q_avg": 2.19,
            "equity": 113559,
            "current_ratio": 3176,
            "debt_ratio": 2.2,
            "inventory_turnover_ratio": null,
            "account_receivable_turnover_ratio": null,
            "reinvestment_rate": null,
            "research_to_sale_ratio": null,
            "price_fair": 0,
            "eps_avg_yearly": 0,
            "eps_latest_yearly": 0,
            "eps_growth_yearly": 0
        },
        "20041": {
            "year_quarter": 20041,
            "year": 2004,
            "quarter": 1,
            "eps": null,
            "eps_growth_year": null,
            "eps_4q": null,
            "eps_4q_growth_year": null,
            "roe": null,
            "roe_4q": 0,
            "gross_profit": null,
            "gross_margin": null,
            "gross_margin_4q_avg": 0,
            "net_income": null,
            "net_income_4q": null,
            "revenue": null,
            "revenue_4q": null,
            "common_shares": null,
            "book_valuer_per_share": null,
            "book_valuer_per_share_4q_avg": 2.19,
            "equity": null,
            "current_ratio": null,
            "debt_ratio": null,
            "inventory_turnover_ratio": null,
            "account_receivable_turnover_ratio": null,
            "reinvestment_rate": null,
            "research_to_sale_ratio": null,
            "price_fair": 0,
            "eps_avg_yearly": 0,
            "eps_latest_yearly": 0,
            "eps_growth_yearly": 0
        },
        "20042": {
            "year_quarter": 20042,
            "year": 2004,
            "quarter": 2,
            "eps": null,
            "eps_growth_year": null,
            "eps_4q": null,
            "eps_4q_growth_year": null,
            "roe": null,
            "roe_4q": 0,
            "gross_profit": null,
            "gross_margin": null,
            "gross_margin_4q_avg": 0,
            "net_income": null,
            "net_income_4q": null,
            "revenue": null,
            "revenue_4q": null,
            "common_shares": null,
            "book_valuer_per_share": null,
            "book_valuer_per_share_4q_avg": 2.19,
            "equity": null,
            "current_ratio": null,
            "debt_ratio": null,
            "inventory_turnover_ratio": null,
            "account_receivable_turnover_ratio": null,
            "reinvestment_rate": null,
            "research_to_sale_ratio": null,
            "price_fair": 0,
            "eps_avg_yearly": 0,
            "eps_latest_yearly": 0,
            "eps_growth_yearly": 0
        },
        "20043": {
            "year_quarter": 20043,
            "year": 2004,
            "quarter": 3,
            "eps": null,
            "eps_growth_year": null,
            "eps_4q": null,
            "eps_4q_growth_year": null,
            "roe": null,
            "roe_4q": 0,
            "gross_profit": null,
            "gross_margin": null,
            "gross_margin_4q_avg": 0,
            "net_income": null,
            "net_income_4q": null,
            "revenue": null,
            "revenue_4q": null,
            "common_shares": null,
            "book_valuer_per_share": null,
            "book_valuer_per_share_4q_avg": 2.19,
            "equity": null,
            "current_ratio": null,
            "debt_ratio": null,
            "inventory_turnover_ratio": null,
            "account_receivable_turnover_ratio": null,
            "reinvestment_rate": null,
            "research_to_sale_ratio": null,
            "price_fair": 0,
            "eps_avg_yearly": 0,
            "eps_latest_yearly": 0,
            "eps_growth_yearly": 0
        },
        "20044": {
            "year_quarter": 20044,
            "year": 2004,
            "quarter": 4,
            "eps": null,
            "eps_growth_year": null,
            "eps_4q": null,
            "eps_4q_growth_year": null,
            "roe": null,
            "roe_4q": 0,
            "gross_profit": null,
            "gross_margin": null,
            "gross_margin_4q_avg": 0,
            "net_income": null,
            "net_income_4q": null,
            "revenue": null,
            "revenue_4q": null,
            "common_shares": 200000,
            "book_valuer_per_share": 5.75,
            "book_valuer_per_share_4q_avg": 1.44,
            "equity": 115016,
            "current_ratio": 725.8,
            "debt_ratio": 9.77,
            "inventory_turnover_ratio": null,
            "account_receivable_turnover_ratio": null,
            "reinvestment_rate": null,
            "research_to_sale_ratio": null,
            "price_fair": 0,
            "eps_avg_yearly": 0,
            "eps_latest_yearly": 0,
            "eps_growth_yearly": 0
        },
        "20051": {
            "year_quarter": 20051,
            "year": 2005,
            "quarter": 1,
            "eps": null,
            "eps_growth_year": null,
            "eps_4q": null,
            "eps_4q_growth_year": null,
            "roe": null,
            "roe_4q": 0,
            "gross_profit": null,
            "gross_margin": null,
            "gross_margin_4q_avg": 0,
            "net_income": null,
            "net_income_4q": null,
            "revenue": null,
            "revenue_4q": null,
            "common_shares": null,
            "book_valuer_per_share": null,
            "book_valuer_per_share_4q_avg": 1.44,
            "equity": null,
            "current_ratio": null,
            "debt_ratio": null,
            "inventory_turnover_ratio": null,
            "account_receivable_turnover_ratio": null,
            "reinvestment_rate": null,
            "research_to_sale_ratio": null,
            "price_fair": 0,
            "eps_avg_yearly": 0,
            "eps_latest_yearly": 0,
            "eps_growth_yearly": 0
        },
        "20052": {
            "year_quarter": 20052,
            "year": 2005,
            "quarter": 2,
            "eps": null,
            "eps_growth_year": null,
            "eps_4q": null,
            "eps_4q_growth_year": null,
            "roe": null,
            "roe_4q": 0,
            "gross_profit": null,
            "gross_margin": null,
            "gross_margin_4q_avg": 0,
            "net_income": null,
            "net_income_4q": null,
            "revenue": null,
            "revenue_4q": null,
            "common_shares": null,
            "book_valuer_per_share": null,
            "book_valuer_per_share_4q_avg": 1.44,
            "equity": null,
            "current_ratio": null,
            "debt_ratio": null,
            "inventory_turnover_ratio": null,
            "account_receivable_turnover_ratio": null,
            "reinvestment_rate": null,
            "research_to_sale_ratio": null,
            "price_fair": 0,
            "eps_avg_yearly": 0,
            "eps_latest_yearly": 0,
            "eps_growth_yearly": 0
        },
        "20053": {
            "year_quarter": 20053,
            "year": 2005,
            "quarter": 3,
            "eps": null,
            "eps_growth_year": null,
            "eps_4q": null,
            "eps_4q_growth_year": null,
            "roe": null,
            "roe_4q": 0,
            "gross_profit": null,
            "gross_margin": null,
            "gross_margin_4q_avg": 0,
            "net_income": null,
            "net_income_4q": null,
            "revenue": null,
            "revenue_4q": null,
            "common_shares": null,
            "book_valuer_per_share": null,
            "book_valuer_per_share_4q_avg": 1.44,
            "equity": null,
            "current_ratio": null,
            "debt_ratio": null,
            "inventory_turnover_ratio": null,
            "account_receivable_turnover_ratio": null,
            "reinvestment_rate": null,
            "research_to_sale_ratio": null,
            "price_fair": 0,
            "eps_avg_yearly": 0,
            "eps_latest_yearly": 0,
            "eps_growth_yearly": 0
        },
        "20054": {
            "year_quarter": 20054,
            "year": 2005,
            "quarter": 4,
            "eps": null,
            "eps_growth_year": null,
            "eps_4q": null,
            "eps_4q_growth_year": null,
            "roe": null,
            "roe_4q": 0,
            "gross_profit": null,
            "gross_margin": null,
            "gross_margin_4q_avg": 0,
            "net_income": null,
            "net_income_4q": null,
            "revenue": null,
            "revenue_4q": null,
            "common_shares": 281140,
            "book_valuer_per_share": 11.21,
            "book_valuer_per_share_4q_avg": 2.8,
            "equity": 315218,
            "current_ratio": 140.19,
            "debt_ratio": 67.86,
            "inventory_turnover_ratio": null,
            "account_receivable_turnover_ratio": null,
            "reinvestment_rate": null,
            "research_to_sale_ratio": null,
            "price_fair": 0,
            "eps_avg_yearly": 0,
            "eps_latest_yearly": 0,
            "eps_growth_yearly": 0
        },
        "20061": {
            "year_quarter": 20061,
            "year": 2006,
            "quarter": 1,
            "eps": null,
            "eps_growth_year": null,
            "eps_4q": null,
            "eps_4q_growth_year": null,
            "roe": null,
            "roe_4q": 0,
            "gross_profit": null,
            "gross_margin": null,
            "gross_margin_4q_avg": 0,
            "net_income": null,
            "net_income_4q": null,
            "revenue": null,
            "revenue_4q": null,
            "common_shares": null,
            "book_valuer_per_share": null,
            "book_valuer_per_share_4q_avg": 2.8,
            "equity": null,
            "current_ratio": null,
            "debt_ratio": null,
            "inventory_turnover_ratio": null,
            "account_receivable_turnover_ratio": null,
            "reinvestment_rate": null,
            "research_to_sale_ratio": null,
            "price_fair": 0,
            "eps_avg_yearly": 0,
            "eps_latest_yearly": 0,
            "eps_growth_yearly": 0
        },
        "20062": {
            "year_quarter": 20062,
            "year": 2006,
            "quarter": 2,
            "eps": null,
            "eps_growth_year": null,
            "eps_4q": null,
            "eps_4q_growth_year": null,
            "roe": null,
            "roe_4q": 0,
            "gross_profit": null,
            "gross_margin": null,
            "gross_margin_4q_avg": 0,
            "net_income": null,
            "net_income_4q": null,
            "revenue": null,
            "revenue_4q": null,
            "common_shares": null,
            "book_valuer_per_share": null,
            "book_valuer_per_share_4q_avg": 2.8,
            "equity": null,
            "current_ratio": null,
            "debt_ratio": null,
            "inventory_turnover_ratio": null,
            "account_receivable_turnover_ratio": null,
            "reinvestment_rate": null,
            "research_to_sale_ratio": null,
            "price_fair": 0,
            "eps_avg_yearly": 0,
            "eps_latest_yearly": 0,
            "eps_growth_yearly": 0
        },
        "20063": {
            "year_quarter": 20063,
            "year": 2006,
            "quarter": 3,
            "eps": null,
            "eps_growth_year": null,
            "eps_4q": null,
            "eps_4q_growth_year": null,
            "roe": null,
            "roe_4q": 0,
            "gross_profit": null,
            "gross_margin": null,
            "gross_margin_4q_avg": 0,
            "net_income": null,
            "net_income_4q": null,
            "revenue": null,
            "revenue_4q": null,
            "common_shares": null,
            "book_valuer_per_share": null,
            "book_valuer_per_share_4q_avg": 2.8,
            "equity": null,
            "current_ratio": null,
            "debt_ratio": null,
            "inventory_turnover_ratio": null,
            "account_receivable_turnover_ratio": null,
            "reinvestment_rate": null,
            "research_to_sale_ratio": null,
            "price_fair": 0,
            "eps_avg_yearly": 0,
            "eps_latest_yearly": 0,
            "eps_growth_yearly": 0
        },
        "20064": {
            "year_quarter": 20064,
            "year": 2006,
            "quarter": 4,
            "eps": null,
            "eps_growth_year": null,
            "eps_4q": null,
            "eps_4q_growth_year": null,
            "roe": null,
            "roe_4q": 0,
            "gross_profit": null,
            "gross_margin": null,
            "gross_margin_4q_avg": 0,
            "net_income": null,
            "net_income_4q": null,
            "revenue": null,
            "revenue_4q": null,
            "common_shares": 406100,
            "book_valuer_per_share": 15.9,
            "book_valuer_per_share_4q_avg": 3.98,
            "equity": 645592,
            "current_ratio": 319.11,
            "debt_ratio": 27.97,
            "inventory_turnover_ratio": null,
            "account_receivable_turnover_ratio": null,
            "reinvestment_rate": null,
            "research_to_sale_ratio": null,
            "price_fair": 0,
            "eps_avg_yearly": 0,
            "eps_latest_yearly": 0,
            "eps_growth_yearly": 0
        },
        "20071": {
            "year_quarter": 20071,
            "year": 2007,
            "quarter": 1,
            "eps": null,
            "eps_growth_year": null,
            "eps_4q": null,
            "eps_4q_growth_year": null,
            "roe": null,
            "roe_4q": 0,
            "gross_profit": null,
            "gross_margin": null,
            "gross_margin_4q_avg": 0,
            "net_income": null,
            "net_income_4q": null,
            "revenue": null,
            "revenue_4q": null,
            "common_shares": null,
            "book_valuer_per_share": null,
            "book_valuer_per_share_4q_avg": 3.98,
            "equity": null,
            "current_ratio": null,
            "debt_ratio": null,
            "inventory_turnover_ratio": null,
            "account_receivable_turnover_ratio": null,
            "reinvestment_rate": null,
            "research_to_sale_ratio": null,
            "price_fair": 0,
            "eps_avg_yearly": 0,
            "eps_latest_yearly": 0,
            "eps_growth_yearly": 0
        },
        "20072": {
            "year_quarter": 20072,
            "year": 2007,
            "quarter": 2,
            "eps": null,
            "eps_growth_year": null,
            "eps_4q": null,
            "eps_4q_growth_year": null,
            "roe": null,
            "roe_4q": 0,
            "gross_profit": null,
            "gross_margin": null,
            "gross_margin_4q_avg": 0,
            "net_income": null,
            "net_income_4q": null,
            "revenue": null,
            "revenue_4q": null,
            "common_shares": null,
            "book_valuer_per_share": null,
            "book_valuer_per_share_4q_avg": 3.98,
            "equity": null,
            "current_ratio": null,
            "debt_ratio": null,
            "inventory_turnover_ratio": null,
            "account_receivable_turnover_ratio": null,
            "reinvestment_rate": null,
            "research_to_sale_ratio": null,
            "price_fair": 0,
            "eps_avg_yearly": 0,
            "eps_latest_yearly": 0,
            "eps_growth_yearly": 0
        },
        "20073": {
            "year_quarter": 20073,
            "year": 2007,
            "quarter": 3,
            "eps": null,
            "eps_growth_year": null,
            "eps_4q": null,
            "eps_4q_growth_year": null,
            "roe": null,
            "roe_4q": 0,
            "gross_profit": null,
            "gross_margin": null,
            "gross_margin_4q_avg": 0,
            "net_income": null,
            "net_income_4q": null,
            "revenue": null,
            "revenue_4q": null,
            "common_shares": null,
            "book_valuer_per_share": null,
            "book_valuer_per_share_4q_avg": 3.98,
            "equity": null,
            "current_ratio": null,
            "debt_ratio": null,
            "inventory_turnover_ratio": null,
            "account_receivable_turnover_ratio": null,
            "reinvestment_rate": null,
            "research_to_sale_ratio": null,
            "price_fair": 0,
            "eps_avg_yearly": 0,
            "eps_latest_yearly": 0,
            "eps_growth_yearly": 0
        },
        "20074": {
            "year_quarter": 20074,
            "year": 2007,
            "quarter": 4,
            "eps": null,
            "eps_growth_year": null,
            "eps_4q": null,
            "eps_4q_growth_year": null,
            "roe": null,
            "roe_4q": 0,
            "gross_profit": null,
            "gross_margin": null,
            "gross_margin_4q_avg": 0,
            "net_income": null,
            "net_income_4q": null,
            "revenue": null,
            "revenue_4q": null,
            "common_shares": 532380,
            "book_valuer_per_share": 10.08,
            "book_valuer_per_share_4q_avg": 2.52,
            "equity": 536688,
            "current_ratio": 259.46,
            "debt_ratio": 33.57,
            "inventory_turnover_ratio": null,
            "account_receivable_turnover_ratio": null,
            "reinvestment_rate": null,
            "research_to_sale_ratio": null,
            "price_fair": 0,
            "eps_avg_yearly": 0,
            "eps_latest_yearly": 0,
            "eps_growth_yearly": 0
        },
        "20081": {
            "year_quarter": 20081,
            "year": 2008,
            "quarter": 1,
            "eps": null,
            "eps_growth_year": null,
            "eps_4q": null,
            "eps_4q_growth_year": null,
            "roe": null,
            "roe_4q": 0,
            "gross_profit": null,
            "gross_margin": null,
            "gross_margin_4q_avg": 0,
            "net_income": null,
            "net_income_4q": null,
            "revenue": null,
            "revenue_4q": null,
            "common_shares": null,
            "book_valuer_per_share": null,
            "book_valuer_per_share_4q_avg": 2.52,
            "equity": null,
            "current_ratio": null,
            "debt_ratio": null,
            "inventory_turnover_ratio": null,
            "account_receivable_turnover_ratio": null,
            "reinvestment_rate": null,
            "research_to_sale_ratio": null,
            "price_fair": 0,
            "eps_avg_yearly": 0,
            "eps_latest_yearly": 0,
            "eps_growth_yearly": 0
        },
        "20082": {
            "year_quarter": 20082,
            "year": 2008,
            "quarter": 2,
            "eps": null,
            "eps_growth_year": null,
            "eps_4q": null,
            "eps_4q_growth_year": null,
            "roe": null,
            "roe_4q": 0,
            "gross_profit": null,
            "gross_margin": null,
            "gross_margin_4q_avg": 0,
            "net_income": null,
            "net_income_4q": null,
            "revenue": null,
            "revenue_4q": null,
            "common_shares": null,
            "book_valuer_per_share": null,
            "book_valuer_per_share_4q_avg": 2.52,
            "equity": null,
            "current_ratio": null,
            "debt_ratio": null,
            "inventory_turnover_ratio": null,
            "account_receivable_turnover_ratio": null,
            "reinvestment_rate": null,
            "research_to_sale_ratio": null,
            "price_fair": 0,
            "eps_avg_yearly": 0,
            "eps_latest_yearly": 0,
            "eps_growth_yearly": 0
        },
        "20083": {
            "year_quarter": 20083,
            "year": 2008,
            "quarter": 3,
            "eps": null,
            "eps_growth_year": null,
            "eps_4q": null,
            "eps_4q_growth_year": null,
            "roe": null,
            "roe_4q": 0,
            "gross_profit": null,
            "gross_margin": null,
            "gross_margin_4q_avg": 0,
            "net_income": null,
            "net_income_4q": null,
            "revenue": null,
            "revenue_4q": null,
            "common_shares": null,
            "book_valuer_per_share": null,
            "book_valuer_per_share_4q_avg": 2.52,
            "equity": null,
            "current_ratio": null,
            "debt_ratio": null,
            "inventory_turnover_ratio": null,
            "account_receivable_turnover_ratio": null,
            "reinvestment_rate": null,
            "research_to_sale_ratio": null,
            "price_fair": 0,
            "eps_avg_yearly": 0,
            "eps_latest_yearly": 0,
            "eps_growth_yearly": 0
        },
        "20084": {
            "year_quarter": 20084,
            "year": 2008,
            "quarter": 4,
            "eps": null,
            "eps_growth_year": null,
            "eps_4q": null,
            "eps_4q_growth_year": null,
            "roe": null,
            "roe_4q": 0,
            "gross_profit": null,
            "gross_margin": null,
            "gross_margin_4q_avg": 0,
            "net_income": null,
            "net_income_4q": null,
            "revenue": null,
            "revenue_4q": null,
            "common_shares": 657510,
            "book_valuer_per_share": 14.37,
            "book_valuer_per_share_4q_avg": 3.59,
            "equity": 944937,
            "current_ratio": 521.62,
            "debt_ratio": 17.22,
            "inventory_turnover_ratio": null,
            "account_receivable_turnover_ratio": null,
            "reinvestment_rate": null,
            "research_to_sale_ratio": null,
            "price_fair": 0,
            "eps_avg_yearly": 0,
            "eps_latest_yearly": 0,
            "eps_growth_yearly": 0
        },
        "20091": {
            "year_quarter": 20091,
            "year": 2009,
            "quarter": 1,
            "eps": null,
            "eps_growth_year": null,
            "eps_4q": null,
            "eps_4q_growth_year": null,
            "roe": null,
            "roe_4q": 0,
            "gross_profit": null,
            "gross_margin": null,
            "gross_margin_4q_avg": 0,
            "net_income": null,
            "net_income_4q": null,
            "revenue": null,
            "revenue_4q": null,
            "common_shares": null,
            "book_valuer_per_share": null,
            "book_valuer_per_share_4q_avg": 3.59,
            "equity": null,
            "current_ratio": null,
            "debt_ratio": null,
            "inventory_turnover_ratio": null,
            "account_receivable_turnover_ratio": null,
            "reinvestment_rate": null,
            "research_to_sale_ratio": null,
            "price_fair": 0,
            "eps_avg_yearly": 0,
            "eps_latest_yearly": 0,
            "eps_growth_yearly": 0
        },
        "20092": {
            "year_quarter": 20092,
            "year": 2009,
            "quarter": 2,
            "eps": null,
            "eps_growth_year": null,
            "eps_4q": null,
            "eps_4q_growth_year": null,
            "roe": null,
            "roe_4q": 0,
            "gross_profit": null,
            "gross_margin": null,
            "gross_margin_4q_avg": 0,
            "net_income": null,
            "net_income_4q": null,
            "revenue": null,
            "revenue_4q": null,
            "common_shares": 657510,
            "book_valuer_per_share": null,
            "book_valuer_per_share_4q_avg": 3.59,
            "equity": 763321,
            "current_ratio": null,
            "debt_ratio": null,
            "inventory_turnover_ratio": null,
            "account_receivable_turnover_ratio": null,
            "reinvestment_rate": null,
            "research_to_sale_ratio": null,
            "price_fair": 0,
            "eps_avg_yearly": 0,
            "eps_latest_yearly": 0,
            "eps_growth_yearly": 0
        },
        "20093": {
            "year_quarter": 20093,
            "year": 2009,
            "quarter": 3,
            "eps": null,
            "eps_growth_year": null,
            "eps_4q": null,
            "eps_4q_growth_year": null,
            "roe": null,
            "roe_4q": 0,
            "gross_profit": null,
            "gross_margin": null,
            "gross_margin_4q_avg": 0,
            "net_income": null,
            "net_income_4q": null,
            "revenue": null,
            "revenue_4q": null,
            "common_shares": null,
            "book_valuer_per_share": null,
            "book_valuer_per_share_4q_avg": 3.59,
            "equity": null,
            "current_ratio": null,
            "debt_ratio": null,
            "inventory_turnover_ratio": null,
            "account_receivable_turnover_ratio": null,
            "reinvestment_rate": null,
            "research_to_sale_ratio": null,
            "price_fair": 0,
            "eps_avg_yearly": 0,
            "eps_latest_yearly": 0,
            "eps_growth_yearly": 0
        },
        "20094": {
            "year_quarter": 20094,
            "year": 2009,
            "quarter": 4,
            "eps": null,
            "eps_growth_year": null,
            "eps_4q": null,
            "eps_4q_growth_year": null,
            "roe": null,
            "roe_4q": 0,
            "gross_profit": null,
            "gross_margin": null,
            "gross_margin_4q_avg": 0,
            "net_income": null,
            "net_income_4q": null,
            "revenue": null,
            "revenue_4q": null,
            "common_shares": 412790,
            "book_valuer_per_share": 16.97,
            "book_valuer_per_share_4q_avg": 4.24,
            "equity": 700319,
            "current_ratio": 242.22,
            "debt_ratio": 33.3,
            "inventory_turnover_ratio": null,
            "account_receivable_turnover_ratio": null,
            "reinvestment_rate": null,
            "research_to_sale_ratio": null,
            "price_fair": 0,
            "eps_avg_yearly": 0,
            "eps_latest_yearly": 0,
            "eps_growth_yearly": 0
        },
        "20101": {
            "year_quarter": 20101,
            "year": 2010,
            "quarter": 1,
            "eps": null,
            "eps_growth_year": null,
            "eps_4q": null,
            "eps_4q_growth_year": null,
            "roe": null,
            "roe_4q": 0,
            "gross_profit": 134924,
            "gross_margin": null,
            "gross_margin_4q_avg": 0,
            "net_income": -16722,
            "net_income_4q": null,
            "revenue": 300135,
            "revenue_4q": null,
            "common_shares": 427595,
            "book_valuer_per_share": 16.88,
            "book_valuer_per_share_4q_avg": 8.46,
            "equity": 721645,
            "current_ratio": 233.63,
            "debt_ratio": 35.85,
            "inventory_turnover_ratio": null,
            "account_receivable_turnover_ratio": null,
            "reinvestment_rate": null,
            "research_to_sale_ratio": null,
            "price_fair": 0,
            "eps_avg_yearly": 0,
            "eps_latest_yearly": 0,
            "eps_growth_yearly": 0
        },
        "20102": {
            "year_quarter": 20102,
            "year": 2010,
            "quarter": 2,
            "eps": 3.23,
            "eps_growth_year": null,
            "eps_4q": null,
            "eps_4q_growth_year": null,
            "roe": 18.43,
            "roe_4q": 18.43,
            "gross_profit": 324143,
            "gross_margin": 54.64,
            "gross_margin_4q_avg": 13.66,
            "net_income": 146849,
            "net_income_4q": null,
            "revenue": 593187,
            "revenue_4q": null,
            "common_shares": 427595,
            "book_valuer_per_share": 20.38,
            "book_valuer_per_share_4q_avg": 13.56,
            "equity": 871522,
            "current_ratio": 250.35,
            "debt_ratio": 33.92,
            "inventory_turnover_ratio": 1.93,
            "account_receivable_turnover_ratio": 2.37,
            "reinvestment_rate": null,
            "research_to_sale_ratio": null,
            "price_fair": 0,
            "eps_avg_yearly": 0,
            "eps_latest_yearly": 0,
            "eps_growth_yearly": 0
        },
        "20103": {
            "year_quarter": 20103,
            "year": 2010,
            "quarter": 3,
            "eps": null,
            "eps_growth_year": null,
            "eps_4q": null,
            "eps_4q_growth_year": null,
            "roe": null,
            "roe_4q": 18.43,
            "gross_profit": 423137,
            "gross_margin": null,
            "gross_margin_4q_avg": 13.66,
            "net_income": 227242,
            "net_income_4q": null,
            "revenue": 691931,
            "revenue_4q": null,
            "common_shares": 451944,
            "book_valuer_per_share": 24.31,
            "book_valuer_per_share_4q_avg": 19.64,
            "equity": 1098763,
            "current_ratio": 273.45,
            "debt_ratio": 31.75,
            "inventory_turnover_ratio": null,
            "account_receivable_turnover_ratio": null,
            "reinvestment_rate": null,
            "research_to_sale_ratio": null,
            "price_fair": 0,
            "eps_avg_yearly": 0,
            "eps_latest_yearly": 0,
            "eps_growth_yearly": 0
        },
        "20104": {
            "year_quarter": 20104,
            "year": 2010,
            "quarter": 4,
            "eps": null,
            "eps_growth_year": null,
            "eps_4q": null,
            "eps_4q_growth_year": null,
            "roe": null,
            "roe_4q": 18.43,
            "gross_profit": 693652,
            "gross_margin": null,
            "gross_margin_4q_avg": 13.66,
            "net_income": 374679,
            "net_income_4q": null,
            "revenue": 1131684,
            "revenue_4q": null,
            "common_shares": 457779,
            "book_valuer_per_share": 32.84,
            "book_valuer_per_share_4q_avg": 23.6,
            "equity": 1503328,
            "current_ratio": 265.12,
            "debt_ratio": 32.89,
            "inventory_turnover_ratio": null,
            "account_receivable_turnover_ratio": null,
            "reinvestment_rate": null,
            "research_to_sale_ratio": null,
            "price_fair": 0,
            "eps_avg_yearly": 0,
            "eps_latest_yearly": 0,
            "eps_growth_yearly": 0
        },
        "20111": {
            "year_quarter": 20111,
            "year": 2011,
            "quarter": 1,
            "eps": 5.19,
            "eps_growth_year": null,
            "eps_4q": 8.4,
            "eps_4q_growth_year": null,
            "roe": 14.59,
            "roe_4q": 33.019999999999996,
            "gross_profit": 462305,
            "gross_margin": 55.46,
            "gross_margin_4q_avg": 27.53,
            "net_income": 237612,
            "net_income_4q": null,
            "revenue": 833606,
            "revenue_4q": null,
            "common_shares": 457779,
            "book_valuer_per_share": 38.31,
            "book_valuer_per_share_4q_avg": 28.96,
            "equity": 1753944,
            "current_ratio": 319.57,
            "debt_ratio": 27.33,
            "inventory_turnover_ratio": 1.58,
            "account_receivable_turnover_ratio": 2.22,
            "reinvestment_rate": null,
            "research_to_sale_ratio": 17.42,
            "price_fair": 0,
            "eps_avg_yearly": 0,
            "eps_latest_yearly": 0,
            "eps_growth_yearly": 0
        },
        "20112": {
            "year_quarter": 20112,
            "year": 2011,
            "quarter": 2,
            "eps": 0.61,
            "eps_growth_year": -81.21,
            "eps_4q": 4.96,
            "eps_4q_growth_year": null,
            "roe": 2.01,
            "roe_4q": 16.6,
            "gross_profit": 234118,
            "gross_margin": 37.14,
            "gross_margin_4q_avg": 23.15,
            "net_income": 33188,
            "net_income_4q": null,
            "revenue": 630331,
            "revenue_4q": null,
            "common_shares": 546077,
            "book_valuer_per_share": 28.37,
            "book_valuer_per_share_4q_avg": 30.96,
            "equity": 1549258,
            "current_ratio": 223.37,
            "debt_ratio": 38.9,
            "inventory_turnover_ratio": 1.08,
            "account_receivable_turnover_ratio": 1.99,
            "reinvestment_rate": null,
            "research_to_sale_ratio": 21.92,
            "price_fair": 7.32,
            "eps_avg_yearly": 2.44,
            "eps_latest_yearly": 2.44,
            "eps_growth_yearly": -352.99
        },
        "20113": {
            "year_quarter": 20113,
            "year": 2011,
            "quarter": 3,
            "eps": 0.93,
            "eps_growth_year": null,
            "eps_4q": 5.74,
            "eps_4q_growth_year": null,
            "roe": 3.3,
            "roe_4q": 19.9,
            "gross_profit": 260887,
            "gross_margin": 40.38,
            "gross_margin_4q_avg": 33.25,
            "net_income": 52378,
            "net_income_4q": null,
            "revenue": 646145,
            "revenue_4q": null,
            "common_shares": 563256,
            "book_valuer_per_share": 28.9,
            "book_valuer_per_share_4q_avg": 32.11,
            "equity": 1627996,
            "current_ratio": 370.9,
            "debt_ratio": 21.52,
            "inventory_turnover_ratio": 0.97,
            "account_receivable_turnover_ratio": 1.59,
            "reinvestment_rate": null,
            "research_to_sale_ratio": 19.95,
            "price_fair": 9.24,
            "eps_avg_yearly": 3.08,
            "eps_latest_yearly": 3.72,
            "eps_growth_yearly": -71.58
        },
        "20114": {
            "year_quarter": 20114,
            "year": 2011,
            "quarter": 4,
            "eps": 0.5,
            "eps_growth_year": null,
            "eps_4q": 5.56,
            "eps_4q_growth_year": null,
            "roe": 1.67,
            "roe_4q": 21.57,
            "gross_profit": 263867,
            "gross_margin": 40.5,
            "gross_margin_4q_avg": 43.37,
            "net_income": 31627,
            "net_income_4q": null,
            "revenue": 651533,
            "revenue_4q": null,
            "common_shares": 638356,
            "book_valuer_per_share": 33.86,
            "book_valuer_per_share_4q_avg": 32.36,
            "equity": 2161201,
            "current_ratio": 398.71,
            "debt_ratio": 19.83,
            "inventory_turnover_ratio": 1.02,
            "account_receivable_turnover_ratio": 2.01,
            "reinvestment_rate": null,
            "research_to_sale_ratio": 23.77,
            "price_fair": 8.16,
            "eps_avg_yearly": 2.72,
            "eps_latest_yearly": 2,
            "eps_growth_yearly": -109.37
        },
        "20121": {
            "year_quarter": 20121,
            "year": 2012,
            "quarter": 1,
            "eps": -1.25,
            "eps_growth_year": -124.08,
            "eps_4q": 0.58,
            "eps_4q_growth_year": -93.07,
            "roe": -3.77,
            "roe_4q": 3.2099999999999995,
            "gross_profit": 89252,
            "gross_margin": 25.61,
            "gross_margin_4q_avg": 35.91,
            "net_income": -80046,
            "net_income_4q": null,
            "revenue": 348571,
            "revenue_4q": null,
            "common_shares": 638356,
            "book_valuer_per_share": 32.59,
            "book_valuer_per_share_4q_avg": 30.93,
            "equity": 2080605,
            "current_ratio": 782.7,
            "debt_ratio": 10,
            "inventory_turnover_ratio": 0.85,
            "account_receivable_turnover_ratio": 1.84,
            "reinvestment_rate": null,
            "research_to_sale_ratio": 33.7,
            "price_fair": 8.16,
            "eps_avg_yearly": 2.72,
            "eps_latest_yearly": 2,
            "eps_growth_yearly": -109.37
        },
        "20122": {
            "year_quarter": 20122,
            "year": 2012,
            "quarter": 2,
            "eps": -2.95,
            "eps_growth_year": -586.09,
            "eps_4q": -2.89,
            "eps_4q_growth_year": -158.32,
            "roe": -10.18,
            "roe_4q": -8.98,
            "gross_profit": 49779,
            "gross_margin": 18.6,
            "gross_margin_4q_avg": 31.27,
            "net_income": -188584,
            "net_income_4q": null,
            "revenue": 267663,
            "revenue_4q": null,
            "common_shares": 638356,
            "book_valuer_per_share": 25.45,
            "book_valuer_per_share_4q_avg": 30.2,
            "equity": 1624331,
            "current_ratio": 309.25,
            "debt_ratio": 25.05,
            "inventory_turnover_ratio": 0.89,
            "account_receivable_turnover_ratio": 2.27,
            "reinvestment_rate": null,
            "research_to_sale_ratio": 50.76,
            "price_fair": 8.16,
            "eps_avg_yearly": 2.72,
            "eps_latest_yearly": 2,
            "eps_growth_yearly": -109.37
        },
        "20123": {
            "year_quarter": 20123,
            "year": 2012,
            "quarter": 3,
            "eps": -4.96,
            "eps_growth_year": -633.24,
            "eps_4q": -8.67,
            "eps_4q_growth_year": -251.13,
            "roe": -21.42,
            "roe_4q": -33.7,
            "gross_profit": 13379,
            "gross_margin": 9.31,
            "gross_margin_4q_avg": 23.51,
            "net_income": -316539,
            "net_income_4q": null,
            "revenue": 143722,
            "revenue_4q": null,
            "common_shares": 638356,
            "book_valuer_per_share": 20.86,
            "book_valuer_per_share_4q_avg": 28.19,
            "equity": 1331582,
            "current_ratio": 610.8,
            "debt_ratio": 13.37,
            "inventory_turnover_ratio": 0.58,
            "account_receivable_turnover_ratio": 2.71,
            "reinvestment_rate": null,
            "research_to_sale_ratio": 101.93,
            "price_fair": 8.16,
            "eps_avg_yearly": 2.72,
            "eps_latest_yearly": 2,
            "eps_growth_yearly": -109.37
        },
        "20124": {
            "year_quarter": 20124,
            "year": 2012,
            "quarter": 4,
            "eps": -5.68,
            "eps_growth_year": -1246.18,
            "eps_4q": -14.7,
            "eps_4q_growth_year": -364.48,
            "roe": -32.1,
            "roe_4q": -67.47,
            "gross_profit": -16289,
            "gross_margin": -8.23,
            "gross_margin_4q_avg": 11.32,
            "net_income": -368348,
            "net_income_4q": null,
            "revenue": 197805,
            "revenue_4q": null,
            "common_shares": 648651,
            "book_valuer_per_share": 14.85,
            "book_valuer_per_share_4q_avg": 23.44,
            "equity": 963091,
            "current_ratio": 522.13,
            "debt_ratio": 14.53,
            "inventory_turnover_ratio": 1.16,
            "account_receivable_turnover_ratio": 3.39,
            "reinvestment_rate": null,
            "research_to_sale_ratio": 92.63,
            "price_fair": 8.16,
            "eps_avg_yearly": 2.72,
            "eps_latest_yearly": 2,
            "eps_growth_yearly": -109.37
        },
        "20131": {
            "year_quarter": 20131,
            "year": 2013,
            "quarter": 1,
            "eps": -2.99,
            "eps_growth_year": null,
            "eps_4q": -16.42,
            "eps_4q_growth_year": -2922.46,
            "roe": -22.07,
            "roe_4q": -85.77000000000001,
            "gross_profit": -18144,
            "gross_margin": -7.37,
            "gross_margin_4q_avg": 3.08,
            "net_income": -191093,
            "net_income_4q": null,
            "revenue": 246087,
            "revenue_4q": null,
            "common_shares": 648161,
            "book_valuer_per_share": 11.86,
            "book_valuer_per_share_4q_avg": 18.26,
            "equity": 768736,
            "current_ratio": 313.46,
            "debt_ratio": 26.61,
            "inventory_turnover_ratio": 1.94,
            "account_receivable_turnover_ratio": 2.72,
            "reinvestment_rate": null,
            "research_to_sale_ratio": 56.04,
            "price_fair": 8.16,
            "eps_avg_yearly": 2.72,
            "eps_latest_yearly": 2,
            "eps_growth_yearly": -109.37
        },
        "20132": {
            "year_quarter": 20132,
            "year": 2013,
            "quarter": 2,
            "eps": -1.91,
            "eps_growth_year": null,
            "eps_4q": -15.42,
            "eps_4q_growth_year": null,
            "roe": -17.2,
            "roe_4q": -92.79,
            "gross_profit": 39942,
            "gross_margin": 15.76,
            "gross_margin_4q_avg": 2.37,
            "net_income": -121794,
            "net_income_4q": null,
            "revenue": 253372,
            "revenue_4q": null,
            "common_shares": 647021,
            "book_valuer_per_share": 10,
            "book_valuer_per_share_4q_avg": 14.39,
            "equity": 647133,
            "current_ratio": 259.01,
            "debt_ratio": 32.15,
            "inventory_turnover_ratio": 1.77,
            "account_receivable_turnover_ratio": 2.78,
            "reinvestment_rate": null,
            "research_to_sale_ratio": 49.37,
            "price_fair": 8.16,
            "eps_avg_yearly": 2.72,
            "eps_latest_yearly": 2,
            "eps_growth_yearly": -109.37
        },
        "20133": {
            "year_quarter": 20133,
            "year": 2013,
            "quarter": 3,
            "eps": -1.86,
            "eps_growth_year": null,
            "eps_4q": -12.41,
            "eps_4q_growth_year": null,
            "roe": -20.26,
            "roe_4q": -91.63,
            "gross_profit": 7232,
            "gross_margin": 3.43,
            "gross_margin_4q_avg": 0.9,
            "net_income": -118812,
            "net_income_4q": null,
            "revenue": 210996,
            "revenue_4q": null,
            "common_shares": 644831,
            "book_valuer_per_share": 8.15,
            "book_valuer_per_share_4q_avg": 11.22,
            "equity": 525509,
            "current_ratio": 213.48,
            "debt_ratio": 37.97,
            "inventory_turnover_ratio": 1.84,
            "account_receivable_turnover_ratio": 2.69,
            "reinvestment_rate": null,
            "research_to_sale_ratio": 49.49,
            "price_fair": 8.16,
            "eps_avg_yearly": 2.72,
            "eps_latest_yearly": 2,
            "eps_growth_yearly": -109.37
        },
        "20134": {
            "year_quarter": 20134,
            "year": 2013,
            "quarter": 4,
            "eps": -1.84,
            "eps_growth_year": null,
            "eps_4q": -8.54,
            "eps_4q_growth_year": null,
            "roe": -25.26,
            "roe_4q": -84.78999999999999,
            "gross_profit": -7524,
            "gross_margin": -4.37,
            "gross_margin_4q_avg": 1.86,
            "net_income": -118387,
            "net_income_4q": null,
            "revenue": 172248,
            "revenue_4q": null,
            "common_shares": 644421,
            "book_valuer_per_share": 6.39,
            "book_valuer_per_share_4q_avg": 9.1,
            "equity": 411845,
            "current_ratio": 328.56,
            "debt_ratio": 35.4,
            "inventory_turnover_ratio": 2.02,
            "account_receivable_turnover_ratio": 2.92,
            "reinvestment_rate": null,
            "research_to_sale_ratio": 43.47,
            "price_fair": 8.16,
            "eps_avg_yearly": 2.72,
            "eps_latest_yearly": 2,
            "eps_growth_yearly": -109.37
        },
        "20141": {
            "year_quarter": 20141,
            "year": 2014,
            "quarter": 1,
            "eps": -1.26,
            "eps_growth_year": null,
            "eps_4q": -6.52,
            "eps_4q_growth_year": null,
            "roe": -20.77,
            "roe_4q": -83.49000000000001,
            "gross_profit": 18466,
            "gross_margin": 17.35,
            "gross_margin_4q_avg": 8.04,
            "net_income": -80514,
            "net_income_4q": null,
            "revenue": 106422,
            "revenue_4q": null,
            "common_shares": 643691,
            "book_valuer_per_share": 5.4,
            "book_valuer_per_share_4q_avg": 7.49,
            "equity": 363334,
            "current_ratio": 263.05,
            "debt_ratio": 42.42,
            "inventory_turnover_ratio": 1.1,
            "account_receivable_turnover_ratio": 2.28,
            "reinvestment_rate": null,
            "research_to_sale_ratio": 67.14,
            "price_fair": 8.16,
            "eps_avg_yearly": 2.72,
            "eps_latest_yearly": 2,
            "eps_growth_yearly": -109.37
        },
        "20142": {
            "year_quarter": 20142,
            "year": 2014,
            "quarter": 2,
            "eps": -1.82,
            "eps_growth_year": null,
            "eps_4q": -9.44,
            "eps_4q_growth_year": null,
            "roe": -22.82,
            "roe_4q": -89.11000000000001,
            "gross_profit": 34028,
            "gross_margin": 32.85,
            "gross_margin_4q_avg": 12.32,
            "net_income": -74766,
            "net_income_4q": null,
            "revenue": 103587,
            "revenue_4q": null,
            "common_shares": 415699,
            "book_valuer_per_share": 7.03,
            "book_valuer_per_share_4q_avg": 6.74,
            "equity": 292062,
            "current_ratio": 238.73,
            "debt_ratio": 46.01,
            "inventory_turnover_ratio": 0.79,
            "account_receivable_turnover_ratio": 2.07,
            "reinvestment_rate": null,
            "research_to_sale_ratio": 71.57,
            "price_fair": 8.16,
            "eps_avg_yearly": 2.72,
            "eps_latest_yearly": 2,
            "eps_growth_yearly": -109.37
        },
        "20143": {
            "year_quarter": 20143,
            "year": 2014,
            "quarter": 3,
            "eps": -1.79,
            "eps_growth_year": null,
            "eps_4q": -7.52,
            "eps_4q_growth_year": null,
            "roe": -25.75,
            "roe_4q": -94.60000000000001,
            "gross_profit": 25462,
            "gross_margin": 33.67,
            "gross_margin_4q_avg": 19.88,
            "net_income": -74645,
            "net_income_4q": null,
            "revenue": 75627,
            "revenue_4q": null,
            "common_shares": 463424,
            "book_valuer_per_share": 6.21,
            "book_valuer_per_share_4q_avg": 6.26,
            "equity": 287679,
            "current_ratio": 193.34,
            "debt_ratio": 41.48,
            "inventory_turnover_ratio": 0.48,
            "account_receivable_turnover_ratio": 1.46,
            "reinvestment_rate": null,
            "research_to_sale_ratio": 91.3,
            "price_fair": 8.16,
            "eps_avg_yearly": 2.72,
            "eps_latest_yearly": 2,
            "eps_growth_yearly": -109.37
        },
        "20144": {
            "year_quarter": 20144,
            "year": 2014,
            "quarter": 4,
            "eps": -1.79,
            "eps_growth_year": null,
            "eps_4q": -6.44,
            "eps_4q_growth_year": null,
            "roe": -35.5,
            "roe_4q": -104.83999999999999,
            "gross_profit": 9723,
            "gross_margin": 19.78,
            "gross_margin_4q_avg": 25.91,
            "net_income": -88484,
            "net_income_4q": null,
            "revenue": 49157,
            "revenue_4q": null,
            "common_shares": 494624,
            "book_valuer_per_share": 4.26,
            "book_valuer_per_share_4q_avg": 5.73,
            "equity": 210767,
            "current_ratio": 191.53,
            "debt_ratio": 41.96,
            "inventory_turnover_ratio": 0.38,
            "account_receivable_turnover_ratio": 1.01,
            "reinvestment_rate": null,
            "research_to_sale_ratio": 115.55,
            "price_fair": 8.16,
            "eps_avg_yearly": 2.72,
            "eps_latest_yearly": 2,
            "eps_growth_yearly": -109.37
        },
        "20151": {
            "year_quarter": 20151,
            "year": 2015,
            "quarter": 1,
            "eps": -1.11,
            "eps_growth_year": null,
            "eps_4q": -5.92,
            "eps_4q_growth_year": null,
            "roe": -29.94,
            "roe_4q": -114.00999999999999,
            "gross_profit": 27335,
            "gross_margin": 27.55,
            "gross_margin_4q_avg": 28.46,
            "net_income": -54918,
            "net_income_4q": null,
            "revenue": 99221,
            "revenue_4q": null,
            "common_shares": 494624,
            "book_valuer_per_share": 3.15,
            "book_valuer_per_share_4q_avg": 5.16,
            "equity": 156043,
            "current_ratio": 163.31,
            "debt_ratio": 51.06,
            "inventory_turnover_ratio": 0.88,
            "account_receivable_turnover_ratio": 1.83,
            "reinvestment_rate": null,
            "research_to_sale_ratio": 59.85,
            "price_fair": 8.16,
            "eps_avg_yearly": 2.72,
            "eps_latest_yearly": 2,
            "eps_growth_yearly": -109.37
        },
        "20152": {
            "year_quarter": 20152,
            "year": 2015,
            "quarter": 2,
            "eps": -1.06,
            "eps_growth_year": null,
            "eps_4q": -5.02,
            "eps_4q_growth_year": null,
            "roe": -38.89,
            "roe_4q": -130.07999999999998,
            "gross_profit": 14961,
            "gross_margin": 14.72,
            "gross_margin_4q_avg": 23.93,
            "net_income": -55923,
            "net_income_4q": null,
            "revenue": 101619,
            "revenue_4q": null,
            "common_shares": 546284,
            "book_valuer_per_share": 2.41,
            "book_valuer_per_share_4q_avg": 4.01,
            "equity": 131563,
            "current_ratio": 145.88,
            "debt_ratio": 59.51,
            "inventory_turnover_ratio": 1.25,
            "account_receivable_turnover_ratio": 1.27,
            "reinvestment_rate": null,
            "research_to_sale_ratio": 45.68,
            "price_fair": 64.19,
            "eps_avg_yearly": 2.86,
            "eps_latest_yearly": 2,
            "eps_growth_yearly": 12.44
        },
        "20153": {
            "year_quarter": 20153,
            "year": 2015,
            "quarter": 3,
            "eps": -3.62,
            "eps_growth_year": null,
            "eps_4q": -13.5,
            "eps_4q_growth_year": null,
            "roe": -76.75,
            "roe_4q": -181.08,
            "gross_profit": 6737,
            "gross_margin": 9.03,
            "gross_margin_4q_avg": 17.77,
            "net_income": -72731,
            "net_income_4q": null,
            "revenue": 74570,
            "revenue_4q": null,
            "common_shares": 201547,
            "book_valuer_per_share": 2.88,
            "book_valuer_per_share_4q_avg": 3.18,
            "equity": 57975,
            "current_ratio": 110.78,
            "debt_ratio": 78.48,
            "inventory_turnover_ratio": 1.23,
            "account_receivable_turnover_ratio": 0.85,
            "reinvestment_rate": null,
            "research_to_sale_ratio": 62.38,
            "price_fair": 6,
            "eps_avg_yearly": 2,
            "eps_latest_yearly": 2,
            "eps_growth_yearly": -184.95
        },
        "20154": {
            "year_quarter": 20154,
            "year": 2015,
            "quarter": 4,
            "eps": -2.57,
            "eps_growth_year": null,
            "eps_4q": -7.15,
            "eps_4q_growth_year": null,
            "roe": -142.85,
            "roe_4q": -288.43,
            "gross_profit": -30722,
            "gross_margin": -55.05,
            "gross_margin_4q_avg": -0.94,
            "net_income": -102655,
            "net_income_4q": null,
            "revenue": 55810,
            "revenue_4q": null,
            "common_shares": 400047,
            "book_valuer_per_share": 2.14,
            "book_valuer_per_share_4q_avg": 2.65,
            "equity": 85748,
            "current_ratio": 247.11,
            "debt_ratio": 39.61,
            "inventory_turnover_ratio": 4.38,
            "account_receivable_turnover_ratio": 1.27,
            "reinvestment_rate": null,
            "research_to_sale_ratio": 40.76,
            "price_fair": 0,
            "eps_avg_yearly": 0,
            "eps_latest_yearly": 0,
            "eps_growth_yearly": 0
        },
        "20161": {
            "year_quarter": 20161,
            "year": 2016,
            "quarter": 1,
            "eps": 0.06,
            "eps_growth_year": null,
            "eps_4q": -3.27,
            "eps_4q_growth_year": null,
            "roe": 1.09,
            "roe_4q": -257.4,
            "gross_profit": 3997,
            "gross_margin": 27.31,
            "gross_margin_4q_avg": -1,
            "net_income": 2408,
            "net_income_4q": null,
            "revenue": 14635,
            "revenue_4q": null,
            "common_shares": 700047,
            "book_valuer_per_share": 5.11,
            "book_valuer_per_share_4q_avg": 3.14,
            "equity": 357674,
            "current_ratio": 1141.86,
            "debt_ratio": 8.51,
            "inventory_turnover_ratio": 1.78,
            "account_receivable_turnover_ratio": 4.26,
            "reinvestment_rate": null,
            "research_to_sale_ratio": 2.25,
            "price_fair": 0,
            "eps_avg_yearly": 0,
            "eps_latest_yearly": 0,
            "eps_growth_yearly": 0
        },
        "20162": {
            "year_quarter": 20162,
            "year": 2016,
            "quarter": 2,
            "eps": 0.1,
            "eps_growth_year": null,
            "eps_4q": -2.37,
            "eps_4q_growth_year": null,
            "roe": 1.92,
            "roe_4q": -216.59,
            "gross_profit": 10460,
            "gross_margin": 38.67,
            "gross_margin_4q_avg": 4.99,
            "net_income": 7194,
            "net_income_4q": null,
            "revenue": 27047,
            "revenue_4q": null,
            "common_shares": 700047,
            "book_valuer_per_share": 5.6,
            "book_valuer_per_share_4q_avg": 3.93,
            "equity": 391958,
            "current_ratio": 1296.12,
            "debt_ratio": 5.35,
            "inventory_turnover_ratio": 1.32,
            "account_receivable_turnover_ratio": 24.27,
            "reinvestment_rate": null,
            "research_to_sale_ratio": 0.25,
            "price_fair": 14,
            "eps_avg_yearly": 0.4,
            "eps_latest_yearly": 0.4,
            "eps_growth_yearly": 266.67
        },
        "20163": {
            "year_quarter": 20163,
            "year": 2016,
            "quarter": 3,
            "eps": -0.17,
            "eps_growth_year": null,
            "eps_4q": -2.78,
            "eps_4q_growth_year": null,
            "roe": -1.48,
            "roe_4q": -141.32,
            "gross_profit": 1140,
            "gross_margin": 2.35,
            "gross_margin_4q_avg": 3.32,
            "net_income": -5944,
            "net_income_4q": null,
            "revenue": 48545,
            "revenue_4q": null,
            "common_shares": 355500,
            "book_valuer_per_share": 11.64,
            "book_valuer_per_share_4q_avg": 6.12,
            "equity": 413932,
            "current_ratio": 915.47,
            "debt_ratio": 5.73,
            "inventory_turnover_ratio": 1.14,
            "account_receivable_turnover_ratio": 11.32,
            "reinvestment_rate": null,
            "research_to_sale_ratio": 0.04,
            "price_fair": 14,
            "eps_avg_yearly": 0.4,
            "eps_latest_yearly": 0.4,
            "eps_growth_yearly": 266.67
        },
        "20164": {
            "year_quarter": 20164,
            "year": 2016,
            "quarter": 4,
            "eps": 0.23,
            "eps_growth_year": null,
            "eps_4q": 0.33,
            "eps_4q_growth_year": null,
            "roe": 1.92,
            "roe_4q": 3.45,
            "gross_profit": 17829,
            "gross_margin": 17.11,
            "gross_margin_4q_avg": 21.36,
            "net_income": 8041,
            "net_income_4q": null,
            "revenue": 104226,
            "revenue_4q": null,
            "common_shares": 355500,
            "book_valuer_per_share": 11.93,
            "book_valuer_per_share_4q_avg": 8.57,
            "equity": 424252,
            "current_ratio": 852.05,
            "debt_ratio": 6.27,
            "inventory_turnover_ratio": 1,
            "account_receivable_turnover_ratio": 32.85,
            "reinvestment_rate": null,
            "research_to_sale_ratio": 0,
            "price_fair": 14,
            "eps_avg_yearly": 0.4,
            "eps_latest_yearly": 0.4,
            "eps_growth_yearly": 266.67
        },
        "20171": {
            "year_quarter": 20171,
            "year": 2017,
            "quarter": 1,
            "eps": 0.13,
            "eps_growth_year": 116.67,
            "eps_4q": 0.39,
            "eps_4q_growth_year": null,
            "roe": 0.99,
            "roe_4q": 3.35,
            "gross_profit": 9629,
            "gross_margin": 13.33,
            "gross_margin_4q_avg": 17.87,
            "net_income": 4509,
            "net_income_4q": null,
            "revenue": 72217,
            "revenue_4q": null,
            "common_shares": 355500,
            "book_valuer_per_share": 13.6,
            "book_valuer_per_share_4q_avg": 10.69,
            "equity": 483606,
            "current_ratio": 3016.55,
            "debt_ratio": 1.61,
            "inventory_turnover_ratio": 0.68,
            "account_receivable_turnover_ratio": 10.96,
            "reinvestment_rate": null,
            "research_to_sale_ratio": 3.2,
            "price_fair": 16.1,
            "eps_avg_yearly": 0.46,
            "eps_latest_yearly": 0.52,
            "eps_growth_yearly": 46.38
        },
        "20172": {
            "year_quarter": 20172,
            "year": 2017,
            "quarter": 2,
            "eps": 0.45,
            "eps_growth_year": 350,
            "eps_4q": 0.63,
            "eps_4q_growth_year": null,
            "roe": 3.35,
            "roe_4q": 4.779999999999999,
            "gross_profit": 6470,
            "gross_margin": 11.27,
            "gross_margin_4q_avg": 11.02,
            "net_income": 15880,
            "net_income_4q": null,
            "revenue": 57394,
            "revenue_4q": null,
            "common_shares": 355500,
            "book_valuer_per_share": 13.04,
            "book_valuer_per_share_4q_avg": 12.55,
            "equity": 463470,
            "current_ratio": 1403.72,
            "debt_ratio": 4.25,
            "inventory_turnover_ratio": 0.68,
            "account_receivable_turnover_ratio": 7.52,
            "reinvestment_rate": null,
            "research_to_sale_ratio": 4.25,
            "price_fair": 31.73,
            "eps_avg_yearly": 0.91,
            "eps_latest_yearly": 1.8,
            "eps_growth_yearly": 359.12
        },
        "20173": {
            "year_quarter": 20173,
            "year": 2017,
            "quarter": 3,
            "eps": 0.28,
            "eps_growth_year": null,
            "eps_4q": 1.08,
            "eps_4q_growth_year": null,
            "roe": 2.15,
            "roe_4q": 8.41,
            "gross_profit": 2822,
            "gross_margin": 4.29,
            "gross_margin_4q_avg": 11.5,
            "net_income": 10123,
            "net_income_4q": null,
            "revenue": 65847,
            "revenue_4q": null,
            "common_shares": 355500,
            "book_valuer_per_share": 13.44,
            "book_valuer_per_share_4q_avg": 13,
            "equity": 477636,
            "current_ratio": 856.2,
            "debt_ratio": 7.32,
            "inventory_turnover_ratio": 0.84,
            "account_receivable_turnover_ratio": 43.77,
            "reinvestment_rate": null,
            "research_to_sale_ratio": 3.42,
            "price_fair": 33.6,
            "eps_avg_yearly": 0.96,
            "eps_latest_yearly": 1.12,
            "eps_growth_yearly": 231.56
        },
        "20174": {
            "year_quarter": 20174,
            "year": 2017,
            "quarter": 4,
            "eps": 1.39,
            "eps_growth_year": 514.96,
            "eps_4q": 2.25,
            "eps_4q_growth_year": 583.49,
            "roe": 10.66,
            "roe_4q": 17.15,
            "gross_profit": 4402,
            "gross_margin": 8.04,
            "gross_margin_4q_avg": 9.23,
            "net_income": 49449,
            "net_income_4q": null,
            "revenue": 54753,
            "revenue_4q": null,
            "common_shares": 355500,
            "book_valuer_per_share": 12.67,
            "book_valuer_per_share_4q_avg": 13.19,
            "equity": 450378,
            "current_ratio": 1703.01,
            "debt_ratio": 5.07,
            "inventory_turnover_ratio": 0.68,
            "account_receivable_turnover_ratio": 56.5,
            "reinvestment_rate": null,
            "research_to_sale_ratio": 4.14,
            "price_fair": 65.8,
            "eps_avg_yearly": 1.88,
            "eps_latest_yearly": 5.56,
            "eps_growth_yearly": 502.39
        },
        "20181": {
            "year_quarter": 20181,
            "year": 2018,
            "quarter": 1,
            "eps": -0.09,
            "eps_growth_year": -169.23,
            "eps_4q": 2.03,
            "eps_4q_growth_year": 423.17,
            "roe": -0.73,
            "roe_4q": 15.43,
            "gross_profit": 1360,
            "gross_margin": 2.27,
            "gross_margin_4q_avg": 6.47,
            "net_income": -3254,
            "net_income_4q": null,
            "revenue": 59838,
            "revenue_4q": null,
            "common_shares": 355500,
            "book_valuer_per_share": 12.57,
            "book_valuer_per_share_4q_avg": 12.93,
            "equity": 447020,
            "current_ratio": 2187.85,
            "debt_ratio": 4.58,
            "inventory_turnover_ratio": 0.43,
            "account_receivable_turnover_ratio": 7.13,
            "reinvestment_rate": null,
            "research_to_sale_ratio": 0.09,
            "price_fair": 65.8,
            "eps_avg_yearly": 1.88,
            "eps_latest_yearly": 5.56,
            "eps_growth_yearly": 502.39
        },
        "20182": {
            "year_quarter": 20182,
            "year": 2018,
            "quarter": 2,
            "eps": -0.63,
            "eps_growth_year": -240,
            "eps_4q": 0.95,
            "eps_4q_growth_year": 50.32,
            "roe": -5.43,
            "roe_4q": 6.65,
            "gross_profit": 87,
            "gross_margin": 0.15,
            "gross_margin_4q_avg": 3.69,
            "net_income": -22516,
            "net_income_4q": null,
            "revenue": 57039,
            "revenue_4q": null,
            "common_shares": 355500,
            "book_valuer_per_share": 10.75,
            "book_valuer_per_share_4q_avg": 12.36,
            "equity": 382026,
            "current_ratio": 701,
            "debt_ratio": 14.19,
            "inventory_turnover_ratio": 0.43,
            "account_receivable_turnover_ratio": 0.87,
            "reinvestment_rate": null,
            "research_to_sale_ratio": 0.38,
            "price_fair": 65.8,
            "eps_avg_yearly": 1.88,
            "eps_latest_yearly": 5.56,
            "eps_growth_yearly": 502.39
        },
        "20183": {
            "year_quarter": 20183,
            "year": 2018,
            "quarter": 3,
            "eps": 0.68,
            "eps_growth_year": 142.86,
            "eps_4q": 1.35,
            "eps_4q_growth_year": 24.55,
            "roe": 6.17,
            "roe_4q": 10.67,
            "gross_profit": 3407,
            "gross_margin": 7.04,
            "gross_margin_4q_avg": 4.38,
            "net_income": 24340,
            "net_income_4q": null,
            "revenue": 48418,
            "revenue_4q": null,
            "common_shares": 355500,
            "book_valuer_per_share": 11.43,
            "book_valuer_per_share_4q_avg": 11.86,
            "equity": 406385,
            "current_ratio": 1355.67,
            "debt_ratio": 7.33,
            "inventory_turnover_ratio": 0.77,
            "account_receivable_turnover_ratio": 0.5,
            "reinvestment_rate": null,
            "research_to_sale_ratio": 0.17,
            "price_fair": 65.8,
            "eps_avg_yearly": 1.88,
            "eps_latest_yearly": 5.56,
            "eps_growth_yearly": 502.39
        },
        "20184": {
            "year_quarter": 20184,
            "year": 2018,
            "quarter": 4,
            "eps": -0.49,
            "eps_growth_year": -134.89,
            "eps_4q": -0.53,
            "eps_4q_growth_year": -123.37,
            "roe": -4.34,
            "roe_4q": -4.33,
            "gross_profit": -1196,
            "gross_margin": -2.37,
            "gross_margin_4q_avg": 1.77,
            "net_income": -17255,
            "net_income_4q": null,
            "revenue": 50427,
            "revenue_4q": null,
            "common_shares": 355500,
            "book_valuer_per_share": 10.95,
            "book_valuer_per_share_4q_avg": 11.43,
            "equity": 389151,
            "current_ratio": 1124.66,
            "debt_ratio": 8.93,
            "inventory_turnover_ratio": 1.12,
            "account_receivable_turnover_ratio": 0.85,
            "reinvestment_rate": null,
            "research_to_sale_ratio": 4.1,
            "price_fair": 65.8,
            "eps_avg_yearly": 1.88,
            "eps_latest_yearly": 5.56,
            "eps_growth_yearly": 502.39
        },
        "20191": {
            "year_quarter": 20191,
            "year": 2019,
            "quarter": 1,
            "eps": -0.45,
            "eps_growth_year": null,
            "eps_4q": -0.88,
            "eps_4q_growth_year": -143.34,
            "roe": -4.16,
            "roe_4q": -7.76,
            "gross_profit": -7667,
            "gross_margin": -24.31,
            "gross_margin_4q_avg": -4.87,
            "net_income": -15863,
            "net_income_4q": null,
            "revenue": 31542,
            "revenue_4q": null,
            "common_shares": 355500,
            "book_valuer_per_share": 10.5,
            "book_valuer_per_share_4q_avg": 10.91,
            "equity": 373293,
            "current_ratio": 1442.73,
            "debt_ratio": 6.94,
            "inventory_turnover_ratio": 1.21,
            "account_receivable_turnover_ratio": 1.41,
            "reinvestment_rate": null,
            "research_to_sale_ratio": 2.58,
            "price_fair": 65.8,
            "eps_avg_yearly": 1.88,
            "eps_latest_yearly": 5.56,
            "eps_growth_yearly": 502.39
        },
        "20192": {
            "year_quarter": 20192,
            "year": 2019,
            "quarter": 2,
            "eps": -1.36,
            "eps_growth_year": null,
            "eps_4q": -1.61,
            "eps_4q_growth_year": -269.31,
            "roe": -13.88,
            "roe_4q": -16.21,
            "gross_profit": -23290,
            "gross_margin": -82.35,
            "gross_margin_4q_avg": -25.5,
            "net_income": -48452,
            "net_income_4q": null,
            "revenue": 28282,
            "revenue_4q": null,
            "common_shares": 355500,
            "book_valuer_per_share": 9.14,
            "book_valuer_per_share_4q_avg": 10.51,
            "equity": 324894,
            "current_ratio": 835.48,
            "debt_ratio": 11.77,
            "inventory_turnover_ratio": 2.77,
            "account_receivable_turnover_ratio": 6.68,
            "reinvestment_rate": null,
            "research_to_sale_ratio": 3.62,
            "price_fair": 65.8,
            "eps_avg_yearly": 1.88,
            "eps_latest_yearly": 5.56,
            "eps_growth_yearly": 502.39
        },
        "20193": {
            "year_quarter": 20193,
            "year": 2019,
            "quarter": 3,
            "eps": -0.06,
            "eps_growth_year": -108.82,
            "eps_4q": -2.36,
            "eps_4q_growth_year": -274.57,
            "roe": -0.7,
            "roe_4q": -23.080000000000002,
            "gross_profit": 1240,
            "gross_margin": 2.06,
            "gross_margin_4q_avg": -26.74,
            "net_income": -2256,
            "net_income_4q": null,
            "revenue": 60062,
            "revenue_4q": null,
            "common_shares": 355500,
            "book_valuer_per_share": 9.08,
            "book_valuer_per_share_4q_avg": 9.92,
            "equity": 322618,
            "current_ratio": 492.45,
            "debt_ratio": 19.86,
            "inventory_turnover_ratio": 2.2,
            "account_receivable_turnover_ratio": 12.04,
            "reinvestment_rate": null,
            "research_to_sale_ratio": 2.8,
            "price_fair": 65.8,
            "eps_avg_yearly": 1.88,
            "eps_latest_yearly": 5.56,
            "eps_growth_yearly": 502.39
        },
        "20194": {
            "year_quarter": 20194,
            "year": 2019,
            "quarter": 4,
            "eps": 0.39,
            "eps_growth_year": null,
            "eps_4q": -1.48,
            "eps_4q_growth_year": null,
            "roe": 4.23,
            "roe_4q": -14.510000000000002,
            "gross_profit": -4167,
            "gross_margin": -9.44,
            "gross_margin_4q_avg": -28.51,
            "net_income": 13946,
            "net_income_4q": null,
            "revenue": 44142,
            "revenue_4q": null,
            "common_shares": 355500,
            "book_valuer_per_share": 9.46,
            "book_valuer_per_share_4q_avg": 9.55,
            "equity": 336453,
            "current_ratio": 425.9,
            "debt_ratio": 25.97,
            "inventory_turnover_ratio": 0.92,
            "account_receivable_turnover_ratio": 5.44,
            "reinvestment_rate": 0.53,
            "research_to_sale_ratio": 2.88,
            "price_fair": 65.8,
            "eps_avg_yearly": 1.88,
            "eps_latest_yearly": 5.56,
            "eps_growth_yearly": 502.39
        },
        "20201": {
            "year_quarter": 20201,
            "year": 2020,
            "quarter": 1,
            "eps": -1.24,
            "eps_growth_year": null,
            "eps_4q": -2.28,
            "eps_4q_growth_year": null,
            "roe": -14.05,
            "roe_4q": -24.4,
            "gross_profit": 6531,
            "gross_margin": 9.51,
            "gross_margin_4q_avg": -20.06,
            "net_income": -44160,
            "net_income_4q": null,
            "revenue": 68641,
            "revenue_4q": null,
            "common_shares": 355500,
            "book_valuer_per_share": 8.22,
            "book_valuer_per_share_4q_avg": 8.98,
            "equity": 292343,
            "current_ratio": 351.02,
            "debt_ratio": 30.31,
            "inventory_turnover_ratio": 1.04,
            "account_receivable_turnover_ratio": 9.68,
            "reinvestment_rate": null,
            "research_to_sale_ratio": 0.03,
            "price_fair": 65.8,
            "eps_avg_yearly": 1.88,
            "eps_latest_yearly": 5.56,
            "eps_growth_yearly": 502.39
        },
        "20202": {
            "year_quarter": 20202,
            "year": 2020,
            "quarter": 2,
            "eps": -0.05,
            "eps_growth_year": null,
            "eps_4q": -0.96,
            "eps_4q_growth_year": null,
            "roe": -0.59,
            "roe_4q": -11.11,
            "gross_profit": 1688,
            "gross_margin": 2.6,
            "gross_margin_4q_avg": 1.18,
            "net_income": -1719,
            "net_income_4q": null,
            "revenue": 64955,
            "revenue_4q": null,
            "common_shares": 355500,
            "book_valuer_per_share": 8.17,
            "book_valuer_per_share_4q_avg": 8.73,
            "equity": 290548,
            "current_ratio": 667.99,
            "debt_ratio": 16.41,
            "inventory_turnover_ratio": 1.84,
            "account_receivable_turnover_ratio": 26.22,
            "reinvestment_rate": null,
            "research_to_sale_ratio": 0.04,
            "price_fair": 78.75,
            "eps_avg_yearly": 2.25,
            "eps_latest_yearly": 5.56,
            "eps_growth_yearly": 561.33
        },
        "20203": {
            "year_quarter": 20203,
            "year": 2020,
            "quarter": 3,
            "eps": -0.68,
            "eps_growth_year": null,
            "eps_4q": -1.58,
            "eps_4q_growth_year": null,
            "roe": -8.66,
            "roe_4q": -19.07,
            "gross_profit": -490,
            "gross_margin": -3.91,
            "gross_margin_4q_avg": -0.31,
            "net_income": -24113,
            "net_income_4q": null,
            "revenue": 12526,
            "revenue_4q": null,
            "common_shares": 355500,
            "book_valuer_per_share": 7.49,
            "book_valuer_per_share_4q_avg": 8.34,
            "equity": 266365,
            "current_ratio": 571.95,
            "debt_ratio": 17.88,
            "inventory_turnover_ratio": 2.14,
            "account_receivable_turnover_ratio": 6.81,
            "reinvestment_rate": null,
            "research_to_sale_ratio": 0.18,
            "price_fair": 78.75,
            "eps_avg_yearly": 2.25,
            "eps_latest_yearly": 5.56,
            "eps_growth_yearly": 561.33
        },
        "20204": {
            "year_quarter": 20204,
            "year": 2020,
            "quarter": 4,
            "eps": 0.19,
            "eps_growth_year": -52.75,
            "eps_4q": -1.78,
            "eps_4q_growth_year": null,
            "roe": 2.44,
            "roe_4q": -20.86,
            "gross_profit": 816,
            "gross_margin": 13.74,
            "gross_margin_4q_avg": 5.49,
            "net_income": 6589,
            "net_income_4q": null,
            "revenue": 5937,
            "revenue_4q": null,
            "common_shares": 355500,
            "book_valuer_per_share": 7.68,
            "book_valuer_per_share_4q_avg": 7.89,
            "equity": 272870,
            "current_ratio": 430.88,
            "debt_ratio": 23.01,
            "inventory_turnover_ratio": 1.63,
            "account_receivable_turnover_ratio": 3.51,
            "reinvestment_rate": null,
            "research_to_sale_ratio": 0.13,
            "price_fair": 78.75,
            "eps_avg_yearly": 2.25,
            "eps_latest_yearly": 5.56,
            "eps_growth_yearly": 561.33
        },
        "20211": {
            "year_quarter": 20211,
            "year": 2021,
            "quarter": 1,
            "eps": -0.07,
            "eps_growth_year": null,
            "eps_4q": -0.61,
            "eps_4q_growth_year": null,
            "roe": -0.96,
            "roe_4q": -7.77,
            "gross_profit": -629,
            "gross_margin": -23.08,
            "gross_margin_4q_avg": -2.66,
            "net_income": -2619,
            "net_income_4q": null,
            "revenue": 2725,
            "revenue_4q": null,
            "common_shares": 355500,
            "book_valuer_per_share": 7.6,
            "book_valuer_per_share_4q_avg": 7.74,
            "equity": 270248,
            "current_ratio": 416.75,
            "debt_ratio": 23.7,
            "inventory_turnover_ratio": 0.8,
            "account_receivable_turnover_ratio": 1.46,
            "reinvestment_rate": null,
            "research_to_sale_ratio": 0,
            "price_fair": 98.93,
            "eps_avg_yearly": 2.83,
            "eps_latest_yearly": 5.56,
            "eps_growth_yearly": 806.41
        },
        "20212": {
            "year_quarter": 20212,
            "year": 2021,
            "quarter": 2,
            "eps": 1.28,
            "eps_growth_year": null,
            "eps_4q": 0.72,
            "eps_4q_growth_year": null,
            "roe": 15.58,
            "roe_4q": 8.400000000000002,
            "gross_profit": 496,
            "gross_margin": 10.88,
            "gross_margin_4q_avg": -0.59,
            "net_income": 45646,
            "net_income_4q": null,
            "revenue": 4559,
            "revenue_4q": null,
            "common_shares": 355500,
            "book_valuer_per_share": 8.88,
            "book_valuer_per_share_4q_avg": 7.91,
            "equity": 315810,
            "current_ratio": 460.72,
            "debt_ratio": 21.55,
            "inventory_turnover_ratio": 0.85,
            "account_receivable_turnover_ratio": 2.48,
            "reinvestment_rate": null,
            "research_to_sale_ratio": 0,
            "price_fair": 116.9,
            "eps_avg_yearly": 3.34,
            "eps_latest_yearly": 5.56,
            "eps_growth_yearly": 717.3
        },
        "20213": {
            "year_quarter": 20213,
            "year": 2021,
            "quarter": 3,
            "eps": 0.73,
            "eps_growth_year": null,
            "eps_4q": 2.65,
            "eps_4q_growth_year": null,
            "roe": 5.76,
            "roe_4q": 22.82,
            "gross_profit": 1848,
            "gross_margin": 30.87,
            "gross_margin_4q_avg": 8.1,
            "net_income": 18722,
            "net_income_4q": null,
            "revenue": 5987,
            "revenue_4q": null,
            "common_shares": 257628,
            "book_valuer_per_share": 12.98,
            "book_valuer_per_share_4q_avg": 9.29,
            "equity": 334520,
            "current_ratio": 312.03,
            "debt_ratio": 31.91,
            "inventory_turnover_ratio": 0.85,
            "account_receivable_turnover_ratio": 3.51,
            "reinvestment_rate": null,
            "research_to_sale_ratio": 0,
            "price_fair": 148.4,
            "eps_avg_yearly": 4.24,
            "eps_latest_yearly": 2.92,
            "eps_growth_yearly": 706.92
        },
        "20214": {
            "year_quarter": 20214,
            "year": 2021,
            "quarter": 4,
            "eps": -1.46,
            "eps_growth_year": -889.67,
            "eps_4q": 0.93,
            "eps_4q_growth_year": null,
            "roe": -11.95,
            "roe_4q": 8.43,
            "gross_profit": 2161,
            "gross_margin": 39.46,
            "gross_margin_4q_avg": 14.53,
            "net_income": -37707,
            "net_income_4q": null,
            "revenue": 5476,
            "revenue_4q": null,
            "common_shares": 257628,
            "book_valuer_per_share": 11.52,
            "book_valuer_per_share_4q_avg": 10.25,
            "equity": 296786,
            "current_ratio": 279.89,
            "debt_ratio": 35.6,
            "inventory_turnover_ratio": 0.73,
            "account_receivable_turnover_ratio": 2.29,
            "reinvestment_rate": null,
            "research_to_sale_ratio": 0,
            "price_fair": 8.76,
            "eps_avg_yearly": 2.92,
            "eps_latest_yearly": 2.92,
            "eps_growth_yearly": -171.88
        },
        "20221": {
            "year_quarter": 20221,
            "year": 2022,
            "quarter": 1,
            "eps": -0.9,
            "eps_growth_year": null,
            "eps_4q": 0.14,
            "eps_4q_growth_year": null,
            "roe": -8.1,
            "roe_4q": 1.2900000000000027,
            "gross_profit": 2195,
            "gross_margin": 23.53,
            "gross_margin_4q_avg": 26.19,
            "net_income": -23122,
            "net_income_4q": null,
            "revenue": 9329,
            "revenue_4q": null,
            "common_shares": 257628,
            "book_valuer_per_share": 10.63,
            "book_valuer_per_share_4q_avg": 11,
            "equity": 273773,
            "current_ratio": 350.73,
            "debt_ratio": 28.43,
            "inventory_turnover_ratio": 1.21,
            "account_receivable_turnover_ratio": 1.95,
            "reinvestment_rate": null,
            "research_to_sale_ratio": null,
            "price_fair": 8.76,
            "eps_avg_yearly": 2.92,
            "eps_latest_yearly": 2.92,
            "eps_growth_yearly": -171.88
        },
        "20222": {
            "year_quarter": 20222,
            "year": 2022,
            "quarter": 2,
            "eps": -1.97,
            "eps_growth_year": -253.91,
            "eps_4q": -3.6,
            "eps_4q_growth_year": -602.35,
            "roe": -20.63,
            "roe_4q": -34.919999999999995,
            "gross_profit": 1342,
            "gross_margin": 27.43,
            "gross_margin_4q_avg": 30.32,
            "net_income": -50736,
            "net_income_4q": null,
            "revenue": 4893,
            "revenue_4q": null,
            "common_shares": 257628,
            "book_valuer_per_share": 8.46,
            "book_valuer_per_share_4q_avg": 10.9,
            "equity": 218019,
            "current_ratio": 294.26,
            "debt_ratio": 33.78,
            "inventory_turnover_ratio": 0.58,
            "account_receivable_turnover_ratio": 0.87,
            "reinvestment_rate": null,
            "research_to_sale_ratio": null,
            "price_fair": 8.76,
            "eps_avg_yearly": 2.92,
            "eps_latest_yearly": 2.92,
            "eps_growth_yearly": -171.88
        },
        "20223": {
            "year_quarter": 20223,
            "year": 2022,
            "quarter": 3,
            "eps": -0.61,
            "eps_growth_year": -183.56,
            "eps_4q": -4.94,
            "eps_4q_growth_year": -286.26,
            "roe": -7.48,
            "roe_4q": -48.16,
            "gross_profit": 920,
            "gross_margin": 28.81,
            "gross_margin_4q_avg": 29.81,
            "net_income": -15722,
            "net_income_4q": null,
            "revenue": 3193,
            "revenue_4q": null,
            "common_shares": 257628,
            "book_valuer_per_share": 7.86,
            "book_valuer_per_share_4q_avg": 9.62,
            "equity": 202556,
            "current_ratio": 315.74,
            "debt_ratio": 31.47,
            "inventory_turnover_ratio": 0.51,
            "account_receivable_turnover_ratio": 0.78,
            "reinvestment_rate": null,
            "research_to_sale_ratio": null,
            "price_fair": 8.76,
            "eps_avg_yearly": 2.92,
            "eps_latest_yearly": 2.92,
            "eps_growth_yearly": -171.88
        },
        "20224": {
            "year_quarter": 20224,
            "year": 2022,
            "quarter": 4,
            "eps": -0.8,
            "eps_growth_year": null,
            "eps_4q": -4.27,
            "eps_4q_growth_year": -557.88,
            "roe": -10.66,
            "roe_4q": -46.87,
            "gross_profit": 2855,
            "gross_margin": 49.09,
            "gross_margin_4q_avg": 32.22,
            "net_income": -20503,
            "net_income_4q": null,
            "revenue": 5816,
            "revenue_4q": null,
            "common_shares": 257628,
            "book_valuer_per_share": 7.06,
            "book_valuer_per_share_4q_avg": 8.5,
            "equity": 181946,
            "current_ratio": 380.23,
            "debt_ratio": 26.11,
            "inventory_turnover_ratio": 0.54,
            "account_receivable_turnover_ratio": 1.14,
            "reinvestment_rate": null,
            "research_to_sale_ratio": null,
            "price_fair": 8.76,
            "eps_avg_yearly": 2.92,
            "eps_latest_yearly": 2.92,
            "eps_growth_yearly": -171.88
        },
        "20231": {
            "year_quarter": 20231,
            "year": 2023,
            "quarter": 1,
            "eps": 0.02,
            "eps_growth_year": null,
            "eps_4q": -3.35,
            "eps_4q_growth_year": -2540.03,
            "roe": 0.33,
            "roe_4q": -38.44,
            "gross_profit": 1566,
            "gross_margin": 33.36,
            "gross_margin_4q_avg": 34.67,
            "net_income": 608,
            "net_income_4q": null,
            "revenue": 4694,
            "revenue_4q": null,
            "common_shares": 257628,
            "book_valuer_per_share": 7.08,
            "book_valuer_per_share_4q_avg": 7.62,
            "equity": 182495,
            "current_ratio": 481.99,
            "debt_ratio": 28.16,
            "inventory_turnover_ratio": 0.66,
            "account_receivable_turnover_ratio": 1.07,
            "reinvestment_rate": null,
            "research_to_sale_ratio": null,
            "price_fair": 8.76,
            "eps_avg_yearly": 2.92,
            "eps_latest_yearly": 2.92,
            "eps_growth_yearly": -171.88
        },
        "20232": {
            "year_quarter": 20232,
            "year": 2023,
            "quarter": 2,
            "eps": -0.09,
            "eps_growth_year": null,
            "eps_4q": -1.47,
            "eps_4q_growth_year": null,
            "roe": -1.31,
            "roe_4q": -19.12,
            "gross_profit": 33,
            "gross_margin": 1.68,
            "gross_margin_4q_avg": 28.24,
            "net_income": -2375,
            "net_income_4q": null,
            "revenue": 1968,
            "revenue_4q": null,
            "common_shares": 257628,
            "book_valuer_per_share": 7,
            "book_valuer_per_share_4q_avg": 7.25,
            "equity": 180216,
            "current_ratio": 341.96,
            "debt_ratio": 35.08,
            "inventory_turnover_ratio": 0.65,
            "account_receivable_turnover_ratio": 1,
            "reinvestment_rate": null,
            "research_to_sale_ratio": null,
            "price_fair": 8.76,
            "eps_avg_yearly": 2.92,
            "eps_latest_yearly": 2.92,
            "eps_growth_yearly": -171.88
        },
        "20233": {
            "year_quarter": 20233,
            "year": 2023,
            "quarter": 3,
            "eps": -0.47,
            "eps_growth_year": null,
            "eps_4q": -1.33,
            "eps_4q_growth_year": null,
            "roe": -6.31,
            "roe_4q": -17.95,
            "gross_profit": 5156,
            "gross_margin": 68.37,
            "gross_margin_4q_avg": 38.13,
            "net_income": -11293,
            "net_income_4q": null,
            "revenue": 7541,
            "revenue_4q": null,
            "common_shares": 257628,
            "book_valuer_per_share": 6.53,
            "book_valuer_per_share_4q_avg": 6.92,
            "equity": 177897,
            "current_ratio": 149.92,
            "debt_ratio": 54.58,
            "inventory_turnover_ratio": 0.12,
            "account_receivable_turnover_ratio": 1.92,
            "reinvestment_rate": null,
            "research_to_sale_ratio": 30.39,
            "price_fair": 8.76,
            "eps_avg_yearly": 2.92,
            "eps_latest_yearly": 2.92,
            "eps_growth_yearly": -171.88
        },
        "20234": {
            "year_quarter": 20234,
            "year": 2023,
            "quarter": 4,
            "eps": -0.17,
            "eps_growth_year": null,
            "eps_4q": -0.71,
            "eps_4q_growth_year": null,
            "roe": -3.02,
            "roe_4q": -10.31,
            "gross_profit": 8523,
            "gross_margin": 16.64,
            "gross_margin_4q_avg": 30.01,
            "net_income": -5291,
            "net_income_4q": null,
            "revenue": 51211,
            "revenue_4q": null,
            "common_shares": 257628,
            "book_valuer_per_share": 6.35,
            "book_valuer_per_share_4q_avg": 6.74,
            "equity": 172411,
            "current_ratio": 151.85,
            "debt_ratio": 51.08,
            "inventory_turnover_ratio": 2.32,
            "account_receivable_turnover_ratio": 6.14,
            "reinvestment_rate": null,
            "research_to_sale_ratio": 3.19,
            "price_fair": 8.76,
            "eps_avg_yearly": 2.92,
            "eps_latest_yearly": 2.92,
            "eps_growth_yearly": -171.88
        }
    },
    "months": {
        "2007-03": {
            "month": "2007-03",
            "price": "132.11",
            "revenue": 165939
        },
        "2007-04": {
            "month": "2007-04",
            "price": "169.05",
            "revenue": 147512
        },
        "2007-05": {
            "month": "2007-05",
            "price": "164.28",
            "revenue": 102953
        },
        "2007-06": {
            "month": "2007-06",
            "price": "165.35",
            "revenue": 101350
        },
        "2007-07": {
            "month": "2007-07",
            "price": "171.80",
            "revenue": 51498
        },
        "2007-08": {
            "month": "2007-08",
            "price": "127.48",
            "revenue": 61473
        },
        "2007-09": {
            "month": "2007-09",
            "price": "84.51",
            "revenue": 59826
        },
        "2007-10": {
            "month": "2007-10",
            "price": "70.96",
            "revenue": 72255
        },
        "2007-11": {
            "month": "2007-11",
            "price": "59.51",
            "revenue": 130647
        },
        "2007-12": {
            "month": "2007-12",
            "price": "51.38",
            "revenue": 173011
        },
        "2008-01": {
            "month": "2008-01",
            "price": "49.57",
            "revenue": 223255
        },
        "2008-02": {
            "month": "2008-02",
            "price": "60.94",
            "revenue": 274090
        },
        "2008-03": {
            "month": "2008-03",
            "price": "83.36",
            "revenue": 253267
        },
        "2008-04": {
            "month": "2008-04",
            "price": "82.93",
            "revenue": 257179
        },
        "2008-05": {
            "month": "2008-05",
            "price": "98.55",
            "revenue": 233086
        },
        "2008-06": {
            "month": "2008-06",
            "price": "84.99",
            "revenue": 176657
        },
        "2008-07": {
            "month": "2008-07",
            "price": "61.87",
            "revenue": 187524
        },
        "2008-08": {
            "month": "2008-08",
            "price": "57.08",
            "revenue": 201822
        },
        "2008-09": {
            "month": "2008-09",
            "price": "47.27",
            "revenue": 174024
        },
        "2008-10": {
            "month": "2008-10",
            "price": "29.80",
            "revenue": 106049
        },
        "2008-11": {
            "month": "2008-11",
            "price": "22.12",
            "revenue": 93084
        },
        "2008-12": {
            "month": "2008-12",
            "price": "20.62",
            "revenue": 42916
        },
        "2009-01": {
            "month": "2009-01",
            "price": "20.23",
            "revenue": 87347
        },
        "2009-02": {
            "month": "2009-02",
            "price": "22.13",
            "revenue": 127530
        },
        "2009-03": {
            "month": "2009-03",
            "price": "24.75",
            "revenue": 138393
        },
        "2009-04": {
            "month": "2009-04",
            "price": "29.61",
            "revenue": 117966
        },
        "2009-05": {
            "month": "2009-05",
            "price": "27.93",
            "revenue": 103589
        },
        "2009-06": {
            "month": "2009-06",
            "price": "28.02",
            "revenue": 85653
        },
        "2009-07": {
            "month": "2009-07",
            "price": "26.23",
            "revenue": 110700
        },
        "2009-08": {
            "month": "2009-08",
            "price": "25.48",
            "revenue": 111066
        },
        "2009-09": {
            "month": "2009-09",
            "price": "21.23",
            "revenue": 129303
        },
        "2009-10": {
            "month": "2009-10",
            "price": "28.67",
            "revenue": 424579
        },
        "2009-11": {
            "month": "2009-11",
            "price": "29.38",
            "revenue": 164252
        },
        "2009-12": {
            "month": "2009-12",
            "price": "34.05",
            "revenue": 110832
        },
        "2010-01": {
            "month": "2010-01",
            "price": "67.84",
            "revenue": 101209
        },
        "2010-02": {
            "month": "2010-02",
            "price": "62.24",
            "revenue": 95553
        },
        "2010-03": {
            "month": "2010-03",
            "price": "64.78",
            "revenue": 103373
        },
        "2010-04": {
            "month": "2010-04",
            "price": "64.38",
            "revenue": 156086
        },
        "2010-05": {
            "month": "2010-05",
            "price": "80.81",
            "revenue": 214494
        },
        "2010-06": {
            "month": "2010-06",
            "price": "81.17",
            "revenue": 222607
        },
        "2010-07": {
            "month": "2010-07",
            "price": "77.20",
            "revenue": 208579
        },
        "2010-08": {
            "month": "2010-08",
            "price": "72.06",
            "revenue": 234223
        },
        "2010-09": {
            "month": "2010-09",
            "price": "69.87",
            "revenue": 249128
        },
        "2010-10": {
            "month": "2010-10",
            "price": "80.76",
            "revenue": 327563
        },
        "2010-11": {
            "month": "2010-11",
            "price": "123.89",
            "revenue": 338635
        },
        "2010-12": {
            "month": "2010-12",
            "price": "197.65",
            "revenue": 465486
        },
        "2011-01": {
            "month": "2011-01",
            "price": "230.71",
            "revenue": 311067
        },
        "2011-02": {
            "month": "2011-02",
            "price": "191.75",
            "revenue": 306049
        },
        "2011-03": {
            "month": "2011-03",
            "price": "170.62",
            "revenue": 216491
        },
        "2011-04": {
            "month": "2011-04",
            "price": "141.42",
            "revenue": 223782
        },
        "2011-05": {
            "month": "2011-05",
            "price": "156.43",
            "revenue": 200744
        },
        "2011-06": {
            "month": "2011-06",
            "price": "146.45",
            "revenue": 205804
        },
        "2011-07": {
            "month": "2011-07",
            "price": "133.13",
            "revenue": 207728
        },
        "2011-08": {
            "month": "2011-08",
            "price": "92.07",
            "revenue": 227047
        },
        "2011-09": {
            "month": "2011-09",
            "price": "89.26",
            "revenue": 211371
        },
        "2011-10": {
            "month": "2011-10",
            "price": "80.87",
            "revenue": 216111
        },
        "2011-11": {
            "month": "2011-11",
            "price": "81.79",
            "revenue": 234255
        },
        "2011-12": {
            "month": "2011-12",
            "price": "70.53",
            "revenue": 201166
        },
        "2012-01": {
            "month": "2012-01",
            "price": "71.91",
            "revenue": 126831
        },
        "2012-02": {
            "month": "2012-02",
            "price": "89.93",
            "revenue": 121725
        },
        "2012-03": {
            "month": "2012-03",
            "price": "88.72",
            "revenue": 100016
        },
        "2012-04": {
            "month": "2012-04",
            "price": "65.54",
            "revenue": 121590
        },
        "2012-05": {
            "month": "2012-05",
            "price": "50.28",
            "revenue": 94348
        },
        "2012-06": {
            "month": "2012-06",
            "price": "42.30",
            "revenue": 51724
        },
        "2012-07": {
            "month": "2012-07",
            "price": "37.35",
            "revenue": 52321
        },
        "2012-08": {
            "month": "2012-08",
            "price": "28.79",
            "revenue": 54249
        },
        "2012-09": {
            "month": "2012-09",
            "price": "28.76",
            "revenue": 37153
        },
        "2012-10": {
            "month": "2012-10",
            "price": "33.69",
            "revenue": 39846
        },
        "2012-11": {
            "month": "2012-11",
            "price": "24.16",
            "revenue": 87750
        },
        "2012-12": {
            "month": "2012-12",
            "price": "25.88",
            "revenue": 70209
        },
        "2013-01": {
            "month": "2013-01",
            "price": "26.10",
            "revenue": 81325
        },
        "2013-02": {
            "month": "2013-02",
            "price": "24.85",
            "revenue": 79272
        },
        "2013-03": {
            "month": "2013-03",
            "price": "26.85",
            "revenue": 85491
        },
        "2013-04": {
            "month": "2013-04",
            "price": "25.45",
            "revenue": 88299
        },
        "2013-05": {
            "month": "2013-05",
            "price": "23.89",
            "revenue": 87471
        },
        "2013-06": {
            "month": "2013-06",
            "price": "20.19",
            "revenue": 77601
        },
        "2013-07": {
            "month": "2013-07",
            "price": "15.20",
            "revenue": 71753
        },
        "2013-08": {
            "month": "2013-08",
            "price": "11.54",
            "revenue": 65900
        },
        "2013-09": {
            "month": "2013-09",
            "price": "12.66",
            "revenue": 73344
        },
        "2013-10": {
            "month": "2013-10",
            "price": "14.02",
            "revenue": 72546
        },
        "2013-11": {
            "month": "2013-11",
            "price": "11.12",
            "revenue": 56110
        },
        "2013-12": {
            "month": "2013-12",
            "price": "12.34",
            "revenue": 43592
        },
        "2014-01": {
            "month": "2014-01",
            "price": "13.56",
            "revenue": 33851
        },
        "2014-02": {
            "month": "2014-02",
            "price": "12.74",
            "revenue": 31547
        },
        "2014-03": {
            "month": "2014-03",
            "price": "12.75",
            "revenue": 41024
        },
        "2014-04": {
            "month": "2014-04",
            "price": "12.85",
            "revenue": 40157
        },
        "2014-05": {
            "month": "2014-05",
            "price": "12.18",
            "revenue": 32660
        },
        "2014-06": {
            "month": "2014-06",
            "price": "11.90",
            "revenue": 30770
        },
        "2014-07": {
            "month": "2014-07",
            "price": "10.99",
            "revenue": 36440
        },
        "2014-08": {
            "month": "2014-08",
            "price": "8.06",
            "revenue": 17956
        },
        "2014-09": {
            "month": "2014-09",
            "price": "10.75",
            "revenue": 21230
        },
        "2014-10": {
            "month": "2014-10",
            "price": "7.77",
            "revenue": 25537
        },
        "2014-11": {
            "month": "2014-11",
            "price": "7.48",
            "revenue": 17512
        },
        "2014-12": {
            "month": "2014-12",
            "price": "8.22",
            "revenue": 25013
        },
        "2015-01": {
            "month": "2015-01",
            "price": "9.32",
            "revenue": 24152
        },
        "2015-02": {
            "month": "2015-02",
            "price": "9.32",
            "revenue": 23352
        },
        "2015-03": {
            "month": "2015-03",
            "price": "8.55",
            "revenue": 24345
        },
        "2015-04": {
            "month": "2015-04",
            "price": "5.53",
            "revenue": 59346
        },
        "2015-05": {
            "month": "2015-05",
            "price": "5.51",
            "revenue": 26054
        },
        "2015-06": {
            "month": "2015-06",
            "price": "4.64",
            "revenue": 31882
        },
        "2015-07": {
            "month": "2015-07",
            "price": "4.19",
            "revenue": 24303
        },
        "2015-08": {
            "month": "2015-08",
            "price": "4.04",
            "revenue": 16096
        },
        "2015-09": {
            "month": "2015-09",
            "price": "5.94",
            "revenue": 36290
        },
        "2015-10": {
            "month": "2015-10",
            "price": "7.72",
            "revenue": 21828
        },
        "2015-11": {
            "month": "2015-11",
            "price": "9.14",
            "revenue": 21602
        },
        "2015-12": {
            "month": "2015-12",
            "price": "10.76",
            "revenue": 12381
        },
        "2016-01": {
            "month": "2016-01",
            "price": "12.90",
            "revenue": 1628
        },
        "2016-02": {
            "month": "2016-02",
            "price": "11.33",
            "revenue": 2390
        },
        "2016-03": {
            "month": "2016-03",
            "price": "13.09",
            "revenue": 10617
        },
        "2016-04": {
            "month": "2016-04",
            "price": "18.39",
            "revenue": 10077
        },
        "2016-05": {
            "month": "2016-05",
            "price": "20.69",
            "revenue": 8636
        },
        "2016-06": {
            "month": "2016-06",
            "price": "24.29",
            "revenue": 8334
        },
        "2016-07": {
            "month": "2016-07",
            "price": "38.40",
            "revenue": 8508
        },
        "2016-08": {
            "month": "2016-08",
            "price": "34.07",
            "revenue": 17068
        },
        "2016-09": {
            "month": "2016-09",
            "price": "34.46",
            "revenue": 22969
        },
        "2016-10": {
            "month": "2016-10",
            "price": "66.50",
            "revenue": 25513
        },
        "2016-11": {
            "month": "2016-11",
            "price": "61.82",
            "revenue": 24791
        },
        "2016-12": {
            "month": "2016-12",
            "price": "59.96",
            "revenue": 53922
        },
        "2017-01": {
            "month": "2017-01",
            "price": "69.62",
            "revenue": 28727
        },
        "2017-02": {
            "month": "2017-02",
            "price": "68.96",
            "revenue": 22167
        },
        "2017-03": {
            "month": "2017-03",
            "price": "69.00",
            "revenue": 21323
        },
        "2017-04": {
            "month": "2017-04",
            "price": "68.39",
            "revenue": 17816
        },
        "2017-05": {
            "month": "2017-05",
            "price": "67.06",
            "revenue": 20171
        },
        "2017-06": {
            "month": "2017-06",
            "price": "66.90",
            "revenue": 19407
        },
        "2017-07": {
            "month": "2017-07",
            "price": "72.83",
            "revenue": 21253
        },
        "2017-08": {
            "month": "2017-08",
            "price": "75.78",
            "revenue": 23372
        },
        "2017-09": {
            "month": "2017-09",
            "price": "71.76",
            "revenue": 21222
        },
        "2017-10": {
            "month": "2017-10",
            "price": "70.16",
            "revenue": 19064
        },
        "2017-11": {
            "month": "2017-11",
            "price": "67.27",
            "revenue": 18405
        },
        "2017-12": {
            "month": "2017-12",
            "price": "63.27",
            "revenue": 17283
        },
        "2018-01": {
            "month": "2018-01",
            "price": "59.94",
            "revenue": 13406
        },
        "2018-02": {
            "month": "2018-02",
            "price": "51.96",
            "revenue": 23268
        },
        "2018-03": {
            "month": "2018-03",
            "price": "51.80",
            "revenue": 29559
        },
        "2018-04": {
            "month": "2018-04",
            "price": "50.98",
            "revenue": 20278
        },
        "2018-05": {
            "month": "2018-05",
            "price": "49.07",
            "revenue": 18694
        },
        "2018-06": {
            "month": "2018-06",
            "price": "45.18",
            "revenue": 18067
        },
        "2018-07": {
            "month": "2018-07",
            "price": "47.40",
            "revenue": 14985
        },
        "2018-08": {
            "month": "2018-08",
            "price": "51.29",
            "revenue": 11783
        },
        "2018-09": {
            "month": "2018-09",
            "price": "47.89",
            "revenue": 21649
        },
        "2018-10": {
            "month": "2018-10",
            "price": "43.40",
            "revenue": 13818
        },
        "2018-11": {
            "month": "2018-11",
            "price": "42.53",
            "revenue": 26232
        },
        "2018-12": {
            "month": "2018-12",
            "price": "51.96",
            "revenue": 10377
        },
        "2019-01": {
            "month": "2019-01",
            "price": "50.22",
            "revenue": 11188
        },
        "2019-02": {
            "month": "2019-02",
            "price": "51.93",
            "revenue": 9687
        },
        "2019-03": {
            "month": "2019-03",
            "price": "46.11",
            "revenue": 10666
        },
        "2019-04": {
            "month": "2019-04",
            "price": "27.11",
            "revenue": 10171
        },
        "2019-05": {
            "month": "2019-05",
            "price": "26.00",
            "revenue": 10424
        },
        "2019-06": {
            "month": "2019-06",
            "price": "25.28",
            "revenue": 7688
        },
        "2019-07": {
            "month": "2019-07",
            "price": "26.73",
            "revenue": 13740
        },
        "2019-08": {
            "month": "2019-08",
            "price": "29.01",
            "revenue": 20839
        },
        "2019-09": {
            "month": "2019-09",
            "price": "28.19",
            "revenue": 25483
        },
        "2019-10": {
            "month": "2019-10",
            "price": "27.96",
            "revenue": 17873
        },
        "2019-11": {
            "month": "2019-11",
            "price": "27.41",
            "revenue": 16565
        },
        "2019-12": {
            "month": "2019-12",
            "price": "27.56",
            "revenue": 10846
        },
        "2020-01": {
            "month": "2020-01",
            "price": "30.85",
            "revenue": 11554
        },
        "2020-02": {
            "month": "2020-02",
            "price": "29.75",
            "revenue": 28475
        },
        "2020-03": {
            "month": "2020-03",
            "price": "27.64",
            "revenue": 28612
        },
        "2020-04": {
            "month": "2020-04",
            "price": "29.22",
            "revenue": 24190
        },
        "2020-05": {
            "month": "2020-05",
            "price": "28.60",
            "revenue": 24236
        },
        "2020-06": {
            "month": "2020-06",
            "price": "28.69",
            "revenue": 16529
        },
        "2020-07": {
            "month": "2020-07",
            "price": "33.97",
            "revenue": 7484
        },
        "2020-08": {
            "month": "2020-08",
            "price": "33.38",
            "revenue": 2884
        },
        "2020-09": {
            "month": "2020-09",
            "price": "33.10",
            "revenue": 2159
        },
        "2020-10": {
            "month": "2020-10",
            "price": "32.76",
            "revenue": 634
        },
        "2020-11": {
            "month": "2020-11",
            "price": "31.32",
            "revenue": 2923
        },
        "2020-12": {
            "month": "2020-12",
            "price": "31.20",
            "revenue": 2380
        },
        "2021-01": {
            "month": "2021-01",
            "price": "32.84",
            "revenue": 698
        },
        "2021-02": {
            "month": "2021-02",
            "price": "31.07",
            "revenue": 647
        },
        "2021-03": {
            "month": "2021-03",
            "price": "30.58",
            "revenue": 1380
        },
        "2021-04": {
            "month": "2021-04",
            "price": "31.24",
            "revenue": 748
        },
        "2021-05": {
            "month": "2021-05",
            "price": "30.89",
            "revenue": 2393
        },
        "2021-06": {
            "month": "2021-06",
            "price": "33.25",
            "revenue": 1418
        },
        "2021-07": {
            "month": "2021-07",
            "price": "32.96",
            "revenue": 974
        },
        "2021-08": {
            "month": "2021-08",
            "price": "33.40",
            "revenue": 1416
        },
        "2021-09": {
            "month": "2021-09",
            "price": "31.14",
            "revenue": 3596
        },
        "2021-10": {
            "month": "2021-10",
            "price": "43.96",
            "revenue": 957
        },
        "2021-11": {
            "month": "2021-11",
            "price": "40.97",
            "revenue": 3023
        },
        "2021-12": {
            "month": "2021-12",
            "price": "38.27",
            "revenue": 1496
        },
        "2022-01": {
            "month": "2022-01",
            "price": "37.38",
            "revenue": 3360
        },
        "2022-02": {
            "month": "2022-02",
            "price": "36.91",
            "revenue": 1468
        },
        "2022-03": {
            "month": "2022-03",
            "price": "36.18",
            "revenue": 4501
        },
        "2022-04": {
            "month": "2022-04",
            "price": "33.09",
            "revenue": 1531
        },
        "2022-05": {
            "month": "2022-05",
            "price": "32.10",
            "revenue": 1205
        },
        "2022-06": {
            "month": "2022-06",
            "price": "34.75",
            "revenue": 2157
        },
        "2022-07": {
            "month": "2022-07",
            "price": "32.66",
            "revenue": 820
        },
        "2022-08": {
            "month": "2022-08",
            "price": "24.16",
            "revenue": 1246
        },
        "2022-09": {
            "month": "2022-09",
            "price": "24.52",
            "revenue": 1127
        },
        "2022-10": {
            "month": "2022-10",
            "price": "23.12",
            "revenue": 1037
        },
        "2022-11": {
            "month": "2022-11",
            "price": "21.70",
            "revenue": 1468
        },
        "2022-12": {
            "month": "2022-12",
            "price": "26.17",
            "revenue": 3311
        },
        "2023-01": {
            "month": "2023-01",
            "price": "28.24",
            "revenue": 2040
        },
        "2023-02": {
            "month": "2023-02",
            "price": "27.19",
            "revenue": 1698
        },
        "2023-03": {
            "month": "2023-03",
            "price": "27.50",
            "revenue": 957
        },
        "2023-04": {
            "month": "2023-04",
            "price": "27.30",
            "revenue": 508
        },
        "2023-05": {
            "month": "2023-05",
            "price": "26.74",
            "revenue": 793
        },
        "2023-06": {
            "month": "2023-06",
            "price": "33.86",
            "revenue": 667
        },
        "2023-07": {
            "month": "2023-07",
            "price": "38.30",
            "revenue": 506
        },
        "2023-08": {
            "month": "2023-08",
            "price": "38.45",
            "revenue": 626
        },
        "2023-09": {
            "month": "2023-09",
            "price": "36.18",
            "revenue": 6409
        },
        "2023-10": {
            "month": "2023-10",
            "price": "33.34",
            "revenue": 12918
        },
        "2023-11": {
            "month": "2023-11",
            "price": "31.81",
            "revenue": 2235
        },
        "2023-12": {
            "month": "2023-12",
            "price": "34.01",
            "revenue": 36058
        }
    }
}
