{
    "summary": {
        "stock_name": "禾瑞亞",
        "stock_id": "3556",
        "category": "半導體",
        "main_business": "產品設計業<br>電子材料批發業<br>電子材料零售業",
        "website_url": "https://www.eeti.com",
        "ceo": "唐錦榮",
        "pe_ratio": 0,
        "report_year_from": 2006,
        "report_year_to": 2023,
        "age": 18,
        "eps_negative_percentage": 6,
        "eps_growth_avg": {
            "last_all": 6.46,
            "last_2y": -18.54,
            "last_4y": -7.72,
            "last_8y": -7.52,
            "last_12y": 1.78,
            "last_16y": 6.46,
            "last_20y": null,
            "at_2006_last_3y": null,
            "at_2007_last_3y": null,
            "at_2008_last_3y": null,
            "at_2009_last_3y": null,
            "at_2010_last_3y": 21.69,
            "at_2011_last_3y": 20.25,
            "at_2012_last_3y": 18.84,
            "at_2013_last_3y": 36.73,
            "at_2014_last_3y": 22.69,
            "at_2015_last_3y": -2.8,
            "at_2016_last_3y": 6.6,
            "at_2017_last_3y": -18.12,
            "at_2018_last_3y": -7.27,
            "at_2019_last_3y": -5.56,
            "at_2020_last_3y": 2.99,
            "at_2021_last_3y": 17.52,
            "at_2022_last_3y": 15.36,
            "at_2023_last_3y": -9.42,
            "at_2024_last_3y": -9.42,
            "at_2006_last_all": null,
            "at_2007_last_all": null,
            "at_2008_last_all": 25.89,
            "at_2009_last_all": 26.73,
            "at_2010_last_all": 21.69,
            "at_2011_last_all": 36.2,
            "at_2012_last_all": 21.19,
            "at_2013_last_all": 32.45,
            "at_2014_last_all": 22.19,
            "at_2015_last_all": 18.86,
            "at_2016_last_all": 15.35,
            "at_2017_last_all": 14.06,
            "at_2018_last_all": 12.37,
            "at_2019_last_all": 11.35,
            "at_2020_last_all": 11.82,
            "at_2021_last_all": 14.98,
            "at_2022_last_all": 13.12,
            "at_2023_last_all": 6.46,
            "at_2024_last_all": 6.46
        },
        "latest_eps": 0,
        "latest_price": 53.1,
        "latest_roe": 0,
        "latest_gross_margin": -15.31,
        "latest_equity": 1151490,
        "latest_revenue": 243964,
        "latest_gross_profit": -37344,
        "latest_net_income": -79913,
        "latest_debt_ratio": 20.37,
        "latest_current_ratio": 513.44,
        "latest_account_receivable_turnover_ratio": 1.63,
        "latest_inventory_turnover_ratio": 0.39,
        "latest_reinvestment_rate": null,
        "latest_research_to_sale_ratio": 17.46
    },
    "eps_dividends": {
        "2001": {
            "cash": 0,
            "stock": 0,
            "eps": 0
        },
        "2002": {
            "cash": 0,
            "stock": 0,
            "eps": 0
        },
        "2003": {
            "cash": 0,
            "stock": 0,
            "eps": 0
        },
        "2004": {
            "cash": 0,
            "stock": 0,
            "eps": 0
        },
        "2005": {
            "cash": 0,
            "stock": 0,
            "eps": 0
        },
        "2006": {
            "cash": 0,
            "stock": 0,
            "eps": 1.4
        },
        "2007": {
            "cash": 0.8,
            "stock": 1,
            "eps": 3.67
        },
        "2008": {
            "cash": 1.8,
            "stock": 0.45,
            "eps": 1.9
        },
        "2009": {
            "cash": 1.45,
            "stock": 0.25,
            "eps": 2.44
        },
        "2010": {
            "cash": 2.15,
            "stock": 0.25,
            "eps": 2.6
        },
        "2011": {
            "cash": 2.3,
            "stock": 0.5,
            "eps": 5.05
        },
        "2012": {
            "cash": 4.3,
            "stock": 0.2,
            "eps": 2.33
        },
        "2013": {
            "cash": 2.15,
            "stock": 0.85,
            "eps": 8.99
        },
        "2014": {
            "cash": 7,
            "stock": 0.2,
            "eps": 4.53
        },
        "2015": {
            "cash": 4.3,
            "stock": 0.3,
            "eps": 4.18
        },
        "2016": {
            "cash": 3.7,
            "stock": 0.4,
            "eps": 3.5
        },
        "2017": {
            "cash": 3.7,
            "stock": 0.4,
            "eps": 3.54
        },
        "2018": {
            "cash": 4.1,
            "stock": 0,
            "eps": 3.32
        },
        "2019": {
            "cash": 3.3,
            "stock": 0,
            "eps": 3.29
        },
        "2020": {
            "cash": 3.3,
            "stock": 0,
            "eps": 3.88
        },
        "2021": {
            "cash": 3.15,
            "stock": 0.3,
            "eps": 6.18
        },
        "2022": {
            "cash": 5,
            "stock": 0.4,
            "eps": 5.26
        },
        "2023": {
            "cash": 4.7,
            "stock": 0,
            "eps": -0.1
        },
        "2024": {
            "cash": 0.9,
            "stock": 0,
            "eps": 0
        }
    },
    "dividends": {
        "2007-04-10": {
            "cash": 0.8,
            "stock": 1
        },
        "2008-03-12": {
            "cash": 1.8,
            "stock": 0.45
        },
        "2009-03-20": {
            "cash": 1.45,
            "stock": 0.25
        },
        "2010-03-30": {
            "cash": 2.15,
            "stock": 0.25
        },
        "2011-03-17": {
            "cash": 2.3,
            "stock": 0.5
        },
        "2012-06-06": {
            "cash": 4.3,
            "stock": 0.2
        },
        "2013-06-13": {
            "cash": 2.15,
            "stock": 0.85
        },
        "2014-09-05": {
            "cash": 7,
            "stock": 0.2
        },
        "2015-09-08": {
            "cash": 4.3,
            "stock": 0.3
        },
        "2016-08-26": {
            "cash": 3.7,
            "stock": 0.4
        },
        "2017-08-16": {
            "cash": 3.7,
            "stock": 0.4
        },
        "2018-09-28": {
            "cash": 4.1,
            "stock": 0
        },
        "2019-08-23": {
            "cash": 3.3,
            "stock": 0
        },
        "2020-08-21": {
            "cash": 3.3,
            "stock": 0
        },
        "2021-09-29": {
            "cash": 3.15,
            "stock": 0.3
        },
        "2022-08-31": {
            "cash": 5,
            "stock": 0.4
        },
        "2023-08-02": {
            "cash": 4.7,
            "stock": 0
        },
        "2024-02-27": {
            "cash": 0.9,
            "stock": 0
        }
    },
    "prices": {
        "200101": "無",
        "200102": "無",
        "200103": "無",
        "200104": "無",
        "200105": "無",
        "200106": "無",
        "200107": "無",
        "200108": "無",
        "200109": "無",
        "200110": "無",
        "200111": "無",
        "200112": "無",
        "200201": "無",
        "200202": "無",
        "200203": "無",
        "200204": "無",
        "200205": "無",
        "200206": "無",
        "200207": "無",
        "200208": "無",
        "200209": "無",
        "200210": "無",
        "200211": "無",
        "200212": "無",
        "200301": "無",
        "200302": "無",
        "200303": "無",
        "200304": "無",
        "200305": "無",
        "200306": "無",
        "200307": "無",
        "200308": "無",
        "200309": "無",
        "200310": "無",
        "200311": "無",
        "200312": "無",
        "200401": "無",
        "200402": "無",
        "200403": "無",
        "200404": "無",
        "200405": "無",
        "200406": "無",
        "200407": "無",
        "200408": "無",
        "200409": "無",
        "200410": "無",
        "200411": "無",
        "200412": "無",
        "200501": "無",
        "200502": "無",
        "200503": "無",
        "200504": "無",
        "200505": "無",
        "200506": "無",
        "200507": "無",
        "200508": "無",
        "200509": "無",
        "200510": "無",
        "200511": "無",
        "200512": "無",
        "200601": "無",
        "200602": "無",
        "200603": "無",
        "200604": "無",
        "200605": "無",
        "200606": "無",
        "200607": "無",
        "200608": "無",
        "200609": "無",
        "200610": "無",
        "200611": "無",
        "200612": "無",
        "200701": "無",
        "200702": "無",
        "200703": "無",
        "200704": "124.11",
        "200705": "152.48",
        "200706": "207.73",
        "200707": "162.58",
        "200708": "136.59",
        "200709": "119.17",
        "200710": "103.97",
        "200711": "92.78",
        "200712": "79.28",
        "200801": "80.39",
        "200802": "66.58",
        "200803": "68.15",
        "200804": "81.76",
        "200805": "95.20",
        "200806": "74.55",
        "200807": "58.45",
        "200808": "47.21",
        "200809": "31.08",
        "200810": "26.69",
        "200811": "21.12",
        "200812": "20.52",
        "200901": "25.15",
        "200902": "30.50",
        "200903": "37.43",
        "200904": "40.42",
        "200905": "47.04",
        "200906": "43.41",
        "200907": "45.91",
        "200908": "49.51",
        "200909": "66.97",
        "200910": "69.03",
        "200911": "71.32",
        "200912": "86.43",
        "201001": "78.53",
        "201002": "68.70",
        "201003": "79.33",
        "201004": "77.34",
        "201005": "68.50",
        "201006": "71.70",
        "201007": "75.50",
        "201008": "85.80",
        "201009": "100.04",
        "201010": "89.92",
        "201011": "91.41",
        "201012": "103.49",
        "201101": "93.26",
        "201102": "103.02",
        "201103": "110.04",
        "201104": "115.42",
        "201105": "107.02",
        "201106": "102.15",
        "201107": "87.49",
        "201108": "77.72",
        "201109": "86.26",
        "201110": "82.40",
        "201111": "68.94",
        "201112": "57.06",
        "201201": "61.22",
        "201202": "73.14",
        "201203": "73.57",
        "201204": "60.52",
        "201205": "54.76",
        "201206": "59.88",
        "201207": "53.10",
        "201208": "50.75",
        "201209": "61.42",
        "201210": "58.78",
        "201211": "52.52",
        "201212": "54.57",
        "201301": "66.41",
        "201302": "77.29",
        "201303": "78.23",
        "201304": "83.76",
        "201305": "106.17",
        "201306": "111.69",
        "201307": "107.85",
        "201308": "106.10",
        "201309": "103.90",
        "201310": "78.83",
        "201311": "79.38",
        "201312": "89.66",
        "201401": "93.23",
        "201402": "90.58",
        "201403": "91.73",
        "201404": "90.79",
        "201405": "83.29",
        "201406": "84.22",
        "201407": "84.30",
        "201408": "72.93",
        "201409": "66.69",
        "201410": "60.95",
        "201411": "57.09",
        "201412": "61.10",
        "201501": "65.41",
        "201502": "64.16",
        "201503": "69.04",
        "201504": "70.45",
        "201505": "75.64",
        "201506": "80.85",
        "201507": "66.65",
        "201508": "51.43",
        "201509": "53.27",
        "201510": "56.31",
        "201511": "55.59",
        "201512": "53.89",
        "201601": "47.67",
        "201602": "54.55",
        "201603": "58.17",
        "201604": "55.98",
        "201605": "51.17",
        "201606": "51.60",
        "201607": "53.88",
        "201608": "49.50",
        "201609": "49.14",
        "201610": "50.24",
        "201611": "48.01",
        "201612": "48.93",
        "201701": "48.77",
        "201702": "50.22",
        "201703": "51.48",
        "201704": "51.85",
        "201705": "51.62",
        "201706": "52.69",
        "201707": "51.44",
        "201708": "49.60",
        "201709": "50.47",
        "201710": "49.25",
        "201711": "52.43",
        "201712": "54.15",
        "201801": "52.78",
        "201802": "51.52",
        "201803": "54.26",
        "201804": "54.47",
        "201805": "53.03",
        "201806": "53.68",
        "201807": "52.44",
        "201808": "52.82",
        "201809": "48.66",
        "201810": "42.33",
        "201811": "40.14",
        "201812": "41.04",
        "201901": "40.21",
        "201902": "44.93",
        "201903": "46.78",
        "201904": "46.85",
        "201905": "47.96",
        "201906": "49.19",
        "201907": "50.65",
        "201908": "46.91",
        "201909": "48.25",
        "201910": "48.99",
        "201911": "49.02",
        "201912": "49.08",
        "202001": "48.86",
        "202002": "46.95",
        "202003": "42.90",
        "202004": "45.06",
        "202005": "59.70",
        "202006": "63.44",
        "202007": "63.27",
        "202008": "55.78",
        "202009": "54.79",
        "202010": "53.90",
        "202011": "54.69",
        "202012": "58.18",
        "202101": "57.50",
        "202102": "60.58",
        "202103": "62.03",
        "202104": "70.39",
        "202105": "60.70",
        "202106": "65.00",
        "202107": "85.91",
        "202108": "95.41",
        "202109": "80.99",
        "202110": "73.56",
        "202111": "77.42",
        "202112": "75.12",
        "202201": "74.94",
        "202202": "83.15",
        "202203": "82.08",
        "202204": "78.37",
        "202205": "77.61",
        "202206": "74.80",
        "202207": "64.73",
        "202208": "61.83",
        "202209": "58.20",
        "202210": "50.82",
        "202211": "54.63",
        "202212": "56.49",
        "202301": "55.77",
        "202302": "59.63",
        "202303": "63.39",
        "202304": "66.03",
        "202305": "65.12",
        "202306": "67.26",
        "202307": "62.43",
        "202308": "60.49",
        "202309": "61.44",
        "202310": "60.82",
        "202311": "59.80",
        "202312": "61.56"
    },
    "quarters": {
        "20011": {
            "year_quarter": 20011,
            "year": 2001,
            "quarter": 1,
            "eps": null,
            "eps_growth_year": null,
            "eps_4q": null,
            "eps_4q_growth_year": null,
            "roe": null,
            "roe_4q": 0,
            "gross_profit": null,
            "gross_margin": null,
            "gross_margin_4q_avg": 0,
            "net_income": null,
            "net_income_4q": null,
            "revenue": null,
            "revenue_4q": null,
            "common_shares": null,
            "book_valuer_per_share": null,
            "book_valuer_per_share_4q_avg": 0,
            "equity": null,
            "current_ratio": null,
            "debt_ratio": null,
            "inventory_turnover_ratio": null,
            "account_receivable_turnover_ratio": null,
            "reinvestment_rate": null,
            "research_to_sale_ratio": null,
            "price_fair": 0,
            "eps_avg_yearly": 0,
            "eps_latest_yearly": 0,
            "eps_growth_yearly": 0
        },
        "20012": {
            "year_quarter": 20012,
            "year": 2001,
            "quarter": 2,
            "eps": null,
            "eps_growth_year": null,
            "eps_4q": null,
            "eps_4q_growth_year": null,
            "roe": null,
            "roe_4q": 0,
            "gross_profit": null,
            "gross_margin": null,
            "gross_margin_4q_avg": 0,
            "net_income": null,
            "net_income_4q": null,
            "revenue": null,
            "revenue_4q": null,
            "common_shares": null,
            "book_valuer_per_share": null,
            "book_valuer_per_share_4q_avg": 0,
            "equity": null,
            "current_ratio": null,
            "debt_ratio": null,
            "inventory_turnover_ratio": null,
            "account_receivable_turnover_ratio": null,
            "reinvestment_rate": null,
            "research_to_sale_ratio": null,
            "price_fair": 0,
            "eps_avg_yearly": 0,
            "eps_latest_yearly": 0,
            "eps_growth_yearly": 0
        },
        "20013": {
            "year_quarter": 20013,
            "year": 2001,
            "quarter": 3,
            "eps": null,
            "eps_growth_year": null,
            "eps_4q": null,
            "eps_4q_growth_year": null,
            "roe": null,
            "roe_4q": 0,
            "gross_profit": null,
            "gross_margin": null,
            "gross_margin_4q_avg": 0,
            "net_income": null,
            "net_income_4q": null,
            "revenue": null,
            "revenue_4q": null,
            "common_shares": null,
            "book_valuer_per_share": null,
            "book_valuer_per_share_4q_avg": 0,
            "equity": null,
            "current_ratio": null,
            "debt_ratio": null,
            "inventory_turnover_ratio": null,
            "account_receivable_turnover_ratio": null,
            "reinvestment_rate": null,
            "research_to_sale_ratio": null,
            "price_fair": 0,
            "eps_avg_yearly": 0,
            "eps_latest_yearly": 0,
            "eps_growth_yearly": 0
        },
        "20014": {
            "year_quarter": 20014,
            "year": 2001,
            "quarter": 4,
            "eps": null,
            "eps_growth_year": null,
            "eps_4q": null,
            "eps_4q_growth_year": null,
            "roe": null,
            "roe_4q": 0,
            "gross_profit": null,
            "gross_margin": null,
            "gross_margin_4q_avg": 0,
            "net_income": null,
            "net_income_4q": null,
            "revenue": null,
            "revenue_4q": null,
            "common_shares": null,
            "book_valuer_per_share": null,
            "book_valuer_per_share_4q_avg": 0,
            "equity": null,
            "current_ratio": null,
            "debt_ratio": null,
            "inventory_turnover_ratio": null,
            "account_receivable_turnover_ratio": null,
            "reinvestment_rate": null,
            "research_to_sale_ratio": null,
            "price_fair": 0,
            "eps_avg_yearly": 0,
            "eps_latest_yearly": 0,
            "eps_growth_yearly": 0
        },
        "20021": {
            "year_quarter": 20021,
            "year": 2002,
            "quarter": 1,
            "eps": null,
            "eps_growth_year": null,
            "eps_4q": null,
            "eps_4q_growth_year": null,
            "roe": null,
            "roe_4q": 0,
            "gross_profit": null,
            "gross_margin": null,
            "gross_margin_4q_avg": 0,
            "net_income": null,
            "net_income_4q": null,
            "revenue": null,
            "revenue_4q": null,
            "common_shares": null,
            "book_valuer_per_share": null,
            "book_valuer_per_share_4q_avg": 0,
            "equity": null,
            "current_ratio": null,
            "debt_ratio": null,
            "inventory_turnover_ratio": null,
            "account_receivable_turnover_ratio": null,
            "reinvestment_rate": null,
            "research_to_sale_ratio": null,
            "price_fair": 0,
            "eps_avg_yearly": 0,
            "eps_latest_yearly": 0,
            "eps_growth_yearly": 0
        },
        "20022": {
            "year_quarter": 20022,
            "year": 2002,
            "quarter": 2,
            "eps": null,
            "eps_growth_year": null,
            "eps_4q": null,
            "eps_4q_growth_year": null,
            "roe": null,
            "roe_4q": 0,
            "gross_profit": null,
            "gross_margin": null,
            "gross_margin_4q_avg": 0,
            "net_income": null,
            "net_income_4q": null,
            "revenue": null,
            "revenue_4q": null,
            "common_shares": null,
            "book_valuer_per_share": null,
            "book_valuer_per_share_4q_avg": 0,
            "equity": null,
            "current_ratio": null,
            "debt_ratio": null,
            "inventory_turnover_ratio": null,
            "account_receivable_turnover_ratio": null,
            "reinvestment_rate": null,
            "research_to_sale_ratio": null,
            "price_fair": 0,
            "eps_avg_yearly": 0,
            "eps_latest_yearly": 0,
            "eps_growth_yearly": 0
        },
        "20023": {
            "year_quarter": 20023,
            "year": 2002,
            "quarter": 3,
            "eps": null,
            "eps_growth_year": null,
            "eps_4q": null,
            "eps_4q_growth_year": null,
            "roe": null,
            "roe_4q": 0,
            "gross_profit": null,
            "gross_margin": null,
            "gross_margin_4q_avg": 0,
            "net_income": null,
            "net_income_4q": null,
            "revenue": null,
            "revenue_4q": null,
            "common_shares": null,
            "book_valuer_per_share": null,
            "book_valuer_per_share_4q_avg": 0,
            "equity": null,
            "current_ratio": null,
            "debt_ratio": null,
            "inventory_turnover_ratio": null,
            "account_receivable_turnover_ratio": null,
            "reinvestment_rate": null,
            "research_to_sale_ratio": null,
            "price_fair": 0,
            "eps_avg_yearly": 0,
            "eps_latest_yearly": 0,
            "eps_growth_yearly": 0
        },
        "20024": {
            "year_quarter": 20024,
            "year": 2002,
            "quarter": 4,
            "eps": null,
            "eps_growth_year": null,
            "eps_4q": null,
            "eps_4q_growth_year": null,
            "roe": null,
            "roe_4q": 0,
            "gross_profit": null,
            "gross_margin": null,
            "gross_margin_4q_avg": 0,
            "net_income": null,
            "net_income_4q": null,
            "revenue": null,
            "revenue_4q": null,
            "common_shares": 120000,
            "book_valuer_per_share": 8.3,
            "book_valuer_per_share_4q_avg": 2.08,
            "equity": 99580,
            "current_ratio": 3942.9,
            "debt_ratio": 2.37,
            "inventory_turnover_ratio": null,
            "account_receivable_turnover_ratio": null,
            "reinvestment_rate": null,
            "research_to_sale_ratio": null,
            "price_fair": 0,
            "eps_avg_yearly": 0,
            "eps_latest_yearly": 0,
            "eps_growth_yearly": 0
        },
        "20031": {
            "year_quarter": 20031,
            "year": 2003,
            "quarter": 1,
            "eps": null,
            "eps_growth_year": null,
            "eps_4q": null,
            "eps_4q_growth_year": null,
            "roe": null,
            "roe_4q": 0,
            "gross_profit": null,
            "gross_margin": null,
            "gross_margin_4q_avg": 0,
            "net_income": null,
            "net_income_4q": null,
            "revenue": null,
            "revenue_4q": null,
            "common_shares": null,
            "book_valuer_per_share": null,
            "book_valuer_per_share_4q_avg": 2.08,
            "equity": null,
            "current_ratio": null,
            "debt_ratio": null,
            "inventory_turnover_ratio": null,
            "account_receivable_turnover_ratio": null,
            "reinvestment_rate": null,
            "research_to_sale_ratio": null,
            "price_fair": 0,
            "eps_avg_yearly": 0,
            "eps_latest_yearly": 0,
            "eps_growth_yearly": 0
        },
        "20032": {
            "year_quarter": 20032,
            "year": 2003,
            "quarter": 2,
            "eps": null,
            "eps_growth_year": null,
            "eps_4q": null,
            "eps_4q_growth_year": null,
            "roe": null,
            "roe_4q": 0,
            "gross_profit": null,
            "gross_margin": null,
            "gross_margin_4q_avg": 0,
            "net_income": null,
            "net_income_4q": null,
            "revenue": null,
            "revenue_4q": null,
            "common_shares": null,
            "book_valuer_per_share": null,
            "book_valuer_per_share_4q_avg": 2.08,
            "equity": null,
            "current_ratio": null,
            "debt_ratio": null,
            "inventory_turnover_ratio": null,
            "account_receivable_turnover_ratio": null,
            "reinvestment_rate": null,
            "research_to_sale_ratio": null,
            "price_fair": 0,
            "eps_avg_yearly": 0,
            "eps_latest_yearly": 0,
            "eps_growth_yearly": 0
        },
        "20033": {
            "year_quarter": 20033,
            "year": 2003,
            "quarter": 3,
            "eps": null,
            "eps_growth_year": null,
            "eps_4q": null,
            "eps_4q_growth_year": null,
            "roe": null,
            "roe_4q": 0,
            "gross_profit": null,
            "gross_margin": null,
            "gross_margin_4q_avg": 0,
            "net_income": null,
            "net_income_4q": null,
            "revenue": null,
            "revenue_4q": null,
            "common_shares": null,
            "book_valuer_per_share": null,
            "book_valuer_per_share_4q_avg": 2.08,
            "equity": null,
            "current_ratio": null,
            "debt_ratio": null,
            "inventory_turnover_ratio": null,
            "account_receivable_turnover_ratio": null,
            "reinvestment_rate": null,
            "research_to_sale_ratio": null,
            "price_fair": 0,
            "eps_avg_yearly": 0,
            "eps_latest_yearly": 0,
            "eps_growth_yearly": 0
        },
        "20034": {
            "year_quarter": 20034,
            "year": 2003,
            "quarter": 4,
            "eps": null,
            "eps_growth_year": null,
            "eps_4q": null,
            "eps_4q_growth_year": null,
            "roe": null,
            "roe_4q": 0,
            "gross_profit": null,
            "gross_margin": null,
            "gross_margin_4q_avg": 0,
            "net_income": null,
            "net_income_4q": null,
            "revenue": null,
            "revenue_4q": null,
            "common_shares": 120000,
            "book_valuer_per_share": 7.49,
            "book_valuer_per_share_4q_avg": 1.87,
            "equity": 89905,
            "current_ratio": 1295.27,
            "debt_ratio": 11.12,
            "inventory_turnover_ratio": null,
            "account_receivable_turnover_ratio": null,
            "reinvestment_rate": null,
            "research_to_sale_ratio": null,
            "price_fair": 0,
            "eps_avg_yearly": 0,
            "eps_latest_yearly": 0,
            "eps_growth_yearly": 0
        },
        "20041": {
            "year_quarter": 20041,
            "year": 2004,
            "quarter": 1,
            "eps": null,
            "eps_growth_year": null,
            "eps_4q": null,
            "eps_4q_growth_year": null,
            "roe": null,
            "roe_4q": 0,
            "gross_profit": null,
            "gross_margin": null,
            "gross_margin_4q_avg": 0,
            "net_income": null,
            "net_income_4q": null,
            "revenue": null,
            "revenue_4q": null,
            "common_shares": null,
            "book_valuer_per_share": null,
            "book_valuer_per_share_4q_avg": 1.87,
            "equity": null,
            "current_ratio": null,
            "debt_ratio": null,
            "inventory_turnover_ratio": null,
            "account_receivable_turnover_ratio": null,
            "reinvestment_rate": null,
            "research_to_sale_ratio": null,
            "price_fair": 0,
            "eps_avg_yearly": 0,
            "eps_latest_yearly": 0,
            "eps_growth_yearly": 0
        },
        "20042": {
            "year_quarter": 20042,
            "year": 2004,
            "quarter": 2,
            "eps": null,
            "eps_growth_year": null,
            "eps_4q": null,
            "eps_4q_growth_year": null,
            "roe": null,
            "roe_4q": 0,
            "gross_profit": null,
            "gross_margin": null,
            "gross_margin_4q_avg": 0,
            "net_income": null,
            "net_income_4q": null,
            "revenue": null,
            "revenue_4q": null,
            "common_shares": null,
            "book_valuer_per_share": null,
            "book_valuer_per_share_4q_avg": 1.87,
            "equity": null,
            "current_ratio": null,
            "debt_ratio": null,
            "inventory_turnover_ratio": null,
            "account_receivable_turnover_ratio": null,
            "reinvestment_rate": null,
            "research_to_sale_ratio": null,
            "price_fair": 0,
            "eps_avg_yearly": 0,
            "eps_latest_yearly": 0,
            "eps_growth_yearly": 0
        },
        "20043": {
            "year_quarter": 20043,
            "year": 2004,
            "quarter": 3,
            "eps": null,
            "eps_growth_year": null,
            "eps_4q": null,
            "eps_4q_growth_year": null,
            "roe": null,
            "roe_4q": 0,
            "gross_profit": null,
            "gross_margin": null,
            "gross_margin_4q_avg": 0,
            "net_income": null,
            "net_income_4q": null,
            "revenue": null,
            "revenue_4q": null,
            "common_shares": null,
            "book_valuer_per_share": null,
            "book_valuer_per_share_4q_avg": 1.87,
            "equity": null,
            "current_ratio": null,
            "debt_ratio": null,
            "inventory_turnover_ratio": null,
            "account_receivable_turnover_ratio": null,
            "reinvestment_rate": null,
            "research_to_sale_ratio": null,
            "price_fair": 0,
            "eps_avg_yearly": 0,
            "eps_latest_yearly": 0,
            "eps_growth_yearly": 0
        },
        "20044": {
            "year_quarter": 20044,
            "year": 2004,
            "quarter": 4,
            "eps": null,
            "eps_growth_year": null,
            "eps_4q": null,
            "eps_4q_growth_year": null,
            "roe": null,
            "roe_4q": 0,
            "gross_profit": null,
            "gross_margin": null,
            "gross_margin_4q_avg": 0,
            "net_income": null,
            "net_income_4q": null,
            "revenue": null,
            "revenue_4q": null,
            "common_shares": 142320,
            "book_valuer_per_share": 15.67,
            "book_valuer_per_share_4q_avg": 3.92,
            "equity": 222991,
            "current_ratio": 397.69,
            "debt_ratio": 19.54,
            "inventory_turnover_ratio": null,
            "account_receivable_turnover_ratio": null,
            "reinvestment_rate": null,
            "research_to_sale_ratio": null,
            "price_fair": 0,
            "eps_avg_yearly": 0,
            "eps_latest_yearly": 0,
            "eps_growth_yearly": 0
        },
        "20051": {
            "year_quarter": 20051,
            "year": 2005,
            "quarter": 1,
            "eps": null,
            "eps_growth_year": null,
            "eps_4q": null,
            "eps_4q_growth_year": null,
            "roe": null,
            "roe_4q": 0,
            "gross_profit": null,
            "gross_margin": null,
            "gross_margin_4q_avg": 0,
            "net_income": null,
            "net_income_4q": null,
            "revenue": null,
            "revenue_4q": null,
            "common_shares": null,
            "book_valuer_per_share": null,
            "book_valuer_per_share_4q_avg": 3.92,
            "equity": null,
            "current_ratio": null,
            "debt_ratio": null,
            "inventory_turnover_ratio": null,
            "account_receivable_turnover_ratio": null,
            "reinvestment_rate": null,
            "research_to_sale_ratio": null,
            "price_fair": 0,
            "eps_avg_yearly": 0,
            "eps_latest_yearly": 0,
            "eps_growth_yearly": 0
        },
        "20052": {
            "year_quarter": 20052,
            "year": 2005,
            "quarter": 2,
            "eps": null,
            "eps_growth_year": null,
            "eps_4q": null,
            "eps_4q_growth_year": null,
            "roe": null,
            "roe_4q": 0,
            "gross_profit": null,
            "gross_margin": null,
            "gross_margin_4q_avg": 0,
            "net_income": null,
            "net_income_4q": null,
            "revenue": null,
            "revenue_4q": null,
            "common_shares": null,
            "book_valuer_per_share": null,
            "book_valuer_per_share_4q_avg": 3.92,
            "equity": null,
            "current_ratio": null,
            "debt_ratio": null,
            "inventory_turnover_ratio": null,
            "account_receivable_turnover_ratio": null,
            "reinvestment_rate": null,
            "research_to_sale_ratio": null,
            "price_fair": 0,
            "eps_avg_yearly": 0,
            "eps_latest_yearly": 0,
            "eps_growth_yearly": 0
        },
        "20053": {
            "year_quarter": 20053,
            "year": 2005,
            "quarter": 3,
            "eps": null,
            "eps_growth_year": null,
            "eps_4q": null,
            "eps_4q_growth_year": null,
            "roe": null,
            "roe_4q": 0,
            "gross_profit": null,
            "gross_margin": null,
            "gross_margin_4q_avg": 0,
            "net_income": null,
            "net_income_4q": null,
            "revenue": null,
            "revenue_4q": null,
            "common_shares": null,
            "book_valuer_per_share": null,
            "book_valuer_per_share_4q_avg": 3.92,
            "equity": null,
            "current_ratio": null,
            "debt_ratio": null,
            "inventory_turnover_ratio": null,
            "account_receivable_turnover_ratio": null,
            "reinvestment_rate": null,
            "research_to_sale_ratio": null,
            "price_fair": 0,
            "eps_avg_yearly": 0,
            "eps_latest_yearly": 0,
            "eps_growth_yearly": 0
        },
        "20054": {
            "year_quarter": 20054,
            "year": 2005,
            "quarter": 4,
            "eps": null,
            "eps_growth_year": null,
            "eps_4q": null,
            "eps_4q_growth_year": null,
            "roe": null,
            "roe_4q": 0,
            "gross_profit": null,
            "gross_margin": null,
            "gross_margin_4q_avg": 0,
            "net_income": null,
            "net_income_4q": null,
            "revenue": null,
            "revenue_4q": null,
            "common_shares": 183645,
            "book_valuer_per_share": 15.49,
            "book_valuer_per_share_4q_avg": 3.87,
            "equity": 284500,
            "current_ratio": 938.9,
            "debt_ratio": 10.27,
            "inventory_turnover_ratio": null,
            "account_receivable_turnover_ratio": null,
            "reinvestment_rate": null,
            "research_to_sale_ratio": null,
            "price_fair": 0,
            "eps_avg_yearly": 0,
            "eps_latest_yearly": 0,
            "eps_growth_yearly": 0
        },
        "20061": {
            "year_quarter": 20061,
            "year": 2006,
            "quarter": 1,
            "eps": null,
            "eps_growth_year": null,
            "eps_4q": null,
            "eps_4q_growth_year": null,
            "roe": null,
            "roe_4q": 0,
            "gross_profit": null,
            "gross_margin": null,
            "gross_margin_4q_avg": 0,
            "net_income": null,
            "net_income_4q": null,
            "revenue": null,
            "revenue_4q": null,
            "common_shares": null,
            "book_valuer_per_share": null,
            "book_valuer_per_share_4q_avg": 3.87,
            "equity": null,
            "current_ratio": null,
            "debt_ratio": null,
            "inventory_turnover_ratio": null,
            "account_receivable_turnover_ratio": null,
            "reinvestment_rate": null,
            "research_to_sale_ratio": null,
            "price_fair": 0,
            "eps_avg_yearly": 0,
            "eps_latest_yearly": 0,
            "eps_growth_yearly": 0
        },
        "20062": {
            "year_quarter": 20062,
            "year": 2006,
            "quarter": 2,
            "eps": null,
            "eps_growth_year": null,
            "eps_4q": null,
            "eps_4q_growth_year": null,
            "roe": null,
            "roe_4q": 0,
            "gross_profit": null,
            "gross_margin": null,
            "gross_margin_4q_avg": 0,
            "net_income": null,
            "net_income_4q": null,
            "revenue": null,
            "revenue_4q": null,
            "common_shares": null,
            "book_valuer_per_share": null,
            "book_valuer_per_share_4q_avg": 3.87,
            "equity": null,
            "current_ratio": null,
            "debt_ratio": null,
            "inventory_turnover_ratio": null,
            "account_receivable_turnover_ratio": null,
            "reinvestment_rate": null,
            "research_to_sale_ratio": null,
            "price_fair": 0,
            "eps_avg_yearly": 0,
            "eps_latest_yearly": 0,
            "eps_growth_yearly": 0
        },
        "20063": {
            "year_quarter": 20063,
            "year": 2006,
            "quarter": 3,
            "eps": 0.69,
            "eps_growth_year": null,
            "eps_4q": null,
            "eps_4q_growth_year": null,
            "roe": 5.3,
            "roe_4q": 5.3,
            "gross_profit": 31418,
            "gross_margin": 44.45,
            "gross_margin_4q_avg": 11.11,
            "net_income": 17255,
            "net_income_4q": null,
            "revenue": 70688,
            "revenue_4q": null,
            "common_shares": 221841,
            "book_valuer_per_share": 14.69,
            "book_valuer_per_share_4q_avg": 7.55,
            "equity": 325830,
            "current_ratio": 382.68,
            "debt_ratio": 36.86,
            "inventory_turnover_ratio": 0.72,
            "account_receivable_turnover_ratio": null,
            "reinvestment_rate": null,
            "research_to_sale_ratio": null,
            "price_fair": 0,
            "eps_avg_yearly": 0,
            "eps_latest_yearly": 0,
            "eps_growth_yearly": 0
        },
        "20064": {
            "year_quarter": 20064,
            "year": 2006,
            "quarter": 4,
            "eps": 0.71,
            "eps_growth_year": null,
            "eps_4q": null,
            "eps_4q_growth_year": null,
            "roe": 4.12,
            "roe_4q": 9.42,
            "gross_profit": 52866,
            "gross_margin": 47.95,
            "gross_margin_4q_avg": 23.1,
            "net_income": 16137,
            "net_income_4q": null,
            "revenue": 110248,
            "revenue_4q": null,
            "common_shares": 295555,
            "book_valuer_per_share": 15.45,
            "book_valuer_per_share_4q_avg": 7.54,
            "equity": 456767,
            "current_ratio": 797.19,
            "debt_ratio": 12.05,
            "inventory_turnover_ratio": 0.99,
            "account_receivable_turnover_ratio": null,
            "reinvestment_rate": null,
            "research_to_sale_ratio": null,
            "price_fair": 61.33,
            "eps_avg_yearly": 2.84,
            "eps_latest_yearly": 2.84,
            "eps_growth_yearly": 11.59
        },
        "20071": {
            "year_quarter": 20071,
            "year": 2007,
            "quarter": 1,
            "eps": 0.64,
            "eps_growth_year": null,
            "eps_4q": null,
            "eps_4q_growth_year": null,
            "roe": 4.46,
            "roe_4q": 13.879999999999999,
            "gross_profit": 57622,
            "gross_margin": 47.68,
            "gross_margin_4q_avg": 35.02,
            "net_income": 22969,
            "net_income_4q": null,
            "revenue": 120839,
            "revenue_4q": null,
            "common_shares": 322985,
            "book_valuer_per_share": 17.72,
            "book_valuer_per_share_4q_avg": 11.97,
            "equity": 572434,
            "current_ratio": 460.09,
            "debt_ratio": 25.65,
            "inventory_turnover_ratio": 1.08,
            "account_receivable_turnover_ratio": null,
            "reinvestment_rate": null,
            "research_to_sale_ratio": null,
            "price_fair": 8.1,
            "eps_avg_yearly": 2.7,
            "eps_latest_yearly": 2.56,
            "eps_growth_yearly": -13.92
        },
        "20072": {
            "year_quarter": 20072,
            "year": 2007,
            "quarter": 2,
            "eps": 0.68,
            "eps_growth_year": null,
            "eps_4q": 2.44,
            "eps_4q_growth_year": null,
            "roe": 3.84,
            "roe_4q": 17.720000000000002,
            "gross_profit": 57928,
            "gross_margin": 45.56,
            "gross_margin_4q_avg": 46.41,
            "net_income": 21772,
            "net_income_4q": null,
            "revenue": 127156,
            "revenue_4q": null,
            "common_shares": 322985,
            "book_valuer_per_share": 17.36,
            "book_valuer_per_share_4q_avg": 16.31,
            "equity": 560835,
            "current_ratio": 374.66,
            "debt_ratio": 28.31,
            "inventory_turnover_ratio": 1.31,
            "account_receivable_turnover_ratio": null,
            "reinvestment_rate": null,
            "research_to_sale_ratio": null,
            "price_fair": 8.12,
            "eps_avg_yearly": 2.71,
            "eps_latest_yearly": 2.72,
            "eps_growth_yearly": -0.95
        },
        "20073": {
            "year_quarter": 20073,
            "year": 2007,
            "quarter": 3,
            "eps": 1.37,
            "eps_growth_year": 98.55,
            "eps_4q": 3.04,
            "eps_4q_growth_year": null,
            "roe": 8.5,
            "roe_4q": 20.92,
            "gross_profit": 89941,
            "gross_margin": 49.5,
            "gross_margin_4q_avg": 47.67,
            "net_income": 49815,
            "net_income_4q": null,
            "revenue": 181717,
            "revenue_4q": null,
            "common_shares": 367283,
            "book_valuer_per_share": 16.63,
            "book_valuer_per_share_4q_avg": 16.79,
            "equity": 610650,
            "current_ratio": 464.75,
            "debt_ratio": 22.84,
            "inventory_turnover_ratio": 1.83,
            "account_receivable_turnover_ratio": null,
            "reinvestment_rate": null,
            "research_to_sale_ratio": null,
            "price_fair": 119,
            "eps_avg_yearly": 3.4,
            "eps_latest_yearly": 5.48,
            "eps_growth_yearly": 100.76
        },
        "20074": {
            "year_quarter": 20074,
            "year": 2007,
            "quarter": 4,
            "eps": 0.98,
            "eps_growth_year": 38.03,
            "eps_4q": 3.56,
            "eps_4q_growth_year": null,
            "roe": 5.7,
            "roe_4q": 22.5,
            "gross_profit": 82110,
            "gross_margin": 48.57,
            "gross_margin_4q_avg": 47.83,
            "net_income": 35853,
            "net_income_4q": null,
            "revenue": 169066,
            "revenue_4q": null,
            "common_shares": 367283,
            "book_valuer_per_share": 17.6,
            "book_valuer_per_share_4q_avg": 17.33,
            "equity": 646363,
            "current_ratio": 707.79,
            "debt_ratio": 13.5,
            "inventory_turnover_ratio": 1.7,
            "account_receivable_turnover_ratio": null,
            "reinvestment_rate": null,
            "research_to_sale_ratio": null,
            "price_fair": 122.64,
            "eps_avg_yearly": 3.5,
            "eps_latest_yearly": 3.92,
            "eps_growth_yearly": 57.83
        },
        "20081": {
            "year_quarter": 20081,
            "year": 2008,
            "quarter": 1,
            "eps": 0.73,
            "eps_growth_year": 14.06,
            "eps_4q": 3.67,
            "eps_4q_growth_year": null,
            "roe": 4.04,
            "roe_4q": 22.080000000000002,
            "gross_profit": 75469,
            "gross_margin": 52.98,
            "gross_margin_4q_avg": 49.15,
            "net_income": 26668,
            "net_income_4q": null,
            "revenue": 142446,
            "revenue_4q": null,
            "common_shares": 367283,
            "book_valuer_per_share": 18.32,
            "book_valuer_per_share_4q_avg": 17.48,
            "equity": 672756,
            "current_ratio": 714.08,
            "debt_ratio": 13.29,
            "inventory_turnover_ratio": 1.25,
            "account_receivable_turnover_ratio": null,
            "reinvestment_rate": null,
            "research_to_sale_ratio": null,
            "price_fair": 119.23,
            "eps_avg_yearly": 3.41,
            "eps_latest_yearly": 2.92,
            "eps_growth_yearly": 31.19
        },
        "20082": {
            "year_quarter": 20082,
            "year": 2008,
            "quarter": 2,
            "eps": 0.51,
            "eps_growth_year": -25,
            "eps_4q": 3.23,
            "eps_4q_growth_year": 32.17,
            "roe": 2.78,
            "roe_4q": 21.02,
            "gross_profit": 66732,
            "gross_margin": 56.38,
            "gross_margin_4q_avg": 51.86,
            "net_income": 21099,
            "net_income_4q": null,
            "revenue": 118358,
            "revenue_4q": null,
            "common_shares": 409163,
            "book_valuer_per_share": 20.64,
            "book_valuer_per_share_4q_avg": 18.3,
            "equity": 844479,
            "current_ratio": 533.57,
            "debt_ratio": 17.98,
            "inventory_turnover_ratio": 0.86,
            "account_receivable_turnover_ratio": null,
            "reinvestment_rate": null,
            "research_to_sale_ratio": null,
            "price_fair": 62.66,
            "eps_avg_yearly": 3.21,
            "eps_latest_yearly": 2.04,
            "eps_growth_yearly": 9.51
        },
        "20083": {
            "year_quarter": 20083,
            "year": 2008,
            "quarter": 3,
            "eps": 0.49,
            "eps_growth_year": -64.23,
            "eps_4q": 2.48,
            "eps_4q_growth_year": -18.45,
            "roe": 2.42,
            "roe_4q": 14.939999999999998,
            "gross_profit": 57555,
            "gross_margin": 49.73,
            "gross_margin_4q_avg": 51.92,
            "net_income": 20562,
            "net_income_4q": null,
            "revenue": 115735,
            "revenue_4q": null,
            "common_shares": 439264,
            "book_valuer_per_share": 19.53,
            "book_valuer_per_share_4q_avg": 19.02,
            "equity": 857842,
            "current_ratio": 993.62,
            "debt_ratio": 9.6,
            "inventory_turnover_ratio": 0.96,
            "account_receivable_turnover_ratio": null,
            "reinvestment_rate": null,
            "research_to_sale_ratio": null,
            "price_fair": 49.99,
            "eps_avg_yearly": 3.06,
            "eps_latest_yearly": 1.96,
            "eps_growth_yearly": 6.36
        },
        "20084": {
            "year_quarter": 20084,
            "year": 2008,
            "quarter": 4,
            "eps": 0.17,
            "eps_growth_year": -82.65,
            "eps_4q": 1.82,
            "eps_4q_growth_year": -48.92,
            "roe": 0.83,
            "roe_4q": 10.07,
            "gross_profit": 55106,
            "gross_margin": 50.48,
            "gross_margin_4q_avg": 52.39,
            "net_income": 7037,
            "net_income_4q": null,
            "revenue": 109165,
            "revenue_4q": null,
            "common_shares": 428664,
            "book_valuer_per_share": 19.7,
            "book_valuer_per_share_4q_avg": 19.55,
            "equity": 844393,
            "current_ratio": 913.19,
            "debt_ratio": 10.47,
            "inventory_turnover_ratio": 1.2,
            "account_receivable_turnover_ratio": 4.07,
            "reinvestment_rate": null,
            "research_to_sale_ratio": null,
            "price_fair": 8.37,
            "eps_avg_yearly": 2.79,
            "eps_latest_yearly": 0.68,
            "eps_growth_yearly": -23.37
        },
        "20091": {
            "year_quarter": 20091,
            "year": 2009,
            "quarter": 1,
            "eps": 0.47,
            "eps_growth_year": -35.62,
            "eps_4q": 1.6,
            "eps_4q_growth_year": -56.28,
            "roe": 2.36,
            "roe_4q": 8.389999999999999,
            "gross_profit": 54344,
            "gross_margin": 61.06,
            "gross_margin_4q_avg": 54.41,
            "net_income": 20166,
            "net_income_4q": null,
            "revenue": 89005,
            "revenue_4q": null,
            "common_shares": 428664,
            "book_valuer_per_share": 20.18,
            "book_valuer_per_share_4q_avg": 20.01,
            "equity": 865031,
            "current_ratio": 1073.81,
            "debt_ratio": 8.95,
            "inventory_turnover_ratio": 1.02,
            "account_receivable_turnover_ratio": 1.65,
            "reinvestment_rate": null,
            "research_to_sale_ratio": null,
            "price_fair": 94.5,
            "eps_avg_yearly": 2.7,
            "eps_latest_yearly": 1.88,
            "eps_growth_yearly": 49.56
        },
        "20092": {
            "year_quarter": 20092,
            "year": 2009,
            "quarter": 2,
            "eps": 0.75,
            "eps_growth_year": 47.06,
            "eps_4q": 1.87,
            "eps_4q_growth_year": -41.99,
            "roe": 3.76,
            "roe_4q": 9.37,
            "gross_profit": 72848,
            "gross_margin": 61.92,
            "gross_margin_4q_avg": 55.8,
            "net_income": 31960,
            "net_income_4q": null,
            "revenue": 117655,
            "revenue_4q": null,
            "common_shares": 428664,
            "book_valuer_per_share": 19.45,
            "book_valuer_per_share_4q_avg": 19.72,
            "equity": 833957,
            "current_ratio": 626.38,
            "debt_ratio": 15.48,
            "inventory_turnover_ratio": 1.37,
            "account_receivable_turnover_ratio": 1.98,
            "reinvestment_rate": null,
            "research_to_sale_ratio": null,
            "price_fair": 95.45,
            "eps_avg_yearly": 2.73,
            "eps_latest_yearly": 3,
            "eps_growth_yearly": 66.71
        },
        "20093": {
            "year_quarter": 20093,
            "year": 2009,
            "quarter": 3,
            "eps": 0.6,
            "eps_growth_year": 22.45,
            "eps_4q": 1.94,
            "eps_4q_growth_year": -21.88,
            "roe": 3.13,
            "roe_4q": 10.08,
            "gross_profit": 71977,
            "gross_margin": 60.33,
            "gross_margin_4q_avg": 58.45,
            "net_income": 26501,
            "net_income_4q": null,
            "revenue": 119313,
            "revenue_4q": null,
            "common_shares": 439381,
            "book_valuer_per_share": 19.57,
            "book_valuer_per_share_4q_avg": 19.73,
            "equity": 859862,
            "current_ratio": 990.94,
            "debt_ratio": 9.77,
            "inventory_turnover_ratio": 1.46,
            "account_receivable_turnover_ratio": 1.93,
            "reinvestment_rate": null,
            "research_to_sale_ratio": null,
            "price_fair": 94.5,
            "eps_avg_yearly": 2.7,
            "eps_latest_yearly": 2.4,
            "eps_growth_yearly": 54.49
        },
        "20094": {
            "year_quarter": 20094,
            "year": 2009,
            "quarter": 4,
            "eps": 0.62,
            "eps_growth_year": 264.71,
            "eps_4q": 2.41,
            "eps_4q_growth_year": 32.29,
            "roe": 3.11,
            "roe_4q": 12.36,
            "gross_profit": 62151,
            "gross_margin": 58.47,
            "gross_margin_4q_avg": 60.45,
            "net_income": 27200,
            "net_income_4q": null,
            "revenue": 106287,
            "revenue_4q": null,
            "common_shares": 439381,
            "book_valuer_per_share": 20.19,
            "book_valuer_per_share_4q_avg": 19.85,
            "equity": 886946,
            "current_ratio": 871.11,
            "debt_ratio": 11,
            "inventory_turnover_ratio": 1.16,
            "account_receivable_turnover_ratio": 3.49,
            "reinvestment_rate": null,
            "research_to_sale_ratio": null,
            "price_fair": 93.91,
            "eps_avg_yearly": 2.68,
            "eps_latest_yearly": 2.48,
            "eps_growth_yearly": 51.32
        },
        "20101": {
            "year_quarter": 20101,
            "year": 2010,
            "quarter": 1,
            "eps": 0.77,
            "eps_growth_year": 63.83,
            "eps_4q": 2.72,
            "eps_4q_growth_year": 69.22,
            "roe": 3.73,
            "roe_4q": 13.729999999999999,
            "gross_profit": 79115,
            "gross_margin": 57.78,
            "gross_margin_4q_avg": 59.63,
            "net_income": 33673,
            "net_income_4q": null,
            "revenue": 136928,
            "revenue_4q": null,
            "common_shares": 439381,
            "book_valuer_per_share": 20.95,
            "book_valuer_per_share_4q_avg": 20.04,
            "equity": 920475,
            "current_ratio": 704.95,
            "debt_ratio": 13.56,
            "inventory_turnover_ratio": 0.92,
            "account_receivable_turnover_ratio": 1.92,
            "reinvestment_rate": null,
            "research_to_sale_ratio": 21.81,
            "price_fair": 94.9,
            "eps_avg_yearly": 2.71,
            "eps_latest_yearly": 3.08,
            "eps_growth_yearly": 54.57
        },
        "20102": {
            "year_quarter": 20102,
            "year": 2010,
            "quarter": 2,
            "eps": 0.78,
            "eps_growth_year": 4.2,
            "eps_4q": 2.72,
            "eps_4q_growth_year": 45.47,
            "roe": 3.95,
            "roe_4q": 13.919999999999998,
            "gross_profit": 97192,
            "gross_margin": 53.88,
            "gross_margin_4q_avg": 57.62,
            "net_income": 35195,
            "net_income_4q": null,
            "revenue": 180390,
            "revenue_4q": null,
            "common_shares": 439381,
            "book_valuer_per_share": 19.61,
            "book_valuer_per_share_4q_avg": 20.08,
            "equity": 861411,
            "current_ratio": 455.06,
            "debt_ratio": 21.28,
            "inventory_turnover_ratio": 0.98,
            "account_receivable_turnover_ratio": 2.12,
            "reinvestment_rate": 5.62,
            "research_to_sale_ratio": 16.26,
            "price_fair": 95.85,
            "eps_avg_yearly": 2.74,
            "eps_latest_yearly": 3.12,
            "eps_growth_yearly": 51.28
        },
        "20103": {
            "year_quarter": 20103,
            "year": 2010,
            "quarter": 3,
            "eps": 0.58,
            "eps_growth_year": -2.83,
            "eps_4q": 2.72,
            "eps_4q_growth_year": 40.04,
            "roe": 3,
            "roe_4q": 13.79,
            "gross_profit": 83481,
            "gross_margin": 49.28,
            "gross_margin_4q_avg": 54.85,
            "net_income": 26258,
            "net_income_4q": null,
            "revenue": 169408,
            "revenue_4q": null,
            "common_shares": 450365,
            "book_valuer_per_share": 19.7,
            "book_valuer_per_share_4q_avg": 20.11,
            "equity": 887228,
            "current_ratio": 530.28,
            "debt_ratio": 18.22,
            "inventory_turnover_ratio": 0.78,
            "account_receivable_turnover_ratio": 2.03,
            "reinvestment_rate": 3.54,
            "research_to_sale_ratio": 19.55,
            "price_fair": 94.94,
            "eps_avg_yearly": 2.71,
            "eps_latest_yearly": 2.32,
            "eps_growth_yearly": 41.66
        },
        "20104": {
            "year_quarter": 20104,
            "year": 2010,
            "quarter": 4,
            "eps": 0.47,
            "eps_growth_year": -24.92,
            "eps_4q": 2.58,
            "eps_4q_growth_year": 7.02,
            "roe": 2.34,
            "roe_4q": 13.02,
            "gross_profit": 81114,
            "gross_margin": 45.62,
            "gross_margin_4q_avg": 51.64,
            "net_income": 20965,
            "net_income_4q": null,
            "revenue": 177799,
            "revenue_4q": null,
            "common_shares": 450365,
            "book_valuer_per_share": 20.15,
            "book_valuer_per_share_4q_avg": 20.1,
            "equity": 907304,
            "current_ratio": 676.55,
            "debt_ratio": 14.18,
            "inventory_turnover_ratio": 0.78,
            "account_receivable_turnover_ratio": 2.4,
            "reinvestment_rate": 1.41,
            "research_to_sale_ratio": 21.86,
            "price_fair": 92.84,
            "eps_avg_yearly": 2.65,
            "eps_latest_yearly": 1.88,
            "eps_growth_yearly": 36.2
        },
        "20111": {
            "year_quarter": 20111,
            "year": 2011,
            "quarter": 1,
            "eps": 1.27,
            "eps_growth_year": 64.94,
            "eps_4q": 3.1,
            "eps_4q_growth_year": 14.13,
            "roe": 6.11,
            "roe_4q": 15.399999999999999,
            "gross_profit": 118904,
            "gross_margin": 40.81,
            "gross_margin_4q_avg": 47.4,
            "net_income": 57182,
            "net_income_4q": null,
            "revenue": 291360,
            "revenue_4q": null,
            "common_shares": 450365,
            "book_valuer_per_share": 21.42,
            "book_valuer_per_share_4q_avg": 20.22,
            "equity": 964582,
            "current_ratio": 473.25,
            "debt_ratio": 20.43,
            "inventory_turnover_ratio": 1.42,
            "account_receivable_turnover_ratio": 2.67,
            "reinvestment_rate": 0.47,
            "research_to_sale_ratio": 12.27,
            "price_fair": 98.35,
            "eps_avg_yearly": 2.81,
            "eps_latest_yearly": 5.08,
            "eps_growth_yearly": 81.21
        },
        "20112": {
            "year_quarter": 20112,
            "year": 2011,
            "quarter": 2,
            "eps": 1.94,
            "eps_growth_year": 147.8,
            "eps_4q": 4.14,
            "eps_4q_growth_year": 52.28,
            "roe": 9.55,
            "roe_4q": 21,
            "gross_profit": 163141,
            "gross_margin": 47.33,
            "gross_margin_4q_avg": 45.76,
            "net_income": 91575,
            "net_income_4q": null,
            "revenue": 344713,
            "revenue_4q": null,
            "common_shares": 450365,
            "book_valuer_per_share": 21.15,
            "book_valuer_per_share_4q_avg": 20.61,
            "equity": 952378,
            "current_ratio": 330.49,
            "debt_ratio": 28.18,
            "inventory_turnover_ratio": 1.16,
            "account_receivable_turnover_ratio": 2.3,
            "reinvestment_rate": 9.9,
            "research_to_sale_ratio": 11.62,
            "price_fair": 109.38,
            "eps_avg_yearly": 3.13,
            "eps_latest_yearly": 7.76,
            "eps_growth_yearly": 92.84
        },
        "20113": {
            "year_quarter": 20113,
            "year": 2011,
            "quarter": 3,
            "eps": 1.53,
            "eps_growth_year": 161.91,
            "eps_4q": 5.12,
            "eps_4q_growth_year": 88.36,
            "roe": 7.3,
            "roe_4q": 25.3,
            "gross_profit": 136566,
            "gross_margin": 41.8,
            "gross_margin_4q_avg": 43.89,
            "net_income": 72211,
            "net_income_4q": null,
            "revenue": 326708,
            "revenue_4q": null,
            "common_shares": 472883,
            "book_valuer_per_share": 21.67,
            "book_valuer_per_share_4q_avg": 21.1,
            "equity": 1024881,
            "current_ratio": 537.57,
            "debt_ratio": 17.12,
            "inventory_turnover_ratio": 1.18,
            "account_receivable_turnover_ratio": 1.91,
            "reinvestment_rate": 9.09,
            "research_to_sale_ratio": 12.33,
            "price_fair": 110.78,
            "eps_avg_yearly": 3.17,
            "eps_latest_yearly": 6.12,
            "eps_growth_yearly": 62.19
        },
        "20114": {
            "year_quarter": 20114,
            "year": 2011,
            "quarter": 4,
            "eps": 0.31,
            "eps_growth_year": -33.64,
            "eps_4q": 4.98,
            "eps_4q_growth_year": 93.26,
            "roe": 1.42,
            "roe_4q": 24.38,
            "gross_profit": 80922,
            "gross_margin": 39.38,
            "gross_margin_4q_avg": 42.33,
            "net_income": 14607,
            "net_income_4q": null,
            "revenue": 205468,
            "revenue_4q": null,
            "common_shares": 472883,
            "book_valuer_per_share": 21.98,
            "book_valuer_per_share_4q_avg": 21.56,
            "equity": 1039458,
            "current_ratio": 485,
            "debt_ratio": 19.04,
            "inventory_turnover_ratio": 0.91,
            "account_receivable_turnover_ratio": 1.4,
            "reinvestment_rate": 8.81,
            "research_to_sale_ratio": 21.45,
            "price_fair": 104.91,
            "eps_avg_yearly": 3,
            "eps_latest_yearly": 1.24,
            "eps_growth_yearly": 49.37
        },
        "20121": {
            "year_quarter": 20121,
            "year": 2012,
            "quarter": 1,
            "eps": 0.34,
            "eps_growth_year": -73.23,
            "eps_4q": 4.11,
            "eps_4q_growth_year": 32.63,
            "roe": 1.53,
            "roe_4q": 19.8,
            "gross_profit": 68082,
            "gross_margin": 47.03,
            "gross_margin_4q_avg": 43.89,
            "net_income": 16013,
            "net_income_4q": null,
            "revenue": 144769,
            "revenue_4q": null,
            "common_shares": 472883,
            "book_valuer_per_share": 22.32,
            "book_valuer_per_share_4q_avg": 21.78,
            "equity": 1055331,
            "current_ratio": 679.08,
            "debt_ratio": 13.6,
            "inventory_turnover_ratio": 0.57,
            "account_receivable_turnover_ratio": 1.69,
            "reinvestment_rate": 9.98,
            "research_to_sale_ratio": 23.15,
            "price_fair": 101.5,
            "eps_avg_yearly": 2.9,
            "eps_latest_yearly": 1.36,
            "eps_growth_yearly": 58.17
        },
        "20122": {
            "year_quarter": 20122,
            "year": 2012,
            "quarter": 2,
            "eps": 0.49,
            "eps_growth_year": -74.53,
            "eps_4q": 2.63,
            "eps_4q_growth_year": -36.66,
            "roe": 2.46,
            "roe_4q": 12.71,
            "gross_profit": 75839,
            "gross_margin": 50.61,
            "gross_margin_4q_avg": 44.71,
            "net_income": 23793,
            "net_income_4q": null,
            "revenue": 149850,
            "revenue_4q": null,
            "common_shares": 472883,
            "book_valuer_per_share": 18.52,
            "book_valuer_per_share_4q_avg": 21.12,
            "equity": 875938,
            "current_ratio": 307.24,
            "debt_ratio": 30.33,
            "inventory_turnover_ratio": 0.61,
            "account_receivable_turnover_ratio": 2,
            "reinvestment_rate": 11.38,
            "research_to_sale_ratio": 23.04,
            "price_fair": 101.33,
            "eps_avg_yearly": 2.9,
            "eps_latest_yearly": 1.96,
            "eps_growth_yearly": 76.73
        },
        "20123": {
            "year_quarter": 20123,
            "year": 2012,
            "quarter": 3,
            "eps": 0.73,
            "eps_growth_year": -52,
            "eps_4q": 1.86,
            "eps_4q_growth_year": -63.62,
            "roe": 3.96,
            "roe_4q": 9.370000000000001,
            "gross_profit": 103060,
            "gross_margin": 50.41,
            "gross_margin_4q_avg": 46.86,
            "net_income": 35357,
            "net_income_4q": null,
            "revenue": 204441,
            "revenue_4q": null,
            "common_shares": 482341,
            "book_valuer_per_share": 18.89,
            "book_valuer_per_share_4q_avg": 20.43,
            "equity": 910970,
            "current_ratio": 552.72,
            "debt_ratio": 16.64,
            "inventory_turnover_ratio": 0.88,
            "account_receivable_turnover_ratio": 1.98,
            "reinvestment_rate": 32.99,
            "research_to_sale_ratio": 20.65,
            "price_fair": 103.43,
            "eps_avg_yearly": 2.96,
            "eps_latest_yearly": 2.92,
            "eps_growth_yearly": 89.96
        },
        "20124": {
            "year_quarter": 20124,
            "year": 2012,
            "quarter": 4,
            "eps": 0.77,
            "eps_growth_year": 149.47,
            "eps_4q": 2.33,
            "eps_4q_growth_year": -53.25,
            "roe": 4,
            "roe_4q": 11.95,
            "gross_profit": 104284,
            "gross_margin": 49.87,
            "gross_margin_4q_avg": 49.48,
            "net_income": 37169,
            "net_income_4q": null,
            "revenue": 209114,
            "revenue_4q": null,
            "common_shares": 482341,
            "book_valuer_per_share": 19.67,
            "book_valuer_per_share_4q_avg": 19.85,
            "equity": 948529,
            "current_ratio": 557.92,
            "debt_ratio": 23.21,
            "inventory_turnover_ratio": 0.96,
            "account_receivable_turnover_ratio": 1.72,
            "reinvestment_rate": 40.47,
            "research_to_sale_ratio": 21.26,
            "price_fair": 108.68,
            "eps_avg_yearly": 3.11,
            "eps_latest_yearly": 3.08,
            "eps_growth_yearly": 107.65
        },
        "20131": {
            "year_quarter": 20131,
            "year": 2013,
            "quarter": 1,
            "eps": 2.2,
            "eps_growth_year": 547.06,
            "eps_4q": 4.19,
            "eps_4q_growth_year": 1.97,
            "roe": 10.59,
            "roe_4q": 21.01,
            "gross_profit": 195241,
            "gross_margin": 61.08,
            "gross_margin_4q_avg": 52.99,
            "net_income": 105885,
            "net_income_4q": null,
            "revenue": 319656,
            "revenue_4q": null,
            "common_shares": 482341,
            "book_valuer_per_share": 21.78,
            "book_valuer_per_share_4q_avg": 19.72,
            "equity": 1050736,
            "current_ratio": 452.18,
            "debt_ratio": 26.26,
            "inventory_turnover_ratio": 1.03,
            "account_receivable_turnover_ratio": 2.01,
            "reinvestment_rate": 10.72,
            "research_to_sale_ratio": 17.1,
            "price_fair": 123.81,
            "eps_avg_yearly": 3.54,
            "eps_latest_yearly": 8.8,
            "eps_growth_yearly": 109.96
        },
        "20132": {
            "year_quarter": 20132,
            "year": 2013,
            "quarter": 2,
            "eps": 2.5,
            "eps_growth_year": 406.81,
            "eps_4q": 5.71,
            "eps_4q_growth_year": 117.64,
            "roe": 11.39,
            "roe_4q": 29.94,
            "gross_profit": 230211,
            "gross_margin": 59.66,
            "gross_margin_4q_avg": 55.26,
            "net_income": 120603,
            "net_income_4q": null,
            "revenue": 385887,
            "revenue_4q": null,
            "common_shares": 482341,
            "book_valuer_per_share": 22.14,
            "book_valuer_per_share_4q_avg": 20.62,
            "equity": 1067703,
            "current_ratio": 368.3,
            "debt_ratio": 30.99,
            "inventory_turnover_ratio": 1.13,
            "account_receivable_turnover_ratio": 1.65,
            "reinvestment_rate": 7.03,
            "research_to_sale_ratio": 17.8,
            "price_fair": 139.13,
            "eps_avg_yearly": 3.98,
            "eps_latest_yearly": 10,
            "eps_growth_yearly": 98.48
        },
        "20133": {
            "year_quarter": 20133,
            "year": 2013,
            "quarter": 3,
            "eps": 2.73,
            "eps_growth_year": 272.43,
            "eps_4q": 7.77,
            "eps_4q_growth_year": 317.33,
            "roe": 12.54,
            "roe_4q": 38.519999999999996,
            "gross_profit": 256734,
            "gross_margin": 53.98,
            "gross_margin_4q_avg": 56.15,
            "net_income": 142828,
            "net_income_4q": null,
            "revenue": 475569,
            "revenue_4q": null,
            "common_shares": 523340,
            "book_valuer_per_share": 23.13,
            "book_valuer_per_share_4q_avg": 21.68,
            "equity": 1210355,
            "current_ratio": 356.67,
            "debt_ratio": 31.3,
            "inventory_turnover_ratio": 1.86,
            "account_receivable_turnover_ratio": 1.74,
            "reinvestment_rate": 6.01,
            "research_to_sale_ratio": 13.15,
            "price_fair": 157.76,
            "eps_avg_yearly": 4.51,
            "eps_latest_yearly": 10.92,
            "eps_growth_yearly": 105.78
        },
        "20134": {
            "year_quarter": 20134,
            "year": 2013,
            "quarter": 4,
            "eps": 1.56,
            "eps_growth_year": 102.84,
            "eps_4q": 8.62,
            "eps_4q_growth_year": 270.13,
            "roe": 6.25,
            "roe_4q": 40.769999999999996,
            "gross_profit": 193701,
            "gross_margin": 54.81,
            "gross_margin_4q_avg": 57.38,
            "net_income": 79845,
            "net_income_4q": null,
            "revenue": 353432,
            "revenue_4q": null,
            "common_shares": 523340,
            "book_valuer_per_share": 24.34,
            "book_valuer_per_share_4q_avg": 22.85,
            "equity": 1344743,
            "current_ratio": 462.92,
            "debt_ratio": 24.65,
            "inventory_turnover_ratio": 1.68,
            "account_receivable_turnover_ratio": 1.46,
            "reinvestment_rate": 8.53,
            "research_to_sale_ratio": 17.54,
            "price_fair": 165.99,
            "eps_avg_yearly": 4.74,
            "eps_latest_yearly": 6.24,
            "eps_growth_yearly": 94.23
        },
        "20141": {
            "year_quarter": 20141,
            "year": 2014,
            "quarter": 1,
            "eps": 1.31,
            "eps_growth_year": -40.45,
            "eps_4q": 7.91,
            "eps_4q_growth_year": 88.68,
            "roe": 4.88,
            "roe_4q": 35.06,
            "gross_profit": 165959,
            "gross_margin": 63.29,
            "gross_margin_4q_avg": 57.94,
            "net_income": 67228,
            "net_income_4q": null,
            "revenue": 262200,
            "revenue_4q": null,
            "common_shares": 523340,
            "book_valuer_per_share": 25.66,
            "book_valuer_per_share_4q_avg": 23.82,
            "equity": 1412511,
            "current_ratio": 490.83,
            "debt_ratio": 23.18,
            "inventory_turnover_ratio": 1.03,
            "account_receivable_turnover_ratio": 1.52,
            "reinvestment_rate": 10.63,
            "research_to_sale_ratio": 22.76,
            "price_fair": 170.71,
            "eps_avg_yearly": 4.88,
            "eps_latest_yearly": 5.24,
            "eps_growth_yearly": 84.18
        },
        "20142": {
            "year_quarter": 20142,
            "year": 2014,
            "quarter": 2,
            "eps": 1.16,
            "eps_growth_year": -53.6,
            "eps_4q": 6.64,
            "eps_4q_growth_year": 16.14,
            "roe": 4.88,
            "roe_4q": 28.549999999999997,
            "gross_profit": 160001,
            "gross_margin": 60.7,
            "gross_margin_4q_avg": 58.2,
            "net_income": 61495,
            "net_income_4q": null,
            "revenue": 263579,
            "revenue_4q": null,
            "common_shares": 523340,
            "book_valuer_per_share": 19.82,
            "book_valuer_per_share_4q_avg": 23.24,
            "equity": 1106995,
            "current_ratio": 247.69,
            "debt_ratio": 41.04,
            "inventory_turnover_ratio": 0.9,
            "account_receivable_turnover_ratio": 1.93,
            "reinvestment_rate": 11.99,
            "research_to_sale_ratio": 24,
            "price_fair": 174.04,
            "eps_avg_yearly": 4.97,
            "eps_latest_yearly": 4.64,
            "eps_growth_yearly": 80.99
        },
        "20143": {
            "year_quarter": 20143,
            "year": 2014,
            "quarter": 3,
            "eps": 1.13,
            "eps_growth_year": -58.61,
            "eps_4q": 5.09,
            "eps_4q_growth_year": -34.49,
            "roe": 5.31,
            "roe_4q": 21.32,
            "gross_profit": 148325,
            "gross_margin": 57.87,
            "gross_margin_4q_avg": 59.17,
            "net_income": 60453,
            "net_income_4q": null,
            "revenue": 256311,
            "revenue_4q": null,
            "common_shares": 533807,
            "book_valuer_per_share": 20.56,
            "book_valuer_per_share_4q_avg": 22.6,
            "equity": 1168103,
            "current_ratio": 540.51,
            "debt_ratio": 21.73,
            "inventory_turnover_ratio": 0.73,
            "account_receivable_turnover_ratio": 1.92,
            "reinvestment_rate": 15.31,
            "research_to_sale_ratio": 23.63,
            "price_fair": 178.85,
            "eps_avg_yearly": 5.11,
            "eps_latest_yearly": 4.52,
            "eps_growth_yearly": 86.75
        },
        "20144": {
            "year_quarter": 20144,
            "year": 2014,
            "quarter": 4,
            "eps": 0.93,
            "eps_growth_year": -40.21,
            "eps_4q": 4.49,
            "eps_4q_growth_year": -47.91,
            "roe": 4.02,
            "roe_4q": 19.089999999999996,
            "gross_profit": 143059,
            "gross_margin": 62.5,
            "gross_margin_4q_avg": 61.09,
            "net_income": 47871,
            "net_income_4q": null,
            "revenue": 228878,
            "revenue_4q": null,
            "common_shares": 533807,
            "book_valuer_per_share": 21.5,
            "book_valuer_per_share_4q_avg": 21.89,
            "equity": 1216392,
            "current_ratio": 402,
            "debt_ratio": 20.97,
            "inventory_turnover_ratio": 0.5,
            "account_receivable_turnover_ratio": 1.82,
            "reinvestment_rate": 18.11,
            "research_to_sale_ratio": 25.2,
            "price_fair": 182.88,
            "eps_avg_yearly": 5.23,
            "eps_latest_yearly": 3.72,
            "eps_growth_yearly": 87.07
        },
        "20151": {
            "year_quarter": 20151,
            "year": 2015,
            "quarter": 1,
            "eps": 0.9,
            "eps_growth_year": -31.3,
            "eps_4q": 4.1,
            "eps_4q_growth_year": -48.11,
            "roe": 3.76,
            "roe_4q": 17.97,
            "gross_profit": 133855,
            "gross_margin": 59.24,
            "gross_margin_4q_avg": 60.08,
            "net_income": 46550,
            "net_income_4q": null,
            "revenue": 225961,
            "revenue_4q": null,
            "common_shares": 533807,
            "book_valuer_per_share": 22.39,
            "book_valuer_per_share_4q_avg": 21.07,
            "equity": 1262567,
            "current_ratio": 450.95,
            "debt_ratio": 18.73,
            "inventory_turnover_ratio": 0.54,
            "account_receivable_turnover_ratio": 2.05,
            "reinvestment_rate": 18.52,
            "research_to_sale_ratio": 24.81,
            "price_fair": 179.64,
            "eps_avg_yearly": 5.13,
            "eps_latest_yearly": 3.6,
            "eps_growth_yearly": 43.71
        },
        "20152": {
            "year_quarter": 20152,
            "year": 2015,
            "quarter": 2,
            "eps": 1.43,
            "eps_growth_year": 23.28,
            "eps_4q": 4.26,
            "eps_4q_growth_year": -35.78,
            "roe": 6.19,
            "roe_4q": 19.279999999999998,
            "gross_profit": 172214,
            "gross_margin": 57.18,
            "gross_margin_4q_avg": 59.2,
            "net_income": 73358,
            "net_income_4q": null,
            "revenue": 301161,
            "revenue_4q": null,
            "common_shares": 533807,
            "book_valuer_per_share": 19.51,
            "book_valuer_per_share_4q_avg": 20.99,
            "equity": 1105925,
            "current_ratio": 259.06,
            "debt_ratio": 34.27,
            "inventory_turnover_ratio": 0.84,
            "account_receivable_turnover_ratio": 2.52,
            "reinvestment_rate": 9.04,
            "research_to_sale_ratio": 20.27,
            "price_fair": 175.18,
            "eps_avg_yearly": 5.01,
            "eps_latest_yearly": 5.72,
            "eps_growth_yearly": 45.24
        },
        "20153": {
            "year_quarter": 20153,
            "year": 2015,
            "quarter": 3,
            "eps": 0.88,
            "eps_growth_year": -22.12,
            "eps_4q": 4.04,
            "eps_4q_growth_year": -20.55,
            "roe": 4.29,
            "roe_4q": 18.259999999999998,
            "gross_profit": 119681,
            "gross_margin": 57.79,
            "gross_margin_4q_avg": 59.18,
            "net_income": 48542,
            "net_income_4q": null,
            "revenue": 207095,
            "revenue_4q": null,
            "common_shares": 549821,
            "book_valuer_per_share": 19.84,
            "book_valuer_per_share_4q_avg": 20.81,
            "equity": 1156228,
            "current_ratio": 418.28,
            "debt_ratio": 20.91,
            "inventory_turnover_ratio": 0.55,
            "account_receivable_turnover_ratio": 1.7,
            "reinvestment_rate": 9.46,
            "research_to_sale_ratio": 25.17,
            "price_fair": 169.49,
            "eps_avg_yearly": 4.84,
            "eps_latest_yearly": 3.52,
            "eps_growth_yearly": 40.91
        },
        "20154": {
            "year_quarter": 20154,
            "year": 2015,
            "quarter": 4,
            "eps": 0.97,
            "eps_growth_year": 3.55,
            "eps_4q": 4.1,
            "eps_4q_growth_year": -8.63,
            "roe": 4.47,
            "roe_4q": 18.71,
            "gross_profit": 141217,
            "gross_margin": 52.82,
            "gross_margin_4q_avg": 56.76,
            "net_income": 52761,
            "net_income_4q": null,
            "revenue": 267333,
            "revenue_4q": null,
            "common_shares": 549821,
            "book_valuer_per_share": 20.77,
            "book_valuer_per_share_4q_avg": 20.63,
            "equity": 1206888,
            "current_ratio": 458.17,
            "debt_ratio": 20.97,
            "inventory_turnover_ratio": 0.81,
            "account_receivable_turnover_ratio": 2.24,
            "reinvestment_rate": -1.36,
            "research_to_sale_ratio": 21.48,
            "price_fair": 175.26,
            "eps_avg_yearly": 5.01,
            "eps_latest_yearly": 3.88,
            "eps_growth_yearly": 63.4
        },
        "20161": {
            "year_quarter": 20161,
            "year": 2016,
            "quarter": 1,
            "eps": 0.98,
            "eps_growth_year": 8.89,
            "eps_4q": 4.21,
            "eps_4q_growth_year": 2.51,
            "roe": 4.41,
            "roe_4q": 19.36,
            "gross_profit": 147201,
            "gross_margin": 51.94,
            "gross_margin_4q_avg": 54.93,
            "net_income": 54363,
            "net_income_4q": null,
            "revenue": 283402,
            "revenue_4q": null,
            "common_shares": 549821,
            "book_valuer_per_share": 21.75,
            "book_valuer_per_share_4q_avg": 20.47,
            "equity": 1260762,
            "current_ratio": 531.43,
            "debt_ratio": 18.25,
            "inventory_turnover_ratio": 0.87,
            "account_receivable_turnover_ratio": 2.08,
            "reinvestment_rate": -3.58,
            "research_to_sale_ratio": 20.63,
            "price_fair": 180.86,
            "eps_avg_yearly": 5.17,
            "eps_latest_yearly": 3.92,
            "eps_growth_yearly": 61.24
        },
        "20162": {
            "year_quarter": 20162,
            "year": 2016,
            "quarter": 2,
            "eps": 0.9,
            "eps_growth_year": -37.06,
            "eps_4q": 3.62,
            "eps_4q_growth_year": -15.15,
            "roe": 4.33,
            "roe_4q": 17.5,
            "gross_profit": 141219,
            "gross_margin": 45.64,
            "gross_margin_4q_avg": 52.05,
            "net_income": 51290,
            "net_income_4q": null,
            "revenue": 309426,
            "revenue_4q": null,
            "common_shares": 549821,
            "book_valuer_per_share": 18.98,
            "book_valuer_per_share_4q_avg": 20.34,
            "equity": 1108674,
            "current_ratio": 291.11,
            "debt_ratio": 33.44,
            "inventory_turnover_ratio": 0.77,
            "account_receivable_turnover_ratio": 2.06,
            "reinvestment_rate": -4.77,
            "research_to_sale_ratio": 19.04,
            "price_fair": 184.45,
            "eps_avg_yearly": 5.27,
            "eps_latest_yearly": 3.6,
            "eps_growth_yearly": 48.17
        },
        "20163": {
            "year_quarter": 20163,
            "year": 2016,
            "quarter": 3,
            "eps": 0.83,
            "eps_growth_year": -5.68,
            "eps_4q": 3.6,
            "eps_4q_growth_year": -10.98,
            "roe": 4.17,
            "roe_4q": 17.38,
            "gross_profit": 142646,
            "gross_margin": 43.71,
            "gross_margin_4q_avg": 48.53,
            "net_income": 47167,
            "net_income_4q": null,
            "revenue": 326339,
            "revenue_4q": null,
            "common_shares": 571814,
            "book_valuer_per_share": 19.07,
            "book_valuer_per_share_4q_avg": 20.14,
            "equity": 1155139,
            "current_ratio": 461.85,
            "debt_ratio": 21.01,
            "inventory_turnover_ratio": 0.65,
            "account_receivable_turnover_ratio": 1.94,
            "reinvestment_rate": -15.31,
            "research_to_sale_ratio": 18.07,
            "price_fair": 185.33,
            "eps_avg_yearly": 5.3,
            "eps_latest_yearly": 3.32,
            "eps_growth_yearly": 33.98
        },
        "20164": {
            "year_quarter": 20164,
            "year": 2016,
            "quarter": 4,
            "eps": 0.79,
            "eps_growth_year": -18.58,
            "eps_4q": 3.46,
            "eps_4q_growth_year": -15.76,
            "roe": 3.84,
            "roe_4q": 16.75,
            "gross_profit": 134320,
            "gross_margin": 42.57,
            "gross_margin_4q_avg": 45.97,
            "net_income": 45211,
            "net_income_4q": null,
            "revenue": 315558,
            "revenue_4q": null,
            "common_shares": 571814,
            "book_valuer_per_share": 19.83,
            "book_valuer_per_share_4q_avg": 19.91,
            "equity": 1198877,
            "current_ratio": 462.58,
            "debt_ratio": 20.61,
            "inventory_turnover_ratio": 0.59,
            "account_receivable_turnover_ratio": 1.97,
            "reinvestment_rate": -16.26,
            "research_to_sale_ratio": 20.86,
            "price_fair": 185.5,
            "eps_avg_yearly": 5.3,
            "eps_latest_yearly": 3.16,
            "eps_growth_yearly": 31.41
        },
        "20171": {
            "year_quarter": 20171,
            "year": 2017,
            "quarter": 1,
            "eps": 0.88,
            "eps_growth_year": -10.2,
            "eps_4q": 3.4,
            "eps_4q_growth_year": -19.21,
            "roe": 4.11,
            "roe_4q": 16.450000000000003,
            "gross_profit": 156687,
            "gross_margin": 56.84,
            "gross_margin_4q_avg": 47.19,
            "net_income": 50248,
            "net_income_4q": null,
            "revenue": 275644,
            "revenue_4q": null,
            "common_shares": 571814,
            "book_valuer_per_share": 20.7,
            "book_valuer_per_share_4q_avg": 19.65,
            "equity": 1247865,
            "current_ratio": 566.85,
            "debt_ratio": 16.84,
            "inventory_turnover_ratio": 0.36,
            "account_receivable_turnover_ratio": 2.05,
            "reinvestment_rate": -1.98,
            "research_to_sale_ratio": 22.9,
            "price_fair": 14.91,
            "eps_avg_yearly": 4.97,
            "eps_latest_yearly": 3.52,
            "eps_growth_yearly": -12.17
        },
        "20172": {
            "year_quarter": 20172,
            "year": 2017,
            "quarter": 2,
            "eps": 1.02,
            "eps_growth_year": 13.33,
            "eps_4q": 3.42,
            "eps_4q_growth_year": -5.4,
            "roe": 5.07,
            "roe_4q": 17.189999999999998,
            "gross_profit": 157762,
            "gross_margin": 55.97,
            "gross_margin_4q_avg": 49.77,
            "net_income": 59456,
            "net_income_4q": null,
            "revenue": 281863,
            "revenue_4q": null,
            "common_shares": 571814,
            "book_valuer_per_share": 18.06,
            "book_valuer_per_share_4q_avg": 19.42,
            "equity": 1095804,
            "current_ratio": 297.02,
            "debt_ratio": 31.05,
            "inventory_turnover_ratio": 0.34,
            "account_receivable_turnover_ratio": 2.01,
            "reinvestment_rate": 5.04,
            "research_to_sale_ratio": 22.87,
            "price_fair": 13.8,
            "eps_avg_yearly": 4.6,
            "eps_latest_yearly": 4.08,
            "eps_growth_yearly": -11.6
        },
        "20173": {
            "year_quarter": 20173,
            "year": 2017,
            "quarter": 3,
            "eps": 1.06,
            "eps_growth_year": 27.71,
            "eps_4q": 3.69,
            "eps_4q_growth_year": 2.42,
            "roe": 5.8,
            "roe_4q": 18.82,
            "gross_profit": 162290,
            "gross_margin": 52.89,
            "gross_margin_4q_avg": 52.07,
            "net_income": 65405,
            "net_income_4q": null,
            "revenue": 306835,
            "revenue_4q": null,
            "common_shares": 594687,
            "book_valuer_per_share": 18.42,
            "book_valuer_per_share_4q_avg": 19.25,
            "equity": 1161120,
            "current_ratio": 455.64,
            "debt_ratio": 19.96,
            "inventory_turnover_ratio": 0.38,
            "account_receivable_turnover_ratio": 1.88,
            "reinvestment_rate": 5.29,
            "research_to_sale_ratio": 20.3,
            "price_fair": 12.55,
            "eps_avg_yearly": 4.18,
            "eps_latest_yearly": 4.24,
            "eps_growth_yearly": -12.92
        },
        "20174": {
            "year_quarter": 20174,
            "year": 2017,
            "quarter": 4,
            "eps": 0.58,
            "eps_growth_year": -26.02,
            "eps_4q": 3.51,
            "eps_4q_growth_year": 1.59,
            "roe": 3.04,
            "roe_4q": 18.02,
            "gross_profit": 151708,
            "gross_margin": 53.52,
            "gross_margin_4q_avg": 54.81,
            "net_income": 35837,
            "net_income_4q": null,
            "revenue": 283467,
            "revenue_4q": null,
            "common_shares": 594687,
            "book_valuer_per_share": 18.97,
            "book_valuer_per_share_4q_avg": 19.04,
            "equity": 1194472,
            "current_ratio": 509.17,
            "debt_ratio": 18.06,
            "inventory_turnover_ratio": 0.35,
            "account_receivable_turnover_ratio": 1.74,
            "reinvestment_rate": -0.24,
            "research_to_sale_ratio": 27.23,
            "price_fair": 11.81,
            "eps_avg_yearly": 3.94,
            "eps_latest_yearly": 2.32,
            "eps_growth_yearly": -13.53
        },
        "20181": {
            "year_quarter": 20181,
            "year": 2018,
            "quarter": 1,
            "eps": 0.77,
            "eps_growth_year": -12.5,
            "eps_4q": 3.43,
            "eps_4q_growth_year": 0.96,
            "roe": 3.64,
            "roe_4q": 17.55,
            "gross_profit": 142639,
            "gross_margin": 49.77,
            "gross_margin_4q_avg": 53.04,
            "net_income": 44312,
            "net_income_4q": null,
            "revenue": 286616,
            "revenue_4q": null,
            "common_shares": 594687,
            "book_valuer_per_share": 19.73,
            "book_valuer_per_share_4q_avg": 18.8,
            "equity": 1238429,
            "current_ratio": 562.93,
            "debt_ratio": 16.18,
            "inventory_turnover_ratio": 0.44,
            "account_receivable_turnover_ratio": 1.88,
            "reinvestment_rate": -14.44,
            "research_to_sale_ratio": 21.21,
            "price_fair": 11.41,
            "eps_avg_yearly": 3.8,
            "eps_latest_yearly": 3.08,
            "eps_growth_yearly": -1.33
        },
        "20182": {
            "year_quarter": 20182,
            "year": 2018,
            "quarter": 2,
            "eps": 0.79,
            "eps_growth_year": -22.55,
            "eps_4q": 3.21,
            "eps_4q_growth_year": -6.26,
            "roe": 4.1,
            "roe_4q": 16.580000000000002,
            "gross_profit": 131133,
            "gross_margin": 52.5,
            "gross_margin_4q_avg": 52.17,
            "net_income": 46748,
            "net_income_4q": null,
            "revenue": 249798,
            "revenue_4q": null,
            "common_shares": 594687,
            "book_valuer_per_share": 16.43,
            "book_valuer_per_share_4q_avg": 18.39,
            "equity": 1042053,
            "current_ratio": 285.24,
            "debt_ratio": 31.69,
            "inventory_turnover_ratio": 0.43,
            "account_receivable_turnover_ratio": 1.73,
            "reinvestment_rate": -15.58,
            "research_to_sale_ratio": 26.3,
            "price_fair": 45.18,
            "eps_avg_yearly": 3.71,
            "eps_latest_yearly": 3.16,
            "eps_growth_yearly": 2.18
        },
        "20183": {
            "year_quarter": 20183,
            "year": 2018,
            "quarter": 3,
            "eps": 1.05,
            "eps_growth_year": -0.94,
            "eps_4q": 3.2,
            "eps_4q_growth_year": -13.29,
            "roe": 5.84,
            "roe_4q": 16.62,
            "gross_profit": 164703,
            "gross_margin": 61.11,
            "gross_margin_4q_avg": 54.23,
            "net_income": 62683,
            "net_income_4q": null,
            "revenue": 269525,
            "revenue_4q": null,
            "common_shares": 594687,
            "book_valuer_per_share": 17.48,
            "book_valuer_per_share_4q_avg": 18.15,
            "equity": 1104769,
            "current_ratio": 519.3,
            "debt_ratio": 16.91,
            "inventory_turnover_ratio": 0.41,
            "account_receivable_turnover_ratio": 1.76,
            "reinvestment_rate": -19.8,
            "research_to_sale_ratio": 23.7,
            "price_fair": 77.68,
            "eps_avg_yearly": 3.69,
            "eps_latest_yearly": 4.2,
            "eps_growth_yearly": 11.05
        },
        "20184": {
            "year_quarter": 20184,
            "year": 2018,
            "quarter": 4,
            "eps": 0.71,
            "eps_growth_year": 21.96,
            "eps_4q": 3.32,
            "eps_4q_growth_year": -5.33,
            "roe": 3.63,
            "roe_4q": 17.209999999999997,
            "gross_profit": 158061,
            "gross_margin": 58.32,
            "gross_margin_4q_avg": 55.43,
            "net_income": 41122,
            "net_income_4q": null,
            "revenue": 271014,
            "revenue_4q": null,
            "common_shares": 594687,
            "book_valuer_per_share": 18.17,
            "book_valuer_per_share_4q_avg": 17.95,
            "equity": 1162323,
            "current_ratio": 471.21,
            "debt_ratio": 18.58,
            "inventory_turnover_ratio": 0.46,
            "account_receivable_turnover_ratio": 1.63,
            "reinvestment_rate": -23.52,
            "research_to_sale_ratio": 28.09,
            "price_fair": 63.18,
            "eps_avg_yearly": 3.64,
            "eps_latest_yearly": 2.84,
            "eps_growth_yearly": 7.38
        },
        "20191": {
            "year_quarter": 20191,
            "year": 2019,
            "quarter": 1,
            "eps": 1.04,
            "eps_growth_year": 35.06,
            "eps_4q": 3.6,
            "eps_4q_growth_year": 4.84,
            "roe": 4.82,
            "roe_4q": 18.39,
            "gross_profit": 165911,
            "gross_margin": 59.38,
            "gross_margin_4q_avg": 57.83,
            "net_income": 57793,
            "net_income_4q": null,
            "revenue": 279423,
            "revenue_4q": null,
            "common_shares": 594687,
            "book_valuer_per_share": 19.3,
            "book_valuer_per_share_4q_avg": 17.85,
            "equity": 1234500,
            "current_ratio": 475.06,
            "debt_ratio": 21,
            "inventory_turnover_ratio": 0.48,
            "account_receivable_turnover_ratio": 1.81,
            "reinvestment_rate": -22.84,
            "research_to_sale_ratio": 25.11,
            "price_fair": 109.39,
            "eps_avg_yearly": 3.67,
            "eps_latest_yearly": 4.16,
            "eps_growth_yearly": 19.81
        },
        "20192": {
            "year_quarter": 20192,
            "year": 2019,
            "quarter": 2,
            "eps": 0.99,
            "eps_growth_year": 25.32,
            "eps_4q": 3.8,
            "eps_4q_growth_year": 18.41,
            "roe": 4.62,
            "roe_4q": 18.91,
            "gross_profit": 158272,
            "gross_margin": 56.19,
            "gross_margin_4q_avg": 58.75,
            "net_income": 53731,
            "net_income_4q": null,
            "revenue": 281670,
            "revenue_4q": null,
            "common_shares": 594687,
            "book_valuer_per_share": 16.99,
            "book_valuer_per_share_4q_avg": 17.99,
            "equity": 1091645,
            "current_ratio": 283.2,
            "debt_ratio": 32.85,
            "inventory_turnover_ratio": 0.52,
            "account_receivable_turnover_ratio": 1.84,
            "reinvestment_rate": -17.19,
            "research_to_sale_ratio": 26.42,
            "price_fair": 49.43,
            "eps_avg_yearly": 3.56,
            "eps_latest_yearly": 3.96,
            "eps_growth_yearly": 3.88
        },
        "20193": {
            "year_quarter": 20193,
            "year": 2019,
            "quarter": 3,
            "eps": 0.93,
            "eps_growth_year": -11.43,
            "eps_4q": 3.68,
            "eps_4q_growth_year": 15.1,
            "roe": 4.69,
            "roe_4q": 17.76,
            "gross_profit": 162724,
            "gross_margin": 55.66,
            "gross_margin_4q_avg": 57.39,
            "net_income": 52412,
            "net_income_4q": null,
            "revenue": 292348,
            "revenue_4q": null,
            "common_shares": 594687,
            "book_valuer_per_share": 17.91,
            "book_valuer_per_share_4q_avg": 18.09,
            "equity": 1142915,
            "current_ratio": 441.26,
            "debt_ratio": 22.03,
            "inventory_turnover_ratio": 0.53,
            "account_receivable_turnover_ratio": 1.66,
            "reinvestment_rate": -17.14,
            "research_to_sale_ratio": 24.19,
            "price_fair": 78.54,
            "eps_avg_yearly": 3.57,
            "eps_latest_yearly": 3.72,
            "eps_growth_yearly": 11.98
        },
        "20194": {
            "year_quarter": 20194,
            "year": 2019,
            "quarter": 4,
            "eps": 0.33,
            "eps_growth_year": -54.23,
            "eps_4q": 3.29,
            "eps_4q_growth_year": -0.93,
            "roe": 0.76,
            "roe_4q": 14.89,
            "gross_profit": 169453,
            "gross_margin": 57.72,
            "gross_margin_4q_avg": 57.24,
            "net_income": 8764,
            "net_income_4q": null,
            "revenue": 293593,
            "revenue_4q": null,
            "common_shares": 594687,
            "book_valuer_per_share": 18.19,
            "book_valuer_per_share_4q_avg": 18.1,
            "equity": 1148887,
            "current_ratio": 450.34,
            "debt_ratio": 22.38,
            "inventory_turnover_ratio": 0.5,
            "account_receivable_turnover_ratio": 1.54,
            "reinvestment_rate": -4.8,
            "research_to_sale_ratio": 22.97,
            "price_fair": 10.24,
            "eps_avg_yearly": 3.41,
            "eps_latest_yearly": 1.32,
            "eps_growth_yearly": -6.7
        },
        "20201": {
            "year_quarter": 20201,
            "year": 2020,
            "quarter": 1,
            "eps": 1.07,
            "eps_growth_year": 2.88,
            "eps_4q": 3.32,
            "eps_4q_growth_year": -7.64,
            "roe": 5.87,
            "roe_4q": 15.940000000000001,
            "gross_profit": 164101,
            "gross_margin": 56.88,
            "gross_margin_4q_avg": 56.61,
            "net_income": 63505,
            "net_income_4q": null,
            "revenue": 288504,
            "revenue_4q": null,
            "common_shares": 594687,
            "book_valuer_per_share": 15.97,
            "book_valuer_per_share_4q_avg": 17.27,
            "equity": 1016425,
            "current_ratio": 280.2,
            "debt_ratio": 34.08,
            "inventory_turnover_ratio": 0.52,
            "account_receivable_turnover_ratio": 1.49,
            "reinvestment_rate": -2,
            "research_to_sale_ratio": 22.3,
            "price_fair": 120.23,
            "eps_avg_yearly": 3.44,
            "eps_latest_yearly": 4.28,
            "eps_growth_yearly": 49.1
        },
        "20202": {
            "year_quarter": 20202,
            "year": 2020,
            "quarter": 2,
            "eps": 1.27,
            "eps_growth_year": 28.28,
            "eps_4q": 3.6,
            "eps_4q_growth_year": -5.24,
            "roe": 7.21,
            "roe_4q": 18.53,
            "gross_profit": 183076,
            "gross_margin": 55.29,
            "gross_margin_4q_avg": 56.39,
            "net_income": 75993,
            "net_income_4q": null,
            "revenue": 331094,
            "revenue_4q": null,
            "common_shares": 594687,
            "book_valuer_per_share": 17.23,
            "book_valuer_per_share_4q_avg": 17.33,
            "equity": 1092027,
            "current_ratio": 274.91,
            "debt_ratio": 34.87,
            "inventory_turnover_ratio": 0.59,
            "account_receivable_turnover_ratio": 1.71,
            "reinvestment_rate": -1.16,
            "research_to_sale_ratio": 19.67,
            "price_fair": 123.46,
            "eps_avg_yearly": 3.53,
            "eps_latest_yearly": 5.08,
            "eps_growth_yearly": 55.81
        },
        "20203": {
            "year_quarter": 20203,
            "year": 2020,
            "quarter": 3,
            "eps": 0.96,
            "eps_growth_year": 3.23,
            "eps_4q": 3.62,
            "eps_4q_growth_year": -1.54,
            "roe": 5.19,
            "roe_4q": 19.03,
            "gross_profit": 161697,
            "gross_margin": 51.12,
            "gross_margin_4q_avg": 55.25,
            "net_income": 58180,
            "net_income_4q": null,
            "revenue": 316311,
            "revenue_4q": null,
            "common_shares": 594687,
            "book_valuer_per_share": 18.18,
            "book_valuer_per_share_4q_avg": 17.39,
            "equity": 1149831,
            "current_ratio": 398.24,
            "debt_ratio": 24.72,
            "inventory_turnover_ratio": 0.51,
            "account_receivable_turnover_ratio": 1.57,
            "reinvestment_rate": -1.06,
            "research_to_sale_ratio": 20.34,
            "price_fair": 124.6,
            "eps_avg_yearly": 3.56,
            "eps_latest_yearly": 3.84,
            "eps_growth_yearly": 51.66
        },
        "20204": {
            "year_quarter": 20204,
            "year": 2020,
            "quarter": 4,
            "eps": 0.58,
            "eps_growth_year": 79.29,
            "eps_4q": 3.88,
            "eps_4q_growth_year": 17.81,
            "roe": 2.91,
            "roe_4q": 21.180000000000003,
            "gross_profit": 135691,
            "gross_margin": 47.04,
            "gross_margin_4q_avg": 52.58,
            "net_income": 33965,
            "net_income_4q": null,
            "revenue": 288489,
            "revenue_4q": null,
            "common_shares": 594687,
            "book_valuer_per_share": 18.74,
            "book_valuer_per_share_4q_avg": 17.53,
            "equity": 1181875,
            "current_ratio": 431.96,
            "debt_ratio": 23.65,
            "inventory_turnover_ratio": 0.43,
            "account_receivable_turnover_ratio": 1.47,
            "reinvestment_rate": -5.9,
            "research_to_sale_ratio": 22.88,
            "price_fair": 122.76,
            "eps_avg_yearly": 3.51,
            "eps_latest_yearly": 2.32,
            "eps_growth_yearly": 42.97
        },
        "20211": {
            "year_quarter": 20211,
            "year": 2021,
            "quarter": 1,
            "eps": 1.17,
            "eps_growth_year": 9.35,
            "eps_4q": 3.97,
            "eps_4q_growth_year": 19.56,
            "roe": 6.22,
            "roe_4q": 21.53,
            "gross_profit": 168257,
            "gross_margin": 50.12,
            "gross_margin_4q_avg": 50.89,
            "net_income": 69903,
            "net_income_4q": null,
            "revenue": 335737,
            "revenue_4q": null,
            "common_shares": 594687,
            "book_valuer_per_share": 16.75,
            "book_valuer_per_share_4q_avg": 17.73,
            "equity": 1064584,
            "current_ratio": 295.97,
            "debt_ratio": 33.3,
            "inventory_turnover_ratio": 0.45,
            "account_receivable_turnover_ratio": 1.67,
            "reinvestment_rate": -5.83,
            "research_to_sale_ratio": 18.49,
            "price_fair": 125.3,
            "eps_avg_yearly": 3.58,
            "eps_latest_yearly": 4.68,
            "eps_growth_yearly": 65.55
        },
        "20212": {
            "year_quarter": 20212,
            "year": 2021,
            "quarter": 2,
            "eps": 2.1,
            "eps_growth_year": 65.35,
            "eps_4q": 4.81,
            "eps_4q_growth_year": 33.63,
            "roe": 11.09,
            "roe_4q": 25.41,
            "gross_profit": 254345,
            "gross_margin": 55.44,
            "gross_margin_4q_avg": 50.93,
            "net_income": 125028,
            "net_income_4q": null,
            "revenue": 458748,
            "revenue_4q": null,
            "common_shares": 594687,
            "book_valuer_per_share": 18.85,
            "book_valuer_per_share_4q_avg": 18.13,
            "equity": 1189215,
            "current_ratio": 298.62,
            "debt_ratio": 33.94,
            "inventory_turnover_ratio": 0.56,
            "account_receivable_turnover_ratio": 1.68,
            "reinvestment_rate": -11.01,
            "research_to_sale_ratio": 16.31,
            "price_fair": 134.75,
            "eps_avg_yearly": 3.85,
            "eps_latest_yearly": 8.4,
            "eps_growth_yearly": 81.44
        },
        "20213": {
            "year_quarter": 20213,
            "year": 2021,
            "quarter": 3,
            "eps": 1.86,
            "eps_growth_year": 93.75,
            "eps_4q": 5.6,
            "eps_4q_growth_year": 54.54,
            "roe": 9.17,
            "roe_4q": 29.389999999999997,
            "gross_profit": 244384,
            "gross_margin": 53.21,
            "gross_margin_4q_avg": 51.45,
            "net_income": 114352,
            "net_income_4q": null,
            "revenue": 459320,
            "revenue_4q": null,
            "common_shares": 612528,
            "book_valuer_per_share": 20.16,
            "book_valuer_per_share_4q_avg": 18.63,
            "equity": 1303674,
            "current_ratio": 408.1,
            "debt_ratio": 24.86,
            "inventory_turnover_ratio": 0.59,
            "account_receivable_turnover_ratio": 1.43,
            "reinvestment_rate": -10.2,
            "research_to_sale_ratio": 16.17,
            "price_fair": 141.75,
            "eps_avg_yearly": 4.05,
            "eps_latest_yearly": 7.44,
            "eps_growth_yearly": 77.61
        },
        "20214": {
            "year_quarter": 20214,
            "year": 2021,
            "quarter": 4,
            "eps": 1.05,
            "eps_growth_year": 80.03,
            "eps_4q": 6.08,
            "eps_4q_growth_year": 56.73,
            "roe": 4.76,
            "roe_4q": 31.24,
            "gross_profit": 176779,
            "gross_margin": 48.91,
            "gross_margin_4q_avg": 51.92,
            "net_income": 63551,
            "net_income_4q": null,
            "revenue": 361461,
            "revenue_4q": null,
            "common_shares": 612528,
            "book_valuer_per_share": 21.2,
            "book_valuer_per_share_4q_avg": 19.24,
            "equity": 1366442,
            "current_ratio": 398.9,
            "debt_ratio": 25.2,
            "inventory_turnover_ratio": 0.47,
            "account_receivable_turnover_ratio": 1.26,
            "reinvestment_rate": -9.94,
            "research_to_sale_ratio": 19.49,
            "price_fair": 145.86,
            "eps_avg_yearly": 4.17,
            "eps_latest_yearly": 4.2,
            "eps_growth_yearly": 78.04
        },
        "20221": {
            "year_quarter": 20221,
            "year": 2022,
            "quarter": 1,
            "eps": 2.22,
            "eps_growth_year": 89.74,
            "eps_4q": 7.16,
            "eps_4q_growth_year": 80.31,
            "roe": 10.71,
            "roe_4q": 35.730000000000004,
            "gross_profit": 264271,
            "gross_margin": 55.23,
            "gross_margin_4q_avg": 53.2,
            "net_income": 137370,
            "net_income_4q": null,
            "revenue": 478492,
            "revenue_4q": null,
            "common_shares": 612528,
            "book_valuer_per_share": 18.42,
            "book_valuer_per_share_4q_avg": 19.66,
            "equity": 1198213,
            "current_ratio": 246,
            "debt_ratio": 40.09,
            "inventory_turnover_ratio": 0.48,
            "account_receivable_turnover_ratio": 1.71,
            "reinvestment_rate": 0.05,
            "research_to_sale_ratio": 16.06,
            "price_fair": 158.55,
            "eps_avg_yearly": 4.53,
            "eps_latest_yearly": 8.88,
            "eps_growth_yearly": 97.71
        },
        "20222": {
            "year_quarter": 20222,
            "year": 2022,
            "quarter": 2,
            "eps": 1.52,
            "eps_growth_year": -27.62,
            "eps_4q": 6.4,
            "eps_4q_growth_year": 33.02,
            "roe": 7.6,
            "roe_4q": 32.24,
            "gross_profit": 214774,
            "gross_margin": 53.01,
            "gross_margin_4q_avg": 52.59,
            "net_income": 94731,
            "net_income_4q": null,
            "revenue": 405152,
            "revenue_4q": null,
            "common_shares": 612528,
            "book_valuer_per_share": 19.96,
            "book_valuer_per_share_4q_avg": 19.94,
            "equity": 1293825,
            "current_ratio": 260.75,
            "debt_ratio": 37.9,
            "inventory_turnover_ratio": 0.39,
            "account_receivable_turnover_ratio": 1.35,
            "reinvestment_rate": -0.54,
            "research_to_sale_ratio": 18.31,
            "price_fair": 164.94,
            "eps_avg_yearly": 4.71,
            "eps_latest_yearly": 6.08,
            "eps_growth_yearly": 89.17
        },
        "20223": {
            "year_quarter": 20223,
            "year": 2022,
            "quarter": 3,
            "eps": 0.84,
            "eps_growth_year": -54.84,
            "eps_4q": 5.45,
            "eps_4q_growth_year": -2.59,
            "roe": 4.1,
            "roe_4q": 27.17,
            "gross_profit": 146622,
            "gross_margin": 53.19,
            "gross_margin_4q_avg": 52.59,
            "net_income": 54199,
            "net_income_4q": null,
            "revenue": 275649,
            "revenue_4q": null,
            "common_shares": 637029,
            "book_valuer_per_share": 20.05,
            "book_valuer_per_share_4q_avg": 19.91,
            "equity": 1349591,
            "current_ratio": 408.24,
            "debt_ratio": 23.01,
            "inventory_turnover_ratio": 0.22,
            "account_receivable_turnover_ratio": 1.21,
            "reinvestment_rate": -0.5,
            "research_to_sale_ratio": 23.88,
            "price_fair": 163.1,
            "eps_avg_yearly": 4.66,
            "eps_latest_yearly": 3.36,
            "eps_growth_yearly": 69.76
        },
        "20224": {
            "year_quarter": 20224,
            "year": 2022,
            "quarter": 4,
            "eps": 0.68,
            "eps_growth_year": -35.54,
            "eps_4q": 5.12,
            "eps_4q_growth_year": -15.81,
            "roe": 2.94,
            "roe_4q": 25.35,
            "gross_profit": 140238,
            "gross_margin": 54,
            "gross_margin_4q_avg": 53.86,
            "net_income": 40250,
            "net_income_4q": null,
            "revenue": 259697,
            "revenue_4q": null,
            "common_shares": 637029,
            "book_valuer_per_share": 20.76,
            "book_valuer_per_share_4q_avg": 19.8,
            "equity": 1391787,
            "current_ratio": 448.96,
            "debt_ratio": 20.82,
            "inventory_turnover_ratio": 0.18,
            "account_receivable_turnover_ratio": 1.75,
            "reinvestment_rate": -0.56,
            "research_to_sale_ratio": 25.34,
            "price_fair": 162.84,
            "eps_avg_yearly": 4.65,
            "eps_latest_yearly": 2.72,
            "eps_growth_yearly": 73.1
        },
        "20231": {
            "year_quarter": 20231,
            "year": 2023,
            "quarter": 1,
            "eps": null,
            "eps_growth_year": null,
            "eps_4q": null,
            "eps_4q_growth_year": null,
            "roe": null,
            "roe_4q": 14.639999999999999,
            "gross_profit": null,
            "gross_margin": null,
            "gross_margin_4q_avg": 40.05,
            "net_income": null,
            "net_income_4q": null,
            "revenue": null,
            "revenue_4q": null,
            "common_shares": 637029,
            "book_valuer_per_share": 17.14,
            "book_valuer_per_share_4q_avg": 19.48,
            "equity": 1159016,
            "current_ratio": 246.12,
            "debt_ratio": 38.72,
            "inventory_turnover_ratio": null,
            "account_receivable_turnover_ratio": null,
            "reinvestment_rate": null,
            "research_to_sale_ratio": null,
            "price_fair": 163.99,
            "eps_avg_yearly": 4.69,
            "eps_latest_yearly": 2.72,
            "eps_growth_yearly": 65.57
        },
        "20232": {
            "year_quarter": 20232,
            "year": 2023,
            "quarter": 2,
            "eps": 0.92,
            "eps_growth_year": -39.47,
            "eps_4q": null,
            "eps_4q_growth_year": null,
            "roe": 4.79,
            "roe_4q": 11.83,
            "gross_profit": 150630,
            "gross_margin": 48.59,
            "gross_margin_4q_avg": 38.95,
            "net_income": 56924,
            "net_income_4q": null,
            "revenue": 310023,
            "revenue_4q": null,
            "common_shares": 637029,
            "book_valuer_per_share": 18.06,
            "book_valuer_per_share_4q_avg": 19,
            "equity": 1216407,
            "current_ratio": 252.98,
            "debt_ratio": 37.89,
            "inventory_turnover_ratio": 0.2,
            "account_receivable_turnover_ratio": 1.75,
            "reinvestment_rate": null,
            "research_to_sale_ratio": 21.07,
            "price_fair": 165.8,
            "eps_avg_yearly": 4.74,
            "eps_latest_yearly": 2.72,
            "eps_growth_yearly": 71.63
        },
        "20233": {
            "year_quarter": 20233,
            "year": 2023,
            "quarter": 3,
            "eps": 0.25,
            "eps_growth_year": -70.24,
            "eps_4q": null,
            "eps_4q_growth_year": null,
            "roe": 1.23,
            "roe_4q": 8.959999999999999,
            "gross_profit": 91880,
            "gross_margin": 37.42,
            "gross_margin_4q_avg": 35,
            "net_income": 15062,
            "net_income_4q": null,
            "revenue": 245558,
            "revenue_4q": null,
            "common_shares": 637029,
            "book_valuer_per_share": 18.31,
            "book_valuer_per_share_4q_avg": 18.57,
            "equity": 1232248,
            "current_ratio": 397.68,
            "debt_ratio": 24.66,
            "inventory_turnover_ratio": 0.19,
            "account_receivable_turnover_ratio": 1.64,
            "reinvestment_rate": null,
            "research_to_sale_ratio": 23.75,
            "price_fair": 159,
            "eps_avg_yearly": 4.54,
            "eps_latest_yearly": 1,
            "eps_growth_yearly": 52.56
        },
        "20234": {
            "year_quarter": 20234,
            "year": 2023,
            "quarter": 4,
            "eps": -1.27,
            "eps_growth_year": -287.68,
            "eps_4q": null,
            "eps_4q_growth_year": null,
            "roe": -6.7,
            "roe_4q": -0.6800000000000006,
            "gross_profit": -37344,
            "gross_margin": -15.31,
            "gross_margin_4q_avg": 17.68,
            "net_income": -79913,
            "net_income_4q": null,
            "revenue": 243964,
            "revenue_4q": null,
            "common_shares": 637029,
            "book_valuer_per_share": 17.03,
            "book_valuer_per_share_4q_avg": 17.64,
            "equity": 1151490,
            "current_ratio": 513.44,
            "debt_ratio": 20.37,
            "inventory_turnover_ratio": 0.39,
            "account_receivable_turnover_ratio": 1.63,
            "reinvestment_rate": null,
            "research_to_sale_ratio": 17.46,
            "price_fair": 167.68,
            "eps_avg_yearly": 4.79,
            "eps_latest_yearly": 1,
            "eps_growth_yearly": 76.45
        }
    },
    "months": {
        "2007-04": {
            "month": "2007-04",
            "price": "124.11",
            "revenue": 43578
        },
        "2007-05": {
            "month": "2007-05",
            "price": "152.48",
            "revenue": 39461
        },
        "2007-06": {
            "month": "2007-06",
            "price": "207.73",
            "revenue": 44117
        },
        "2007-07": {
            "month": "2007-07",
            "price": "162.58",
            "revenue": 49830
        },
        "2007-08": {
            "month": "2007-08",
            "price": "136.59",
            "revenue": 72048
        },
        "2007-09": {
            "month": "2007-09",
            "price": "119.17",
            "revenue": 59839
        },
        "2007-10": {
            "month": "2007-10",
            "price": "103.97",
            "revenue": 59373
        },
        "2007-11": {
            "month": "2007-11",
            "price": "92.78",
            "revenue": 58227
        },
        "2007-12": {
            "month": "2007-12",
            "price": "79.28",
            "revenue": 51466
        },
        "2008-01": {
            "month": "2008-01",
            "price": "80.39",
            "revenue": 51968
        },
        "2008-02": {
            "month": "2008-02",
            "price": "66.58",
            "revenue": 41186
        },
        "2008-03": {
            "month": "2008-03",
            "price": "68.15",
            "revenue": 49292
        },
        "2008-04": {
            "month": "2008-04",
            "price": "81.76",
            "revenue": 42375
        },
        "2008-05": {
            "month": "2008-05",
            "price": "95.20",
            "revenue": 41948
        },
        "2008-06": {
            "month": "2008-06",
            "price": "74.55",
            "revenue": 34036
        },
        "2008-07": {
            "month": "2008-07",
            "price": "58.45",
            "revenue": 37244
        },
        "2008-08": {
            "month": "2008-08",
            "price": "47.21",
            "revenue": 38008
        },
        "2008-09": {
            "month": "2008-09",
            "price": "31.08",
            "revenue": 40482
        },
        "2008-10": {
            "month": "2008-10",
            "price": "26.69",
            "revenue": 43405
        },
        "2008-11": {
            "month": "2008-11",
            "price": "21.12",
            "revenue": 36031
        },
        "2008-12": {
            "month": "2008-12",
            "price": "20.52",
            "revenue": 29728
        },
        "2009-01": {
            "month": "2009-01",
            "price": "25.15",
            "revenue": 19492
        },
        "2009-02": {
            "month": "2009-02",
            "price": "30.50",
            "revenue": 29241
        },
        "2009-03": {
            "month": "2009-03",
            "price": "37.43",
            "revenue": 40272
        },
        "2009-04": {
            "month": "2009-04",
            "price": "40.42",
            "revenue": 39270
        },
        "2009-05": {
            "month": "2009-05",
            "price": "47.04",
            "revenue": 41840
        },
        "2009-06": {
            "month": "2009-06",
            "price": "43.41",
            "revenue": 36544
        },
        "2009-07": {
            "month": "2009-07",
            "price": "45.91",
            "revenue": 44767
        },
        "2009-08": {
            "month": "2009-08",
            "price": "49.51",
            "revenue": 42928
        },
        "2009-09": {
            "month": "2009-09",
            "price": "66.97",
            "revenue": 31619
        },
        "2009-10": {
            "month": "2009-10",
            "price": "69.03",
            "revenue": 42298
        },
        "2009-11": {
            "month": "2009-11",
            "price": "71.32",
            "revenue": 24178
        },
        "2009-12": {
            "month": "2009-12",
            "price": "86.43",
            "revenue": 39812
        },
        "2010-01": {
            "month": "2010-01",
            "price": "78.53",
            "revenue": 45180
        },
        "2010-02": {
            "month": "2010-02",
            "price": "68.70",
            "revenue": 33482
        },
        "2010-03": {
            "month": "2010-03",
            "price": "79.33",
            "revenue": 58266
        },
        "2010-04": {
            "month": "2010-04",
            "price": "77.34",
            "revenue": 66075
        },
        "2010-05": {
            "month": "2010-05",
            "price": "68.50",
            "revenue": 61528
        },
        "2010-06": {
            "month": "2010-06",
            "price": "71.70",
            "revenue": 52787
        },
        "2010-07": {
            "month": "2010-07",
            "price": "75.50",
            "revenue": 57216
        },
        "2010-08": {
            "month": "2010-08",
            "price": "85.80",
            "revenue": 57959
        },
        "2010-09": {
            "month": "2010-09",
            "price": "100.04",
            "revenue": 54233
        },
        "2010-10": {
            "month": "2010-10",
            "price": "89.92",
            "revenue": 59766
        },
        "2010-11": {
            "month": "2010-11",
            "price": "91.41",
            "revenue": 59534
        },
        "2010-12": {
            "month": "2010-12",
            "price": "103.49",
            "revenue": 58499
        },
        "2011-01": {
            "month": "2011-01",
            "price": "93.26",
            "revenue": 75896
        },
        "2011-02": {
            "month": "2011-02",
            "price": "103.02",
            "revenue": 91414
        },
        "2011-03": {
            "month": "2011-03",
            "price": "110.04",
            "revenue": 124049
        },
        "2011-04": {
            "month": "2011-04",
            "price": "115.42",
            "revenue": 136945
        },
        "2011-05": {
            "month": "2011-05",
            "price": "107.02",
            "revenue": 114313
        },
        "2011-06": {
            "month": "2011-06",
            "price": "102.15",
            "revenue": 93456
        },
        "2011-07": {
            "month": "2011-07",
            "price": "87.49",
            "revenue": 95537
        },
        "2011-08": {
            "month": "2011-08",
            "price": "77.72",
            "revenue": 127984
        },
        "2011-09": {
            "month": "2011-09",
            "price": "86.26",
            "revenue": 103193
        },
        "2011-10": {
            "month": "2011-10",
            "price": "82.40",
            "revenue": 73329
        },
        "2011-11": {
            "month": "2011-11",
            "price": "68.94",
            "revenue": 76615
        },
        "2011-12": {
            "month": "2011-12",
            "price": "57.06",
            "revenue": 55623
        },
        "2012-01": {
            "month": "2012-01",
            "price": "61.22",
            "revenue": 47364
        },
        "2012-02": {
            "month": "2012-02",
            "price": "73.14",
            "revenue": 44911
        },
        "2012-03": {
            "month": "2012-03",
            "price": "73.57",
            "revenue": 52494
        },
        "2012-04": {
            "month": "2012-04",
            "price": "60.52",
            "revenue": 44022
        },
        "2012-05": {
            "month": "2012-05",
            "price": "54.76",
            "revenue": 55545
        },
        "2012-06": {
            "month": "2012-06",
            "price": "59.88",
            "revenue": 50239
        },
        "2012-07": {
            "month": "2012-07",
            "price": "53.10",
            "revenue": 65947
        },
        "2012-08": {
            "month": "2012-08",
            "price": "50.75",
            "revenue": 71474
        },
        "2012-09": {
            "month": "2012-09",
            "price": "61.42",
            "revenue": 67018
        },
        "2012-10": {
            "month": "2012-10",
            "price": "58.78",
            "revenue": 78378
        },
        "2012-11": {
            "month": "2012-11",
            "price": "52.52",
            "revenue": 68374
        },
        "2012-12": {
            "month": "2012-12",
            "price": "54.57",
            "revenue": 62245
        },
        "2013-01": {
            "month": "2013-01",
            "price": "66.41",
            "revenue": 104596
        },
        "2013-02": {
            "month": "2013-02",
            "price": "77.29",
            "revenue": 84683
        },
        "2013-03": {
            "month": "2013-03",
            "price": "78.23",
            "revenue": 130373
        },
        "2013-04": {
            "month": "2013-04",
            "price": "83.76",
            "revenue": 117145
        },
        "2013-05": {
            "month": "2013-05",
            "price": "106.17",
            "revenue": 133548
        },
        "2013-06": {
            "month": "2013-06",
            "price": "111.69",
            "revenue": 135198
        },
        "2013-07": {
            "month": "2013-07",
            "price": "107.85",
            "revenue": 162843
        },
        "2013-08": {
            "month": "2013-08",
            "price": "106.10",
            "revenue": 205566
        },
        "2013-09": {
            "month": "2013-09",
            "price": "103.90",
            "revenue": 107160
        },
        "2013-10": {
            "month": "2013-10",
            "price": "78.83",
            "revenue": 152655
        },
        "2013-11": {
            "month": "2013-11",
            "price": "79.38",
            "revenue": 116411
        },
        "2013-12": {
            "month": "2013-12",
            "price": "89.66",
            "revenue": 84366
        },
        "2014-01": {
            "month": "2014-01",
            "price": "93.23",
            "revenue": 83234
        },
        "2014-02": {
            "month": "2014-02",
            "price": "90.58",
            "revenue": 78147
        },
        "2014-03": {
            "month": "2014-03",
            "price": "91.73",
            "revenue": 100819
        },
        "2014-04": {
            "month": "2014-04",
            "price": "90.79",
            "revenue": 91482
        },
        "2014-05": {
            "month": "2014-05",
            "price": "83.29",
            "revenue": 88814
        },
        "2014-06": {
            "month": "2014-06",
            "price": "84.22",
            "revenue": 83276
        },
        "2014-07": {
            "month": "2014-07",
            "price": "84.30",
            "revenue": 106296
        },
        "2014-08": {
            "month": "2014-08",
            "price": "72.93",
            "revenue": 67213
        },
        "2014-09": {
            "month": "2014-09",
            "price": "66.69",
            "revenue": 82782
        },
        "2014-10": {
            "month": "2014-10",
            "price": "60.95",
            "revenue": 74942
        },
        "2014-11": {
            "month": "2014-11",
            "price": "57.09",
            "revenue": 81458
        },
        "2014-12": {
            "month": "2014-12",
            "price": "61.10",
            "revenue": 72505
        },
        "2015-01": {
            "month": "2015-01",
            "price": "65.41",
            "revenue": 84461
        },
        "2015-02": {
            "month": "2015-02",
            "price": "64.16",
            "revenue": 54142
        },
        "2015-03": {
            "month": "2015-03",
            "price": "69.04",
            "revenue": 87358
        },
        "2015-04": {
            "month": "2015-04",
            "price": "70.45",
            "revenue": 112257
        },
        "2015-05": {
            "month": "2015-05",
            "price": "75.64",
            "revenue": 91834
        },
        "2015-06": {
            "month": "2015-06",
            "price": "80.85",
            "revenue": 97070
        },
        "2015-07": {
            "month": "2015-07",
            "price": "66.65",
            "revenue": 75354
        },
        "2015-08": {
            "month": "2015-08",
            "price": "51.43",
            "revenue": 66233
        },
        "2015-09": {
            "month": "2015-09",
            "price": "53.27",
            "revenue": 65508
        },
        "2015-10": {
            "month": "2015-10",
            "price": "56.31",
            "revenue": 88356
        },
        "2015-11": {
            "month": "2015-11",
            "price": "55.59",
            "revenue": 87618
        },
        "2015-12": {
            "month": "2015-12",
            "price": "53.89",
            "revenue": 91359
        },
        "2016-01": {
            "month": "2016-01",
            "price": "47.67",
            "revenue": 109657
        },
        "2016-02": {
            "month": "2016-02",
            "price": "54.55",
            "revenue": 64246
        },
        "2016-03": {
            "month": "2016-03",
            "price": "58.17",
            "revenue": 109499
        },
        "2016-04": {
            "month": "2016-04",
            "price": "55.98",
            "revenue": 103551
        },
        "2016-05": {
            "month": "2016-05",
            "price": "51.17",
            "revenue": 91521
        },
        "2016-06": {
            "month": "2016-06",
            "price": "51.60",
            "revenue": 114354
        },
        "2016-07": {
            "month": "2016-07",
            "price": "53.88",
            "revenue": 104248
        },
        "2016-08": {
            "month": "2016-08",
            "price": "49.50",
            "revenue": 107428
        },
        "2016-09": {
            "month": "2016-09",
            "price": "49.14",
            "revenue": 114663
        },
        "2016-10": {
            "month": "2016-10",
            "price": "50.24",
            "revenue": 99030
        },
        "2016-11": {
            "month": "2016-11",
            "price": "48.01",
            "revenue": 123266
        },
        "2016-12": {
            "month": "2016-12",
            "price": "48.93",
            "revenue": 93262
        },
        "2017-01": {
            "month": "2017-01",
            "price": "48.77",
            "revenue": 106820
        },
        "2017-02": {
            "month": "2017-02",
            "price": "50.22",
            "revenue": 68390
        },
        "2017-03": {
            "month": "2017-03",
            "price": "51.48",
            "revenue": 100434
        },
        "2017-04": {
            "month": "2017-04",
            "price": "51.85",
            "revenue": 86020
        },
        "2017-05": {
            "month": "2017-05",
            "price": "51.62",
            "revenue": 98844
        },
        "2017-06": {
            "month": "2017-06",
            "price": "52.69",
            "revenue": 96999
        },
        "2017-07": {
            "month": "2017-07",
            "price": "51.44",
            "revenue": 110937
        },
        "2017-08": {
            "month": "2017-08",
            "price": "49.60",
            "revenue": 89470
        },
        "2017-09": {
            "month": "2017-09",
            "price": "50.47",
            "revenue": 106428
        },
        "2017-10": {
            "month": "2017-10",
            "price": "49.25",
            "revenue": 102975
        },
        "2017-11": {
            "month": "2017-11",
            "price": "52.43",
            "revenue": 88404
        },
        "2017-12": {
            "month": "2017-12",
            "price": "54.15",
            "revenue": 92088
        },
        "2018-01": {
            "month": "2018-01",
            "price": "52.78",
            "revenue": 113640
        },
        "2018-02": {
            "month": "2018-02",
            "price": "51.52",
            "revenue": 65394
        },
        "2018-03": {
            "month": "2018-03",
            "price": "54.26",
            "revenue": 107582
        },
        "2018-04": {
            "month": "2018-04",
            "price": "54.47",
            "revenue": 80217
        },
        "2018-05": {
            "month": "2018-05",
            "price": "53.03",
            "revenue": 87788
        },
        "2018-06": {
            "month": "2018-06",
            "price": "53.68",
            "revenue": 81793
        },
        "2018-07": {
            "month": "2018-07",
            "price": "52.44",
            "revenue": 92246
        },
        "2018-08": {
            "month": "2018-08",
            "price": "52.82",
            "revenue": 95444
        },
        "2018-09": {
            "month": "2018-09",
            "price": "48.66",
            "revenue": 81835
        },
        "2018-10": {
            "month": "2018-10",
            "price": "42.33",
            "revenue": 88506
        },
        "2018-11": {
            "month": "2018-11",
            "price": "40.14",
            "revenue": 98007
        },
        "2018-12": {
            "month": "2018-12",
            "price": "41.04",
            "revenue": 84501
        },
        "2019-01": {
            "month": "2019-01",
            "price": "40.21",
            "revenue": 128520
        },
        "2019-02": {
            "month": "2019-02",
            "price": "44.93",
            "revenue": 61985
        },
        "2019-03": {
            "month": "2019-03",
            "price": "46.78",
            "revenue": 88918
        },
        "2019-04": {
            "month": "2019-04",
            "price": "46.85",
            "revenue": 98160
        },
        "2019-05": {
            "month": "2019-05",
            "price": "47.96",
            "revenue": 106343
        },
        "2019-06": {
            "month": "2019-06",
            "price": "49.19",
            "revenue": 77167
        },
        "2019-07": {
            "month": "2019-07",
            "price": "50.65",
            "revenue": 98418
        },
        "2019-08": {
            "month": "2019-08",
            "price": "46.91",
            "revenue": 97131
        },
        "2019-09": {
            "month": "2019-09",
            "price": "48.25",
            "revenue": 96799
        },
        "2019-10": {
            "month": "2019-10",
            "price": "48.99",
            "revenue": 92072
        },
        "2019-11": {
            "month": "2019-11",
            "price": "49.02",
            "revenue": 108097
        },
        "2019-12": {
            "month": "2019-12",
            "price": "49.08",
            "revenue": 93424
        },
        "2020-01": {
            "month": "2020-01",
            "price": "48.86",
            "revenue": 74983
        },
        "2020-02": {
            "month": "2020-02",
            "price": "46.95",
            "revenue": 96223
        },
        "2020-03": {
            "month": "2020-03",
            "price": "42.90",
            "revenue": 117298
        },
        "2020-04": {
            "month": "2020-04",
            "price": "45.06",
            "revenue": 128979
        },
        "2020-05": {
            "month": "2020-05",
            "price": "59.70",
            "revenue": 98437
        },
        "2020-06": {
            "month": "2020-06",
            "price": "63.44",
            "revenue": 103678
        },
        "2020-07": {
            "month": "2020-07",
            "price": "63.27",
            "revenue": 98188
        },
        "2020-08": {
            "month": "2020-08",
            "price": "55.78",
            "revenue": 103347
        },
        "2020-09": {
            "month": "2020-09",
            "price": "54.79",
            "revenue": 114776
        },
        "2020-10": {
            "month": "2020-10",
            "price": "53.90",
            "revenue": 90535
        },
        "2020-11": {
            "month": "2020-11",
            "price": "54.69",
            "revenue": 111044
        },
        "2020-12": {
            "month": "2020-12",
            "price": "58.18",
            "revenue": 86910
        },
        "2021-01": {
            "month": "2021-01",
            "price": "57.50",
            "revenue": 125432
        },
        "2021-02": {
            "month": "2021-02",
            "price": "60.58",
            "revenue": 75137
        },
        "2021-03": {
            "month": "2021-03",
            "price": "62.03",
            "revenue": 135168
        },
        "2021-04": {
            "month": "2021-04",
            "price": "70.39",
            "revenue": 129511
        },
        "2021-05": {
            "month": "2021-05",
            "price": "60.70",
            "revenue": 155582
        },
        "2021-06": {
            "month": "2021-06",
            "price": "65.00",
            "revenue": 173655
        },
        "2021-07": {
            "month": "2021-07",
            "price": "85.91",
            "revenue": 160048
        },
        "2021-08": {
            "month": "2021-08",
            "price": "95.41",
            "revenue": 159702
        },
        "2021-09": {
            "month": "2021-09",
            "price": "80.99",
            "revenue": 139570
        },
        "2021-10": {
            "month": "2021-10",
            "price": "73.56",
            "revenue": 98162
        },
        "2021-11": {
            "month": "2021-11",
            "price": "77.42",
            "revenue": 115397
        },
        "2021-12": {
            "month": "2021-12",
            "price": "75.12",
            "revenue": 147902
        },
        "2022-01": {
            "month": "2022-01",
            "price": "74.94",
            "revenue": 185226
        },
        "2022-02": {
            "month": "2022-02",
            "price": "83.15",
            "revenue": 120072
        },
        "2022-03": {
            "month": "2022-03",
            "price": "82.08",
            "revenue": 173194
        },
        "2022-04": {
            "month": "2022-04",
            "price": "78.37",
            "revenue": 140051
        },
        "2022-05": {
            "month": "2022-05",
            "price": "77.61",
            "revenue": 149559
        },
        "2022-06": {
            "month": "2022-06",
            "price": "74.80",
            "revenue": 115542
        },
        "2022-07": {
            "month": "2022-07",
            "price": "64.73",
            "revenue": 111362
        },
        "2022-08": {
            "month": "2022-08",
            "price": "61.83",
            "revenue": 87435
        },
        "2022-09": {
            "month": "2022-09",
            "price": "58.20",
            "revenue": 76852
        },
        "2022-10": {
            "month": "2022-10",
            "price": "50.82",
            "revenue": 97785
        },
        "2022-11": {
            "month": "2022-11",
            "price": "54.63",
            "revenue": 84402
        },
        "2022-12": {
            "month": "2022-12",
            "price": "56.49",
            "revenue": 77510
        },
        "2023-01": {
            "month": "2023-01",
            "price": "55.77",
            "revenue": 98891
        },
        "2023-02": {
            "month": "2023-02",
            "price": "59.63",
            "revenue": 97079
        },
        "2023-03": {
            "month": "2023-03",
            "price": "63.39",
            "revenue": 147345
        },
        "2023-04": {
            "month": "2023-04",
            "price": "66.03",
            "revenue": 128415
        },
        "2023-05": {
            "month": "2023-05",
            "price": "65.12",
            "revenue": 103120
        },
        "2023-06": {
            "month": "2023-06",
            "price": "67.26",
            "revenue": 78488
        },
        "2023-07": {
            "month": "2023-07",
            "price": "62.43",
            "revenue": 84382
        },
        "2023-08": {
            "month": "2023-08",
            "price": "60.49",
            "revenue": 86871
        },
        "2023-09": {
            "month": "2023-09",
            "price": "61.44",
            "revenue": 74305
        },
        "2023-10": {
            "month": "2023-10",
            "price": "60.82",
            "revenue": 64405
        },
        "2023-11": {
            "month": "2023-11",
            "price": "59.80",
            "revenue": 100933
        },
        "2023-12": {
            "month": "2023-12",
            "price": "61.56",
            "revenue": 78626
        }
    }
}
