{
    "summary": {
        "stock_name": "嘉威",
        "stock_id": "3557",
        "category": "居家生活",
        "main_business": "各式餐具、廚具用品等家居用品設計、生產及銷售",
        "website_url": "http://www.jiaweils.com",
        "ceo": "吳世偉",
        "pe_ratio": 13,
        "report_year_from": 2006,
        "report_year_to": 2023,
        "age": 18,
        "eps_negative_percentage": 44,
        "eps_growth_avg": {
            "last_all": 12.39,
            "last_2y": -21.14,
            "last_4y": 27.32,
            "last_8y": 27.32,
            "last_12y": 27.32,
            "last_16y": 12.39,
            "last_20y": null,
            "at_2006_last_3y": null,
            "at_2007_last_3y": null,
            "at_2008_last_3y": null,
            "at_2009_last_3y": null,
            "at_2010_last_3y": -6.26,
            "at_2011_last_3y": -41.68,
            "at_2012_last_3y": -16.43,
            "at_2013_last_3y": -100,
            "at_2014_last_3y": null,
            "at_2015_last_3y": null,
            "at_2016_last_3y": null,
            "at_2017_last_3y": null,
            "at_2018_last_3y": null,
            "at_2019_last_3y": 100,
            "at_2020_last_3y": 100,
            "at_2021_last_3y": 59.33,
            "at_2022_last_3y": 42.06,
            "at_2023_last_3y": 9.15,
            "at_2024_last_3y": 9.15,
            "at_2006_last_all": null,
            "at_2007_last_all": null,
            "at_2008_last_all": 3.91,
            "at_2009_last_all": 24.99,
            "at_2010_last_all": -6.26,
            "at_2011_last_all": -6.26,
            "at_2012_last_all": -6.26,
            "at_2013_last_all": -6.26,
            "at_2014_last_all": -6.26,
            "at_2015_last_all": -6.26,
            "at_2016_last_all": -6.26,
            "at_2017_last_all": -6.26,
            "at_2018_last_all": -6.26,
            "at_2019_last_all": 14.99,
            "at_2020_last_all": 29.16,
            "at_2021_last_all": 21.85,
            "at_2022_last_all": 17.9,
            "at_2023_last_all": 12.39,
            "at_2024_last_all": 12.39
        },
        "latest_eps": 4.81,
        "latest_price": 60.3,
        "latest_roe": 16.25,
        "latest_gross_margin": 38.05,
        "latest_equity": 2359621,
        "latest_revenue": 1226806,
        "latest_gross_profit": 466783,
        "latest_net_income": 82619,
        "latest_debt_ratio": 52.89,
        "latest_current_ratio": 102.65,
        "latest_account_receivable_turnover_ratio": 1.31,
        "latest_inventory_turnover_ratio": 0.94,
        "latest_reinvestment_rate": 2.48,
        "latest_research_to_sale_ratio": 2.88
    },
    "eps_dividends": {
        "2001": {
            "cash": 0,
            "stock": 0,
            "eps": 0
        },
        "2002": {
            "cash": 0,
            "stock": 0,
            "eps": 0
        },
        "2003": {
            "cash": 0,
            "stock": 0,
            "eps": 0
        },
        "2004": {
            "cash": 0,
            "stock": 0,
            "eps": 0
        },
        "2005": {
            "cash": 0,
            "stock": 0,
            "eps": 0
        },
        "2006": {
            "cash": 0,
            "stock": 0,
            "eps": 1.75
        },
        "2007": {
            "cash": 0,
            "stock": 0,
            "eps": 8.96
        },
        "2008": {
            "cash": 0.5,
            "stock": 4.5,
            "eps": 0.7
        },
        "2009": {
            "cash": 0,
            "stock": 0,
            "eps": 1.17
        },
        "2010": {
            "cash": 0.12,
            "stock": 1,
            "eps": -1.27
        },
        "2011": {
            "cash": 0,
            "stock": 0,
            "eps": -4.93
        },
        "2012": {
            "cash": 0,
            "stock": 0,
            "eps": -0.75
        },
        "2013": {
            "cash": 0,
            "stock": 0,
            "eps": -2.6
        },
        "2014": {
            "cash": 0,
            "stock": 0,
            "eps": -3.54
        },
        "2015": {
            "cash": 0,
            "stock": 0,
            "eps": -0.59
        },
        "2016": {
            "cash": 0,
            "stock": 0,
            "eps": -0.94
        },
        "2017": {
            "cash": 0,
            "stock": 0,
            "eps": -2.6
        },
        "2018": {
            "cash": 0,
            "stock": 0,
            "eps": 0.01
        },
        "2019": {
            "cash": 0,
            "stock": 0,
            "eps": 2.95
        },
        "2020": {
            "cash": 2.35,
            "stock": 0,
            "eps": 10
        },
        "2021": {
            "cash": 6.65,
            "stock": 0,
            "eps": 7.8
        },
        "2022": {
            "cash": 6,
            "stock": 0,
            "eps": 7.04
        },
        "2023": {
            "cash": 5,
            "stock": 0,
            "eps": 4.81
        },
        "2024": {
            "cash": 3,
            "stock": 0,
            "eps": 0
        }
    },
    "dividends": {
        "2008-01-25": {
            "cash": 0.5,
            "stock": 4.5
        },
        "2010-03-19": {
            "cash": 0.12,
            "stock": 1
        },
        "2020-11-05": {
            "cash": 2.35,
            "stock": 0
        },
        "2021-05-14": {
            "cash": 3.65,
            "stock": 0
        },
        "2021-12-13": {
            "cash": 3,
            "stock": 0
        },
        "2022-05-05": {
            "cash": 3,
            "stock": 0
        },
        "2022-12-16": {
            "cash": 3,
            "stock": 0
        },
        "2023-07-14": {
            "cash": 5,
            "stock": 0
        },
        "2024-03-08": {
            "cash": 3,
            "stock": 0
        }
    },
    "prices": {
        "200101": "無",
        "200102": "無",
        "200103": "無",
        "200104": "無",
        "200105": "無",
        "200106": "無",
        "200107": "無",
        "200108": "無",
        "200109": "無",
        "200110": "無",
        "200111": "無",
        "200112": "無",
        "200201": "無",
        "200202": "無",
        "200203": "無",
        "200204": "無",
        "200205": "無",
        "200206": "無",
        "200207": "無",
        "200208": "無",
        "200209": "無",
        "200210": "無",
        "200211": "無",
        "200212": "無",
        "200301": "無",
        "200302": "無",
        "200303": "無",
        "200304": "無",
        "200305": "無",
        "200306": "無",
        "200307": "無",
        "200308": "無",
        "200309": "無",
        "200310": "無",
        "200311": "無",
        "200312": "無",
        "200401": "無",
        "200402": "無",
        "200403": "無",
        "200404": "無",
        "200405": "無",
        "200406": "無",
        "200407": "無",
        "200408": "無",
        "200409": "無",
        "200410": "無",
        "200411": "無",
        "200412": "無",
        "200501": "無",
        "200502": "無",
        "200503": "無",
        "200504": "無",
        "200505": "無",
        "200506": "無",
        "200507": "無",
        "200508": "無",
        "200509": "無",
        "200510": "無",
        "200511": "無",
        "200512": "無",
        "200601": "無",
        "200602": "無",
        "200603": "無",
        "200604": "無",
        "200605": "無",
        "200606": "無",
        "200607": "無",
        "200608": "無",
        "200609": "無",
        "200610": "無",
        "200611": "無",
        "200612": "無",
        "200701": "無",
        "200702": "無",
        "200703": "無",
        "200704": "126.97",
        "200705": "135.24",
        "200706": "162.18",
        "200707": "199.65",
        "200708": "179.50",
        "200709": "150.51",
        "200710": "135.29",
        "200711": "106.91",
        "200712": "94.51",
        "200801": "71.65",
        "200802": "65.60",
        "200803": "74.58",
        "200804": "78.64",
        "200805": "63.65",
        "200806": "42.73",
        "200807": "27.10",
        "200808": "19.18",
        "200809": "12.12",
        "200810": "10.28",
        "200811": "8.89",
        "200812": "8.40",
        "200901": "8.46",
        "200902": "10.51",
        "200903": "17.19",
        "200904": "24.06",
        "200905": "31.30",
        "200906": "37.79",
        "200907": "40.70",
        "200908": "41.68",
        "200909": "45.55",
        "200910": "42.99",
        "200911": "36.16",
        "200912": "40.34",
        "201001": "39.00",
        "201002": "35.52",
        "201003": "38.13",
        "201004": "39.00",
        "201005": "30.93",
        "201006": "27.29",
        "201007": "27.09",
        "201008": "28.47",
        "201009": "26.61",
        "201010": "25.26",
        "201011": "20.15",
        "201012": "20.88",
        "201101": "19.14",
        "201102": "18.18",
        "201103": "20.59",
        "201104": "18.16",
        "201105": "16.56",
        "201106": "15.25",
        "201107": "12.66",
        "201108": "9.29",
        "201109": "8.24",
        "201110": "8.67",
        "201111": "7.47",
        "201112": "5.91",
        "201201": "6.04",
        "201202": "8.87",
        "201203": "8.19",
        "201204": "7.64",
        "201205": "7.36",
        "201206": "7.47",
        "201207": "8.53",
        "201208": "8.56",
        "201209": "9.08",
        "201210": "8.18",
        "201211": "8.00",
        "201212": "9.15",
        "201301": "8.87",
        "201302": "8.76",
        "201303": "8.88",
        "201304": "11.75",
        "201305": "12.35",
        "201306": "11.67",
        "201307": "10.26",
        "201308": "8.89",
        "201309": "8.73",
        "201310": "8.54",
        "201311": "7.21",
        "201312": "7.21",
        "201401": "8.22",
        "201402": "8.29",
        "201403": "8.32",
        "201404": "8.10",
        "201405": "7.45",
        "201406": "7.80",
        "201407": "8.38",
        "201408": "7.86",
        "201409": "7.56",
        "201410": "6.23",
        "201411": "5.34",
        "201412": "6.35",
        "201501": "6.65",
        "201502": "6.63",
        "201503": "7.53",
        "201504": "6.65",
        "201505": "5.98",
        "201506": "5.42",
        "201507": "4.65",
        "201508": "3.84",
        "201509": "4.03",
        "201510": "4.23",
        "201511": "4.21",
        "201512": "3.80",
        "201601": "3.78",
        "201602": "3.75",
        "201603": "4.23",
        "201604": "4.03",
        "201605": "3.42",
        "201606": "3.11",
        "201607": "3.76",
        "201608": "4.08",
        "201609": "5.40",
        "201610": "4.99",
        "201611": "4.93",
        "201612": "5.99",
        "201701": "5.97",
        "201702": "5.91",
        "201703": "5.76",
        "201704": "5.39",
        "201705": "5.01",
        "201706": "5.07",
        "201707": "5.00",
        "201708": "5.03",
        "201709": "6.27",
        "201710": "11.93",
        "201711": "11.50",
        "201712": "10.70",
        "201801": "13.74",
        "201802": "17.81",
        "201803": "17.15",
        "201804": "16.89",
        "201805": "17.25",
        "201806": "17.55",
        "201807": "16.26",
        "201808": "16.11",
        "201809": "16.28",
        "201810": "17.05",
        "201811": "17.15",
        "201812": "17.07",
        "201901": "17.20",
        "201902": "18.31",
        "201903": "25.50",
        "201904": "24.53",
        "201905": "24.32",
        "201906": "24.47",
        "201907": "24.66",
        "201908": "27.21",
        "201909": "36.74",
        "201910": "39.93",
        "201911": "41.08",
        "201912": "38.90",
        "202001": "41.64",
        "202002": "52.06",
        "202003": "46.27",
        "202004": "50.61",
        "202005": "71.35",
        "202006": "84.04",
        "202007": "79.72",
        "202008": "76.84",
        "202009": "77.16",
        "202010": "76.92",
        "202011": "93.37",
        "202012": "106.65",
        "202101": "91.73",
        "202102": "89.39",
        "202103": "94.50",
        "202104": "93.34",
        "202105": "83.93",
        "202106": "85.80",
        "202107": "81.59",
        "202108": "83.19",
        "202109": "77.41",
        "202110": "77.82",
        "202111": "78.57",
        "202112": "77.44",
        "202201": "76.52",
        "202202": "77.62",
        "202203": "74.67",
        "202204": "72.70",
        "202205": "72.38",
        "202206": "67.41",
        "202207": "59.74",
        "202208": "64.53",
        "202209": "54.06",
        "202210": "46.32",
        "202211": "48.59",
        "202212": "49.12",
        "202301": "50.18",
        "202302": "55.16",
        "202303": "64.30",
        "202304": "67.22",
        "202305": "69.12",
        "202306": "68.92",
        "202307": "60.00",
        "202308": "53.84",
        "202309": "53.90",
        "202310": "55.76",
        "202311": "59.55",
        "202312": "60.23",
        "202401": "61.24",
        "202402": "62.61",
        "202403": "61.43",
        "202404": "無"
    },
    "quarters": {
        "20011": {
            "year_quarter": 20011,
            "year": 2001,
            "quarter": 1,
            "eps": null,
            "eps_growth_year": null,
            "eps_4q": null,
            "eps_4q_growth_year": null,
            "roe": null,
            "roe_4q": 0,
            "gross_profit": null,
            "gross_margin": null,
            "gross_margin_4q_avg": 0,
            "net_income": null,
            "net_income_4q": null,
            "revenue": null,
            "revenue_4q": null,
            "common_shares": null,
            "book_valuer_per_share": null,
            "book_valuer_per_share_4q_avg": 0,
            "equity": null,
            "current_ratio": null,
            "debt_ratio": null,
            "inventory_turnover_ratio": null,
            "account_receivable_turnover_ratio": null,
            "reinvestment_rate": null,
            "research_to_sale_ratio": null,
            "price_fair": 0,
            "eps_avg_yearly": 0,
            "eps_latest_yearly": 0,
            "eps_growth_yearly": 0
        },
        "20012": {
            "year_quarter": 20012,
            "year": 2001,
            "quarter": 2,
            "eps": null,
            "eps_growth_year": null,
            "eps_4q": null,
            "eps_4q_growth_year": null,
            "roe": null,
            "roe_4q": 0,
            "gross_profit": null,
            "gross_margin": null,
            "gross_margin_4q_avg": 0,
            "net_income": null,
            "net_income_4q": null,
            "revenue": null,
            "revenue_4q": null,
            "common_shares": null,
            "book_valuer_per_share": null,
            "book_valuer_per_share_4q_avg": 0,
            "equity": null,
            "current_ratio": null,
            "debt_ratio": null,
            "inventory_turnover_ratio": null,
            "account_receivable_turnover_ratio": null,
            "reinvestment_rate": null,
            "research_to_sale_ratio": null,
            "price_fair": 0,
            "eps_avg_yearly": 0,
            "eps_latest_yearly": 0,
            "eps_growth_yearly": 0
        },
        "20013": {
            "year_quarter": 20013,
            "year": 2001,
            "quarter": 3,
            "eps": null,
            "eps_growth_year": null,
            "eps_4q": null,
            "eps_4q_growth_year": null,
            "roe": null,
            "roe_4q": 0,
            "gross_profit": null,
            "gross_margin": null,
            "gross_margin_4q_avg": 0,
            "net_income": null,
            "net_income_4q": null,
            "revenue": null,
            "revenue_4q": null,
            "common_shares": null,
            "book_valuer_per_share": null,
            "book_valuer_per_share_4q_avg": 0,
            "equity": null,
            "current_ratio": null,
            "debt_ratio": null,
            "inventory_turnover_ratio": null,
            "account_receivable_turnover_ratio": null,
            "reinvestment_rate": null,
            "research_to_sale_ratio": null,
            "price_fair": 0,
            "eps_avg_yearly": 0,
            "eps_latest_yearly": 0,
            "eps_growth_yearly": 0
        },
        "20014": {
            "year_quarter": 20014,
            "year": 2001,
            "quarter": 4,
            "eps": null,
            "eps_growth_year": null,
            "eps_4q": null,
            "eps_4q_growth_year": null,
            "roe": null,
            "roe_4q": 0,
            "gross_profit": null,
            "gross_margin": null,
            "gross_margin_4q_avg": 0,
            "net_income": null,
            "net_income_4q": null,
            "revenue": null,
            "revenue_4q": null,
            "common_shares": null,
            "book_valuer_per_share": null,
            "book_valuer_per_share_4q_avg": 0,
            "equity": null,
            "current_ratio": null,
            "debt_ratio": null,
            "inventory_turnover_ratio": null,
            "account_receivable_turnover_ratio": null,
            "reinvestment_rate": null,
            "research_to_sale_ratio": null,
            "price_fair": 0,
            "eps_avg_yearly": 0,
            "eps_latest_yearly": 0,
            "eps_growth_yearly": 0
        },
        "20021": {
            "year_quarter": 20021,
            "year": 2002,
            "quarter": 1,
            "eps": null,
            "eps_growth_year": null,
            "eps_4q": null,
            "eps_4q_growth_year": null,
            "roe": null,
            "roe_4q": 0,
            "gross_profit": null,
            "gross_margin": null,
            "gross_margin_4q_avg": 0,
            "net_income": null,
            "net_income_4q": null,
            "revenue": null,
            "revenue_4q": null,
            "common_shares": null,
            "book_valuer_per_share": null,
            "book_valuer_per_share_4q_avg": 0,
            "equity": null,
            "current_ratio": null,
            "debt_ratio": null,
            "inventory_turnover_ratio": null,
            "account_receivable_turnover_ratio": null,
            "reinvestment_rate": null,
            "research_to_sale_ratio": null,
            "price_fair": 0,
            "eps_avg_yearly": 0,
            "eps_latest_yearly": 0,
            "eps_growth_yearly": 0
        },
        "20022": {
            "year_quarter": 20022,
            "year": 2002,
            "quarter": 2,
            "eps": null,
            "eps_growth_year": null,
            "eps_4q": null,
            "eps_4q_growth_year": null,
            "roe": null,
            "roe_4q": 0,
            "gross_profit": null,
            "gross_margin": null,
            "gross_margin_4q_avg": 0,
            "net_income": null,
            "net_income_4q": null,
            "revenue": null,
            "revenue_4q": null,
            "common_shares": null,
            "book_valuer_per_share": null,
            "book_valuer_per_share_4q_avg": 0,
            "equity": null,
            "current_ratio": null,
            "debt_ratio": null,
            "inventory_turnover_ratio": null,
            "account_receivable_turnover_ratio": null,
            "reinvestment_rate": null,
            "research_to_sale_ratio": null,
            "price_fair": 0,
            "eps_avg_yearly": 0,
            "eps_latest_yearly": 0,
            "eps_growth_yearly": 0
        },
        "20023": {
            "year_quarter": 20023,
            "year": 2002,
            "quarter": 3,
            "eps": null,
            "eps_growth_year": null,
            "eps_4q": null,
            "eps_4q_growth_year": null,
            "roe": null,
            "roe_4q": 0,
            "gross_profit": null,
            "gross_margin": null,
            "gross_margin_4q_avg": 0,
            "net_income": null,
            "net_income_4q": null,
            "revenue": null,
            "revenue_4q": null,
            "common_shares": null,
            "book_valuer_per_share": null,
            "book_valuer_per_share_4q_avg": 0,
            "equity": null,
            "current_ratio": null,
            "debt_ratio": null,
            "inventory_turnover_ratio": null,
            "account_receivable_turnover_ratio": null,
            "reinvestment_rate": null,
            "research_to_sale_ratio": null,
            "price_fair": 0,
            "eps_avg_yearly": 0,
            "eps_latest_yearly": 0,
            "eps_growth_yearly": 0
        },
        "20024": {
            "year_quarter": 20024,
            "year": 2002,
            "quarter": 4,
            "eps": null,
            "eps_growth_year": null,
            "eps_4q": null,
            "eps_4q_growth_year": null,
            "roe": null,
            "roe_4q": 0,
            "gross_profit": null,
            "gross_margin": null,
            "gross_margin_4q_avg": 0,
            "net_income": null,
            "net_income_4q": null,
            "revenue": null,
            "revenue_4q": null,
            "common_shares": null,
            "book_valuer_per_share": null,
            "book_valuer_per_share_4q_avg": 0,
            "equity": null,
            "current_ratio": null,
            "debt_ratio": null,
            "inventory_turnover_ratio": null,
            "account_receivable_turnover_ratio": null,
            "reinvestment_rate": null,
            "research_to_sale_ratio": null,
            "price_fair": 0,
            "eps_avg_yearly": 0,
            "eps_latest_yearly": 0,
            "eps_growth_yearly": 0
        },
        "20031": {
            "year_quarter": 20031,
            "year": 2003,
            "quarter": 1,
            "eps": null,
            "eps_growth_year": null,
            "eps_4q": null,
            "eps_4q_growth_year": null,
            "roe": null,
            "roe_4q": 0,
            "gross_profit": null,
            "gross_margin": null,
            "gross_margin_4q_avg": 0,
            "net_income": null,
            "net_income_4q": null,
            "revenue": null,
            "revenue_4q": null,
            "common_shares": null,
            "book_valuer_per_share": null,
            "book_valuer_per_share_4q_avg": 0,
            "equity": null,
            "current_ratio": null,
            "debt_ratio": null,
            "inventory_turnover_ratio": null,
            "account_receivable_turnover_ratio": null,
            "reinvestment_rate": null,
            "research_to_sale_ratio": null,
            "price_fair": 0,
            "eps_avg_yearly": 0,
            "eps_latest_yearly": 0,
            "eps_growth_yearly": 0
        },
        "20032": {
            "year_quarter": 20032,
            "year": 2003,
            "quarter": 2,
            "eps": null,
            "eps_growth_year": null,
            "eps_4q": null,
            "eps_4q_growth_year": null,
            "roe": null,
            "roe_4q": 0,
            "gross_profit": null,
            "gross_margin": null,
            "gross_margin_4q_avg": 0,
            "net_income": null,
            "net_income_4q": null,
            "revenue": null,
            "revenue_4q": null,
            "common_shares": null,
            "book_valuer_per_share": null,
            "book_valuer_per_share_4q_avg": 0,
            "equity": null,
            "current_ratio": null,
            "debt_ratio": null,
            "inventory_turnover_ratio": null,
            "account_receivable_turnover_ratio": null,
            "reinvestment_rate": null,
            "research_to_sale_ratio": null,
            "price_fair": 0,
            "eps_avg_yearly": 0,
            "eps_latest_yearly": 0,
            "eps_growth_yearly": 0
        },
        "20033": {
            "year_quarter": 20033,
            "year": 2003,
            "quarter": 3,
            "eps": null,
            "eps_growth_year": null,
            "eps_4q": null,
            "eps_4q_growth_year": null,
            "roe": null,
            "roe_4q": 0,
            "gross_profit": null,
            "gross_margin": null,
            "gross_margin_4q_avg": 0,
            "net_income": null,
            "net_income_4q": null,
            "revenue": null,
            "revenue_4q": null,
            "common_shares": null,
            "book_valuer_per_share": null,
            "book_valuer_per_share_4q_avg": 0,
            "equity": null,
            "current_ratio": null,
            "debt_ratio": null,
            "inventory_turnover_ratio": null,
            "account_receivable_turnover_ratio": null,
            "reinvestment_rate": null,
            "research_to_sale_ratio": null,
            "price_fair": 0,
            "eps_avg_yearly": 0,
            "eps_latest_yearly": 0,
            "eps_growth_yearly": 0
        },
        "20034": {
            "year_quarter": 20034,
            "year": 2003,
            "quarter": 4,
            "eps": null,
            "eps_growth_year": null,
            "eps_4q": null,
            "eps_4q_growth_year": null,
            "roe": null,
            "roe_4q": 0,
            "gross_profit": null,
            "gross_margin": null,
            "gross_margin_4q_avg": 0,
            "net_income": null,
            "net_income_4q": null,
            "revenue": null,
            "revenue_4q": null,
            "common_shares": null,
            "book_valuer_per_share": null,
            "book_valuer_per_share_4q_avg": 0,
            "equity": null,
            "current_ratio": null,
            "debt_ratio": null,
            "inventory_turnover_ratio": null,
            "account_receivable_turnover_ratio": null,
            "reinvestment_rate": null,
            "research_to_sale_ratio": null,
            "price_fair": 0,
            "eps_avg_yearly": 0,
            "eps_latest_yearly": 0,
            "eps_growth_yearly": 0
        },
        "20041": {
            "year_quarter": 20041,
            "year": 2004,
            "quarter": 1,
            "eps": null,
            "eps_growth_year": null,
            "eps_4q": null,
            "eps_4q_growth_year": null,
            "roe": null,
            "roe_4q": 0,
            "gross_profit": null,
            "gross_margin": null,
            "gross_margin_4q_avg": 0,
            "net_income": null,
            "net_income_4q": null,
            "revenue": null,
            "revenue_4q": null,
            "common_shares": null,
            "book_valuer_per_share": null,
            "book_valuer_per_share_4q_avg": 0,
            "equity": null,
            "current_ratio": null,
            "debt_ratio": null,
            "inventory_turnover_ratio": null,
            "account_receivable_turnover_ratio": null,
            "reinvestment_rate": null,
            "research_to_sale_ratio": null,
            "price_fair": 0,
            "eps_avg_yearly": 0,
            "eps_latest_yearly": 0,
            "eps_growth_yearly": 0
        },
        "20042": {
            "year_quarter": 20042,
            "year": 2004,
            "quarter": 2,
            "eps": null,
            "eps_growth_year": null,
            "eps_4q": null,
            "eps_4q_growth_year": null,
            "roe": null,
            "roe_4q": 0,
            "gross_profit": null,
            "gross_margin": null,
            "gross_margin_4q_avg": 0,
            "net_income": null,
            "net_income_4q": null,
            "revenue": null,
            "revenue_4q": null,
            "common_shares": null,
            "book_valuer_per_share": null,
            "book_valuer_per_share_4q_avg": 0,
            "equity": null,
            "current_ratio": null,
            "debt_ratio": null,
            "inventory_turnover_ratio": null,
            "account_receivable_turnover_ratio": null,
            "reinvestment_rate": null,
            "research_to_sale_ratio": null,
            "price_fair": 0,
            "eps_avg_yearly": 0,
            "eps_latest_yearly": 0,
            "eps_growth_yearly": 0
        },
        "20043": {
            "year_quarter": 20043,
            "year": 2004,
            "quarter": 3,
            "eps": null,
            "eps_growth_year": null,
            "eps_4q": null,
            "eps_4q_growth_year": null,
            "roe": null,
            "roe_4q": 0,
            "gross_profit": null,
            "gross_margin": null,
            "gross_margin_4q_avg": 0,
            "net_income": null,
            "net_income_4q": null,
            "revenue": null,
            "revenue_4q": null,
            "common_shares": null,
            "book_valuer_per_share": null,
            "book_valuer_per_share_4q_avg": 0,
            "equity": null,
            "current_ratio": null,
            "debt_ratio": null,
            "inventory_turnover_ratio": null,
            "account_receivable_turnover_ratio": null,
            "reinvestment_rate": null,
            "research_to_sale_ratio": null,
            "price_fair": 0,
            "eps_avg_yearly": 0,
            "eps_latest_yearly": 0,
            "eps_growth_yearly": 0
        },
        "20044": {
            "year_quarter": 20044,
            "year": 2004,
            "quarter": 4,
            "eps": null,
            "eps_growth_year": null,
            "eps_4q": null,
            "eps_4q_growth_year": null,
            "roe": null,
            "roe_4q": 0,
            "gross_profit": null,
            "gross_margin": null,
            "gross_margin_4q_avg": 0,
            "net_income": null,
            "net_income_4q": null,
            "revenue": null,
            "revenue_4q": null,
            "common_shares": null,
            "book_valuer_per_share": null,
            "book_valuer_per_share_4q_avg": 0,
            "equity": null,
            "current_ratio": null,
            "debt_ratio": null,
            "inventory_turnover_ratio": null,
            "account_receivable_turnover_ratio": null,
            "reinvestment_rate": null,
            "research_to_sale_ratio": null,
            "price_fair": 0,
            "eps_avg_yearly": 0,
            "eps_latest_yearly": 0,
            "eps_growth_yearly": 0
        },
        "20051": {
            "year_quarter": 20051,
            "year": 2005,
            "quarter": 1,
            "eps": null,
            "eps_growth_year": null,
            "eps_4q": null,
            "eps_4q_growth_year": null,
            "roe": null,
            "roe_4q": 0,
            "gross_profit": null,
            "gross_margin": null,
            "gross_margin_4q_avg": 0,
            "net_income": null,
            "net_income_4q": null,
            "revenue": null,
            "revenue_4q": null,
            "common_shares": null,
            "book_valuer_per_share": null,
            "book_valuer_per_share_4q_avg": 0,
            "equity": null,
            "current_ratio": null,
            "debt_ratio": null,
            "inventory_turnover_ratio": null,
            "account_receivable_turnover_ratio": null,
            "reinvestment_rate": null,
            "research_to_sale_ratio": null,
            "price_fair": 0,
            "eps_avg_yearly": 0,
            "eps_latest_yearly": 0,
            "eps_growth_yearly": 0
        },
        "20052": {
            "year_quarter": 20052,
            "year": 2005,
            "quarter": 2,
            "eps": null,
            "eps_growth_year": null,
            "eps_4q": null,
            "eps_4q_growth_year": null,
            "roe": null,
            "roe_4q": 0,
            "gross_profit": null,
            "gross_margin": null,
            "gross_margin_4q_avg": 0,
            "net_income": null,
            "net_income_4q": null,
            "revenue": null,
            "revenue_4q": null,
            "common_shares": null,
            "book_valuer_per_share": null,
            "book_valuer_per_share_4q_avg": 0,
            "equity": null,
            "current_ratio": null,
            "debt_ratio": null,
            "inventory_turnover_ratio": null,
            "account_receivable_turnover_ratio": null,
            "reinvestment_rate": null,
            "research_to_sale_ratio": null,
            "price_fair": 0,
            "eps_avg_yearly": 0,
            "eps_latest_yearly": 0,
            "eps_growth_yearly": 0
        },
        "20053": {
            "year_quarter": 20053,
            "year": 2005,
            "quarter": 3,
            "eps": null,
            "eps_growth_year": null,
            "eps_4q": null,
            "eps_4q_growth_year": null,
            "roe": null,
            "roe_4q": 0,
            "gross_profit": null,
            "gross_margin": null,
            "gross_margin_4q_avg": 0,
            "net_income": null,
            "net_income_4q": null,
            "revenue": null,
            "revenue_4q": null,
            "common_shares": null,
            "book_valuer_per_share": null,
            "book_valuer_per_share_4q_avg": 0,
            "equity": null,
            "current_ratio": null,
            "debt_ratio": null,
            "inventory_turnover_ratio": null,
            "account_receivable_turnover_ratio": null,
            "reinvestment_rate": null,
            "research_to_sale_ratio": null,
            "price_fair": 0,
            "eps_avg_yearly": 0,
            "eps_latest_yearly": 0,
            "eps_growth_yearly": 0
        },
        "20054": {
            "year_quarter": 20054,
            "year": 2005,
            "quarter": 4,
            "eps": null,
            "eps_growth_year": null,
            "eps_4q": null,
            "eps_4q_growth_year": null,
            "roe": null,
            "roe_4q": 0,
            "gross_profit": null,
            "gross_margin": null,
            "gross_margin_4q_avg": 0,
            "net_income": null,
            "net_income_4q": null,
            "revenue": null,
            "revenue_4q": null,
            "common_shares": 247620,
            "book_valuer_per_share": 9.76,
            "book_valuer_per_share_4q_avg": 2.44,
            "equity": 241752,
            "current_ratio": 759.06,
            "debt_ratio": 10.12,
            "inventory_turnover_ratio": null,
            "account_receivable_turnover_ratio": null,
            "reinvestment_rate": null,
            "research_to_sale_ratio": null,
            "price_fair": 0,
            "eps_avg_yearly": 0,
            "eps_latest_yearly": 0,
            "eps_growth_yearly": 0
        },
        "20061": {
            "year_quarter": 20061,
            "year": 2006,
            "quarter": 1,
            "eps": null,
            "eps_growth_year": null,
            "eps_4q": null,
            "eps_4q_growth_year": null,
            "roe": null,
            "roe_4q": 0,
            "gross_profit": null,
            "gross_margin": null,
            "gross_margin_4q_avg": 0,
            "net_income": null,
            "net_income_4q": null,
            "revenue": null,
            "revenue_4q": null,
            "common_shares": null,
            "book_valuer_per_share": null,
            "book_valuer_per_share_4q_avg": 2.44,
            "equity": null,
            "current_ratio": null,
            "debt_ratio": null,
            "inventory_turnover_ratio": null,
            "account_receivable_turnover_ratio": null,
            "reinvestment_rate": null,
            "research_to_sale_ratio": null,
            "price_fair": 0,
            "eps_avg_yearly": 0,
            "eps_latest_yearly": 0,
            "eps_growth_yearly": 0
        },
        "20062": {
            "year_quarter": 20062,
            "year": 2006,
            "quarter": 2,
            "eps": null,
            "eps_growth_year": null,
            "eps_4q": null,
            "eps_4q_growth_year": null,
            "roe": null,
            "roe_4q": 0,
            "gross_profit": null,
            "gross_margin": null,
            "gross_margin_4q_avg": 0,
            "net_income": null,
            "net_income_4q": null,
            "revenue": null,
            "revenue_4q": null,
            "common_shares": null,
            "book_valuer_per_share": null,
            "book_valuer_per_share_4q_avg": 2.44,
            "equity": null,
            "current_ratio": null,
            "debt_ratio": null,
            "inventory_turnover_ratio": null,
            "account_receivable_turnover_ratio": null,
            "reinvestment_rate": null,
            "research_to_sale_ratio": null,
            "price_fair": 0,
            "eps_avg_yearly": 0,
            "eps_latest_yearly": 0,
            "eps_growth_yearly": 0
        },
        "20063": {
            "year_quarter": 20063,
            "year": 2006,
            "quarter": 3,
            "eps": 0.5,
            "eps_growth_year": null,
            "eps_4q": null,
            "eps_4q_growth_year": null,
            "roe": 3.98,
            "roe_4q": 3.98,
            "gross_profit": 30105,
            "gross_margin": 59.86,
            "gross_margin_4q_avg": 14.97,
            "net_income": 13948,
            "net_income_4q": null,
            "revenue": 50291,
            "revenue_4q": null,
            "common_shares": 322940,
            "book_valuer_per_share": 10.84,
            "book_valuer_per_share_4q_avg": 5.15,
            "equity": 350115,
            "current_ratio": 1023.81,
            "debt_ratio": 7.4,
            "inventory_turnover_ratio": 0.3,
            "account_receivable_turnover_ratio": null,
            "reinvestment_rate": null,
            "research_to_sale_ratio": null,
            "price_fair": 0,
            "eps_avg_yearly": 0,
            "eps_latest_yearly": 0,
            "eps_growth_yearly": 0
        },
        "20064": {
            "year_quarter": 20064,
            "year": 2006,
            "quarter": 4,
            "eps": 1.25,
            "eps_growth_year": null,
            "eps_4q": null,
            "eps_4q_growth_year": null,
            "roe": 9.55,
            "roe_4q": 13.530000000000001,
            "gross_profit": 58521,
            "gross_margin": 60.67,
            "gross_margin_4q_avg": 30.13,
            "net_income": 36990,
            "net_income_4q": null,
            "revenue": 96463,
            "revenue_4q": null,
            "common_shares": 360000,
            "book_valuer_per_share": 11.78,
            "book_valuer_per_share_4q_avg": 5.66,
            "equity": 424155,
            "current_ratio": 409.66,
            "debt_ratio": 16.05,
            "inventory_turnover_ratio": 0.5,
            "account_receivable_turnover_ratio": null,
            "reinvestment_rate": null,
            "research_to_sale_ratio": null,
            "price_fair": 175,
            "eps_avg_yearly": 5,
            "eps_latest_yearly": 5,
            "eps_growth_yearly": 600
        },
        "20071": {
            "year_quarter": 20071,
            "year": 2007,
            "quarter": 1,
            "eps": 1.37,
            "eps_growth_year": null,
            "eps_4q": null,
            "eps_4q_growth_year": null,
            "roe": 9.58,
            "roe_4q": 23.110000000000003,
            "gross_profit": 99098,
            "gross_margin": 57.85,
            "gross_margin_4q_avg": 44.6,
            "net_income": 64296,
            "net_income_4q": null,
            "revenue": 171288,
            "revenue_4q": null,
            "common_shares": 483505,
            "book_valuer_per_share": 19,
            "book_valuer_per_share_4q_avg": 10.41,
            "equity": 918651,
            "current_ratio": 680.15,
            "debt_ratio": 10.9,
            "inventory_turnover_ratio": 0.83,
            "account_receivable_turnover_ratio": null,
            "reinvestment_rate": null,
            "research_to_sale_ratio": null,
            "price_fair": 183.4,
            "eps_avg_yearly": 5.24,
            "eps_latest_yearly": 5.48,
            "eps_growth_yearly": 319.2
        },
        "20072": {
            "year_quarter": 20072,
            "year": 2007,
            "quarter": 2,
            "eps": 2.59,
            "eps_growth_year": null,
            "eps_4q": 5.07,
            "eps_4q_growth_year": null,
            "roe": 12.3,
            "roe_4q": 35.410000000000004,
            "gross_profit": 205058,
            "gross_margin": 58.24,
            "gross_margin_4q_avg": 59.16,
            "net_income": 120447,
            "net_income_4q": null,
            "revenue": 352077,
            "revenue_4q": null,
            "common_shares": 483505,
            "book_valuer_per_share": 21.49,
            "book_valuer_per_share_4q_avg": 15.78,
            "equity": 1039203,
            "current_ratio": 293.98,
            "debt_ratio": 23.2,
            "inventory_turnover_ratio": 1.85,
            "account_receivable_turnover_ratio": null,
            "reinvestment_rate": null,
            "research_to_sale_ratio": null,
            "price_fair": 243.13,
            "eps_avg_yearly": 6.95,
            "eps_latest_yearly": 10.36,
            "eps_growth_yearly": 331.53
        },
        "20073": {
            "year_quarter": 20073,
            "year": 2007,
            "quarter": 3,
            "eps": 3.28,
            "eps_growth_year": 556,
            "eps_4q": 7.98,
            "eps_4q_growth_year": null,
            "roe": 11.41,
            "roe_4q": 42.84,
            "gross_profit": 230963,
            "gross_margin": 57.59,
            "gross_margin_4q_avg": 58.59,
            "net_income": 154645,
            "net_income_4q": null,
            "revenue": 401070,
            "revenue_4q": null,
            "common_shares": 600000,
            "book_valuer_per_share": 27.86,
            "book_valuer_per_share_4q_avg": 20.03,
            "equity": 1671608,
            "current_ratio": 535.93,
            "debt_ratio": 13.51,
            "inventory_turnover_ratio": 2.04,
            "account_receivable_turnover_ratio": null,
            "reinvestment_rate": null,
            "research_to_sale_ratio": null,
            "price_fair": 297.15,
            "eps_avg_yearly": 8.49,
            "eps_latest_yearly": 13.12,
            "eps_growth_yearly": 275.29
        },
        "20074": {
            "year_quarter": 20074,
            "year": 2007,
            "quarter": 4,
            "eps": 1.72,
            "eps_growth_year": 37.6,
            "eps_4q": 8.45,
            "eps_4q_growth_year": null,
            "roe": 5.06,
            "roe_4q": 38.35,
            "gross_profit": 133690,
            "gross_margin": 42.48,
            "gross_margin_4q_avg": 54.04,
            "net_income": 86748,
            "net_income_4q": null,
            "revenue": 314711,
            "revenue_4q": null,
            "common_shares": 600000,
            "book_valuer_per_share": 29.3,
            "book_valuer_per_share_4q_avg": 24.41,
            "equity": 1758008,
            "current_ratio": 383.55,
            "debt_ratio": 18.36,
            "inventory_turnover_ratio": 1.54,
            "account_receivable_turnover_ratio": null,
            "reinvestment_rate": null,
            "research_to_sale_ratio": null,
            "price_fair": 285.88,
            "eps_avg_yearly": 8.17,
            "eps_latest_yearly": 6.88,
            "eps_growth_yearly": 182.18
        },
        "20081": {
            "year_quarter": 20081,
            "year": 2008,
            "quarter": 1,
            "eps": 0.29,
            "eps_growth_year": -78.83,
            "eps_4q": 5.67,
            "eps_4q_growth_year": null,
            "roe": 1.02,
            "roe_4q": 29.790000000000003,
            "gross_profit": 75449,
            "gross_margin": 23.16,
            "gross_margin_4q_avg": 45.37,
            "net_income": 19499,
            "net_income_4q": null,
            "revenue": 325822,
            "revenue_4q": null,
            "common_shares": 667140,
            "book_valuer_per_share": 31.17,
            "book_valuer_per_share_4q_avg": 27.46,
            "equity": 2079294,
            "current_ratio": 416.66,
            "debt_ratio": 11.96,
            "inventory_turnover_ratio": 1.42,
            "account_receivable_turnover_ratio": null,
            "reinvestment_rate": null,
            "research_to_sale_ratio": null,
            "price_fair": 245,
            "eps_avg_yearly": 7,
            "eps_latest_yearly": 1.16,
            "eps_growth_yearly": 96.39
        },
        "20082": {
            "year_quarter": 20082,
            "year": 2008,
            "quarter": 2,
            "eps": 0.12,
            "eps_growth_year": -95.37,
            "eps_4q": 2.7,
            "eps_4q_growth_year": -46.76,
            "roe": 0.58,
            "roe_4q": 18.07,
            "gross_profit": 62991,
            "gross_margin": 17.06,
            "gross_margin_4q_avg": 35.07,
            "net_income": 12143,
            "net_income_4q": null,
            "revenue": 369180,
            "revenue_4q": null,
            "common_shares": 667140,
            "book_valuer_per_share": 31.35,
            "book_valuer_per_share_4q_avg": 29.92,
            "equity": 2091485,
            "current_ratio": 361.65,
            "debt_ratio": 13.04,
            "inventory_turnover_ratio": 1.35,
            "account_receivable_turnover_ratio": null,
            "reinvestment_rate": null,
            "research_to_sale_ratio": null,
            "price_fair": 212.4,
            "eps_avg_yearly": 6.07,
            "eps_latest_yearly": 0.48,
            "eps_growth_yearly": 49.13
        },
        "20083": {
            "year_quarter": 20083,
            "year": 2008,
            "quarter": 3,
            "eps": 0.5,
            "eps_growth_year": -84.76,
            "eps_4q": 1.7,
            "eps_4q_growth_year": -78.75,
            "roe": 2.34,
            "roe_4q": 9,
            "gross_profit": 69074,
            "gross_margin": 23.87,
            "gross_margin_4q_avg": 26.64,
            "net_income": 49488,
            "net_income_4q": null,
            "revenue": 289415,
            "revenue_4q": null,
            "common_shares": 994856,
            "book_valuer_per_share": 21.52,
            "book_valuer_per_share_4q_avg": 28.34,
            "equity": 2141109,
            "current_ratio": 639.83,
            "debt_ratio": 7.42,
            "inventory_turnover_ratio": 1.07,
            "account_receivable_turnover_ratio": null,
            "reinvestment_rate": null,
            "research_to_sale_ratio": null,
            "price_fair": 194.6,
            "eps_avg_yearly": 5.56,
            "eps_latest_yearly": 2,
            "eps_growth_yearly": 201.32
        },
        "20084": {
            "year_quarter": 20084,
            "year": 2008,
            "quarter": 4,
            "eps": -0.21,
            "eps_growth_year": -112.21,
            "eps_4q": 0.61,
            "eps_4q_growth_year": -92.78,
            "roe": -0.97,
            "roe_4q": 2.9699999999999998,
            "gross_profit": -9783,
            "gross_margin": -6.5,
            "gross_margin_4q_avg": 14.4,
            "net_income": -20769,
            "net_income_4q": null,
            "revenue": 150517,
            "revenue_4q": null,
            "common_shares": 994856,
            "book_valuer_per_share": 21.31,
            "book_valuer_per_share_4q_avg": 26.34,
            "equity": 2120311,
            "current_ratio": 290.19,
            "debt_ratio": 15.04,
            "inventory_turnover_ratio": 1.03,
            "account_receivable_turnover_ratio": 0.98,
            "reinvestment_rate": null,
            "research_to_sale_ratio": null,
            "price_fair": 194.6,
            "eps_avg_yearly": 5.56,
            "eps_latest_yearly": 2,
            "eps_growth_yearly": 201.32
        },
        "20091": {
            "year_quarter": 20091,
            "year": 2009,
            "quarter": 1,
            "eps": 0.07,
            "eps_growth_year": -75.86,
            "eps_4q": 0.5,
            "eps_4q_growth_year": -91.14,
            "roe": 0.31,
            "roe_4q": 2.26,
            "gross_profit": 34887,
            "gross_margin": 15.3,
            "gross_margin_4q_avg": 12.43,
            "net_income": 6616,
            "net_income_4q": null,
            "revenue": 228069,
            "revenue_4q": null,
            "common_shares": 994856,
            "book_valuer_per_share": 21.38,
            "book_valuer_per_share_4q_avg": 23.89,
            "equity": 2127234,
            "current_ratio": 285.74,
            "debt_ratio": 14.99,
            "inventory_turnover_ratio": 1.57,
            "account_receivable_turnover_ratio": 0.74,
            "reinvestment_rate": null,
            "research_to_sale_ratio": null,
            "price_fair": 194.6,
            "eps_avg_yearly": 5.56,
            "eps_latest_yearly": 2,
            "eps_growth_yearly": 201.32
        },
        "20092": {
            "year_quarter": 20092,
            "year": 2009,
            "quarter": 2,
            "eps": 0.67,
            "eps_growth_year": 458.33,
            "eps_4q": 1.03,
            "eps_4q_growth_year": -61.94,
            "roe": 3.07,
            "roe_4q": 4.75,
            "gross_profit": 127284,
            "gross_margin": 26.36,
            "gross_margin_4q_avg": 14.76,
            "net_income": 66346,
            "net_income_4q": null,
            "revenue": 482929,
            "revenue_4q": null,
            "common_shares": 994856,
            "book_valuer_per_share": 22.05,
            "book_valuer_per_share_4q_avg": 21.57,
            "equity": 2193338,
            "current_ratio": 239.32,
            "debt_ratio": 19.96,
            "inventory_turnover_ratio": 2.94,
            "account_receivable_turnover_ratio": 1.05,
            "reinvestment_rate": null,
            "research_to_sale_ratio": null,
            "price_fair": 183.4,
            "eps_avg_yearly": 5.24,
            "eps_latest_yearly": 2.68,
            "eps_growth_yearly": 559.9
        },
        "20093": {
            "year_quarter": 20093,
            "year": 2009,
            "quarter": 3,
            "eps": 0.33,
            "eps_growth_year": -34,
            "eps_4q": 0.85,
            "eps_4q_growth_year": -49.88,
            "roe": 1.5,
            "roe_4q": 3.91,
            "gross_profit": 123473,
            "gross_margin": 22.09,
            "gross_margin_4q_avg": 14.31,
            "net_income": 33112,
            "net_income_4q": null,
            "revenue": 559024,
            "revenue_4q": null,
            "common_shares": 994856,
            "book_valuer_per_share": 22.38,
            "book_valuer_per_share_4q_avg": 21.78,
            "equity": 2226906,
            "current_ratio": 192.03,
            "debt_ratio": 26.11,
            "inventory_turnover_ratio": 2.28,
            "account_receivable_turnover_ratio": 0.78,
            "reinvestment_rate": null,
            "research_to_sale_ratio": null,
            "price_fair": 169.68,
            "eps_avg_yearly": 4.85,
            "eps_latest_yearly": 1.32,
            "eps_growth_yearly": 483.61
        },
        "20094": {
            "year_quarter": 20094,
            "year": 2009,
            "quarter": 4,
            "eps": 0.1,
            "eps_growth_year": null,
            "eps_4q": 1.16,
            "eps_4q_growth_year": 90.77,
            "roe": 0.43,
            "roe_4q": 5.31,
            "gross_profit": 77676,
            "gross_margin": 15.67,
            "gross_margin_4q_avg": 19.86,
            "net_income": 9698,
            "net_income_4q": null,
            "revenue": 495796,
            "revenue_4q": null,
            "common_shares": 994856,
            "book_valuer_per_share": 22.48,
            "book_valuer_per_share_4q_avg": 22.07,
            "equity": 2236641,
            "current_ratio": 191.55,
            "debt_ratio": 26.21,
            "inventory_turnover_ratio": 1.46,
            "account_receivable_turnover_ratio": 1.48,
            "reinvestment_rate": null,
            "research_to_sale_ratio": null,
            "price_fair": 155.53,
            "eps_avg_yearly": 4.44,
            "eps_latest_yearly": 0.4,
            "eps_growth_yearly": 414.3
        },
        "20101": {
            "year_quarter": 20101,
            "year": 2010,
            "quarter": 1,
            "eps": 0.08,
            "eps_growth_year": 14.29,
            "eps_4q": 1.18,
            "eps_4q_growth_year": 134.38,
            "roe": 0.36,
            "roe_4q": 5.359999999999999,
            "gross_profit": 70267,
            "gross_margin": 13.02,
            "gross_margin_4q_avg": 19.29,
            "net_income": 7976,
            "net_income_4q": null,
            "revenue": 539571,
            "revenue_4q": null,
            "common_shares": 994856,
            "book_valuer_per_share": 22.55,
            "book_valuer_per_share_4q_avg": 22.37,
            "equity": 2243157,
            "current_ratio": 199.4,
            "debt_ratio": 32.65,
            "inventory_turnover_ratio": 1.38,
            "account_receivable_turnover_ratio": 0.76,
            "reinvestment_rate": null,
            "research_to_sale_ratio": 2.45,
            "price_fair": 143.5,
            "eps_avg_yearly": 4.1,
            "eps_latest_yearly": 0.32,
            "eps_growth_yearly": 373.11
        },
        "20102": {
            "year_quarter": 20102,
            "year": 2010,
            "quarter": 2,
            "eps": 0.05,
            "eps_growth_year": -92.25,
            "eps_4q": 0.52,
            "eps_4q_growth_year": -49.75,
            "roe": 0.25,
            "roe_4q": 2.54,
            "gross_profit": 58863,
            "gross_margin": 12.57,
            "gross_margin_4q_avg": 15.84,
            "net_income": 5680,
            "net_income_4q": null,
            "revenue": 468342,
            "revenue_4q": null,
            "common_shares": 994856,
            "book_valuer_per_share": 22.53,
            "book_valuer_per_share_4q_avg": 22.49,
            "equity": 2240914,
            "current_ratio": 174.39,
            "debt_ratio": 34.44,
            "inventory_turnover_ratio": 1,
            "account_receivable_turnover_ratio": 0.65,
            "reinvestment_rate": 181.86,
            "research_to_sale_ratio": 3.13,
            "price_fair": 133,
            "eps_avg_yearly": 3.8,
            "eps_latest_yearly": 0.2,
            "eps_growth_yearly": 332.87
        },
        "20103": {
            "year_quarter": 20103,
            "year": 2010,
            "quarter": 3,
            "eps": -0.44,
            "eps_growth_year": -232.77,
            "eps_4q": -0.22,
            "eps_4q_growth_year": -126.44,
            "roe": -2.16,
            "roe_4q": -1.1200000000000003,
            "gross_profit": 20864,
            "gross_margin": 4.72,
            "gross_margin_4q_avg": 11.5,
            "net_income": -47949,
            "net_income_4q": null,
            "revenue": 441676,
            "revenue_4q": null,
            "common_shares": 994856,
            "book_valuer_per_share": 22.03,
            "book_valuer_per_share_4q_avg": 22.4,
            "equity": 2191493,
            "current_ratio": 170.54,
            "debt_ratio": 33.53,
            "inventory_turnover_ratio": 0.91,
            "account_receivable_turnover_ratio": 0.63,
            "reinvestment_rate": 202.25,
            "research_to_sale_ratio": 3,
            "price_fair": 133,
            "eps_avg_yearly": 3.8,
            "eps_latest_yearly": 0.2,
            "eps_growth_yearly": 332.87
        },
        "20104": {
            "year_quarter": 20104,
            "year": 2010,
            "quarter": 4,
            "eps": -0.96,
            "eps_growth_year": -1057.3,
            "eps_4q": -1.27,
            "eps_4q_growth_year": -209.19,
            "roe": -4.91,
            "roe_4q": -6.46,
            "gross_profit": -42542,
            "gross_margin": -12.09,
            "gross_margin_4q_avg": 4.56,
            "net_income": -104761,
            "net_income_4q": null,
            "revenue": 351827,
            "revenue_4q": null,
            "common_shares": 1094342,
            "book_valuer_per_share": 19,
            "book_valuer_per_share_4q_avg": 21.53,
            "equity": 2079611,
            "current_ratio": 150.74,
            "debt_ratio": 37.74,
            "inventory_turnover_ratio": 0.96,
            "account_receivable_turnover_ratio": 0.49,
            "reinvestment_rate": 278.11,
            "research_to_sale_ratio": 3.2,
            "price_fair": 129.5,
            "eps_avg_yearly": 3.7,
            "eps_latest_yearly": 0.2,
            "eps_growth_yearly": 310.61
        },
        "20111": {
            "year_quarter": 20111,
            "year": 2011,
            "quarter": 1,
            "eps": -0.34,
            "eps_growth_year": -525,
            "eps_4q": -1.69,
            "eps_4q_growth_year": -243.17,
            "roe": -1.82,
            "roe_4q": -8.64,
            "gross_profit": -5485,
            "gross_margin": -1.47,
            "gross_margin_4q_avg": 0.93,
            "net_income": -37436,
            "net_income_4q": null,
            "revenue": 374239,
            "revenue_4q": null,
            "common_shares": 1094342,
            "book_valuer_per_share": 18.67,
            "book_valuer_per_share_4q_avg": 20.56,
            "equity": 2043293,
            "current_ratio": 145.89,
            "debt_ratio": 38.62,
            "inventory_turnover_ratio": 1.07,
            "account_receivable_turnover_ratio": 0.47,
            "reinvestment_rate": 317.17,
            "research_to_sale_ratio": 2.87,
            "price_fair": 123.84,
            "eps_avg_yearly": 3.54,
            "eps_latest_yearly": 0.2,
            "eps_growth_yearly": 335.36
        },
        "20112": {
            "year_quarter": 20112,
            "year": 2011,
            "quarter": 2,
            "eps": -0.83,
            "eps_growth_year": -1697.42,
            "eps_4q": -2.57,
            "eps_4q_growth_year": -597.43,
            "roe": -4.54,
            "roe_4q": -13.43,
            "gross_profit": -47187,
            "gross_margin": -15.68,
            "gross_margin_4q_avg": -6.13,
            "net_income": -90733,
            "net_income_4q": null,
            "revenue": 300845,
            "revenue_4q": null,
            "common_shares": 1094342,
            "book_valuer_per_share": 17.85,
            "book_valuer_per_share_4q_avg": 19.39,
            "equity": 1952930,
            "current_ratio": 129.44,
            "debt_ratio": 39.8,
            "inventory_turnover_ratio": 1.05,
            "account_receivable_turnover_ratio": 0.34,
            "reinvestment_rate": 634.16,
            "research_to_sale_ratio": 3.61,
            "price_fair": 99.96,
            "eps_avg_yearly": 2.86,
            "eps_latest_yearly": 0.2,
            "eps_growth_yearly": 333.27
        },
        "20113": {
            "year_quarter": 20113,
            "year": 2011,
            "quarter": 3,
            "eps": -3.16,
            "eps_growth_year": null,
            "eps_4q": -5.29,
            "eps_4q_growth_year": null,
            "roe": -19.41,
            "roe_4q": -30.68,
            "gross_profit": -12844,
            "gross_margin": -3.39,
            "gross_margin_4q_avg": -8.16,
            "net_income": -346098,
            "net_income_4q": null,
            "revenue": 379375,
            "revenue_4q": null,
            "common_shares": 1094342,
            "book_valuer_per_share": 14.74,
            "book_valuer_per_share_4q_avg": 17.57,
            "equity": 1613308,
            "current_ratio": 94.7,
            "debt_ratio": 47.89,
            "inventory_turnover_ratio": 1.4,
            "account_receivable_turnover_ratio": 0.41,
            "reinvestment_rate": null,
            "research_to_sale_ratio": 3.22,
            "price_fair": 60.04,
            "eps_avg_yearly": 1.72,
            "eps_latest_yearly": 0.2,
            "eps_growth_yearly": 358.46
        },
        "20114": {
            "year_quarter": 20114,
            "year": 2011,
            "quarter": 4,
            "eps": -0.6,
            "eps_growth_year": null,
            "eps_4q": -4.93,
            "eps_4q_growth_year": null,
            "roe": -4.13,
            "roe_4q": -29.9,
            "gross_profit": -33193,
            "gross_margin": -10.9,
            "gross_margin_4q_avg": -7.86,
            "net_income": -65258,
            "net_income_4q": null,
            "revenue": 304531,
            "revenue_4q": null,
            "common_shares": 1094342,
            "book_valuer_per_share": 14.15,
            "book_valuer_per_share_4q_avg": 16.35,
            "equity": 1548523,
            "current_ratio": 148.92,
            "debt_ratio": 35.66,
            "inventory_turnover_ratio": 1.59,
            "account_receivable_turnover_ratio": 0.4,
            "reinvestment_rate": null,
            "research_to_sale_ratio": 2.63,
            "price_fair": 37.45,
            "eps_avg_yearly": 1.07,
            "eps_latest_yearly": 0.2,
            "eps_growth_yearly": 427.05
        },
        "20121": {
            "year_quarter": 20121,
            "year": 2012,
            "quarter": 1,
            "eps": -0.64,
            "eps_growth_year": null,
            "eps_4q": -5.23,
            "eps_4q_growth_year": null,
            "roe": -4.66,
            "roe_4q": -32.74,
            "gross_profit": -31835,
            "gross_margin": -14.33,
            "gross_margin_4q_avg": -11.08,
            "net_income": -70439,
            "net_income_4q": null,
            "revenue": 222209,
            "revenue_4q": null,
            "common_shares": 1094342,
            "book_valuer_per_share": 13.49,
            "book_valuer_per_share_4q_avg": 15.06,
            "equity": 1475995,
            "current_ratio": 144.12,
            "debt_ratio": 34.98,
            "inventory_turnover_ratio": 1.36,
            "account_receivable_turnover_ratio": 0.43,
            "reinvestment_rate": null,
            "research_to_sale_ratio": 3.18,
            "price_fair": 37,
            "eps_avg_yearly": 1.06,
            "eps_latest_yearly": 0.2,
            "eps_growth_yearly": 535.57
        },
        "20122": {
            "year_quarter": 20122,
            "year": 2012,
            "quarter": 2,
            "eps": -0.1,
            "eps_growth_year": null,
            "eps_4q": -4.5,
            "eps_4q_growth_year": null,
            "roe": -0.71,
            "roe_4q": -28.91,
            "gross_profit": 22690,
            "gross_margin": 6.67,
            "gross_margin_4q_avg": -5.49,
            "net_income": -10527,
            "net_income_4q": null,
            "revenue": 340411,
            "revenue_4q": null,
            "common_shares": 1094342,
            "book_valuer_per_share": 13.45,
            "book_valuer_per_share_4q_avg": 13.96,
            "equity": 1488230,
            "current_ratio": 146.4,
            "debt_ratio": 36.29,
            "inventory_turnover_ratio": 1.51,
            "account_receivable_turnover_ratio": 0.68,
            "reinvestment_rate": null,
            "research_to_sale_ratio": 2.25,
            "price_fair": 40.37,
            "eps_avg_yearly": 1.15,
            "eps_latest_yearly": 0.2,
            "eps_growth_yearly": 663.91
        },
        "20123": {
            "year_quarter": 20123,
            "year": 2012,
            "quarter": 3,
            "eps": -0.02,
            "eps_growth_year": null,
            "eps_4q": -1.36,
            "eps_4q_growth_year": null,
            "roe": -0.29,
            "roe_4q": -9.79,
            "gross_profit": 46423,
            "gross_margin": 12.83,
            "gross_margin_4q_avg": -1.43,
            "net_income": -4320,
            "net_income_4q": null,
            "revenue": 361745,
            "revenue_4q": null,
            "common_shares": 1094342,
            "book_valuer_per_share": 13.41,
            "book_valuer_per_share_4q_avg": 13.63,
            "equity": 1490096,
            "current_ratio": 146.25,
            "debt_ratio": 35.16,
            "inventory_turnover_ratio": 1.47,
            "account_receivable_turnover_ratio": 0.61,
            "reinvestment_rate": null,
            "research_to_sale_ratio": 2.23,
            "price_fair": 34.44,
            "eps_avg_yearly": 0.98,
            "eps_latest_yearly": 0.2,
            "eps_growth_yearly": 543.36
        },
        "20124": {
            "year_quarter": 20124,
            "year": 2012,
            "quarter": 4,
            "eps": 0.01,
            "eps_growth_year": null,
            "eps_4q": -0.75,
            "eps_4q_growth_year": null,
            "roe": 0.04,
            "roe_4q": -5.62,
            "gross_profit": 49581,
            "gross_margin": 13.22,
            "gross_margin_4q_avg": 4.6,
            "net_income": 644,
            "net_income_4q": null,
            "revenue": 374996,
            "revenue_4q": null,
            "common_shares": 1094342,
            "book_valuer_per_share": 13.42,
            "book_valuer_per_share_4q_avg": 13.44,
            "equity": 1490806,
            "current_ratio": 162.43,
            "debt_ratio": 33.79,
            "inventory_turnover_ratio": 1.45,
            "account_receivable_turnover_ratio": 0.67,
            "reinvestment_rate": null,
            "research_to_sale_ratio": 1.83,
            "price_fair": 34.44,
            "eps_avg_yearly": 0.98,
            "eps_latest_yearly": 0.2,
            "eps_growth_yearly": 543.36
        },
        "20131": {
            "year_quarter": 20131,
            "year": 2013,
            "quarter": 1,
            "eps": 0.06,
            "eps_growth_year": null,
            "eps_4q": -0.05,
            "eps_4q_growth_year": null,
            "roe": 0.43,
            "roe_4q": -0.53,
            "gross_profit": 38850,
            "gross_margin": 11.26,
            "gross_margin_4q_avg": 11,
            "net_income": 6419,
            "net_income_4q": null,
            "revenue": 345002,
            "revenue_4q": null,
            "common_shares": 1094342,
            "book_valuer_per_share": 13.49,
            "book_valuer_per_share_4q_avg": 13.44,
            "equity": 1499512,
            "current_ratio": 174.65,
            "debt_ratio": 30.28,
            "inventory_turnover_ratio": 1.2,
            "account_receivable_turnover_ratio": 0.79,
            "reinvestment_rate": null,
            "research_to_sale_ratio": 1.85,
            "price_fair": 30.1,
            "eps_avg_yearly": 0.86,
            "eps_latest_yearly": 0.24,
            "eps_growth_yearly": 786.13
        },
        "20132": {
            "year_quarter": 20132,
            "year": 2013,
            "quarter": 2,
            "eps": -0.36,
            "eps_growth_year": null,
            "eps_4q": -0.31,
            "eps_4q_growth_year": null,
            "roe": -2.79,
            "roe_4q": -2.61,
            "gross_profit": 30941,
            "gross_margin": 9.26,
            "gross_margin_4q_avg": 11.64,
            "net_income": -41294,
            "net_income_4q": null,
            "revenue": 334115,
            "revenue_4q": null,
            "common_shares": 1094342,
            "book_valuer_per_share": 13.15,
            "book_valuer_per_share_4q_avg": 13.37,
            "equity": 1459625,
            "current_ratio": 172.06,
            "debt_ratio": 29.92,
            "inventory_turnover_ratio": 1.28,
            "account_receivable_turnover_ratio": 0.9,
            "reinvestment_rate": null,
            "research_to_sale_ratio": 3.12,
            "price_fair": 17.36,
            "eps_avg_yearly": 0.5,
            "eps_latest_yearly": 0.24,
            "eps_growth_yearly": 257.65
        },
        "20133": {
            "year_quarter": 20133,
            "year": 2013,
            "quarter": 3,
            "eps": -0.93,
            "eps_growth_year": null,
            "eps_4q": -1.22,
            "eps_4q_growth_year": null,
            "roe": -7.78,
            "roe_4q": -10.100000000000001,
            "gross_profit": -42093,
            "gross_margin": -17.32,
            "gross_margin_4q_avg": 4.11,
            "net_income": -109238,
            "net_income_4q": null,
            "revenue": 243072,
            "revenue_4q": null,
            "common_shares": 1094342,
            "book_valuer_per_share": 12.18,
            "book_valuer_per_share_4q_avg": 13.06,
            "equity": 1349730,
            "current_ratio": 148.46,
            "debt_ratio": 35.86,
            "inventory_turnover_ratio": 1.29,
            "account_receivable_turnover_ratio": 0.65,
            "reinvestment_rate": null,
            "research_to_sale_ratio": 4.09,
            "price_fair": 10.15,
            "eps_avg_yearly": 0.29,
            "eps_latest_yearly": 0.24,
            "eps_growth_yearly": 372.8
        },
        "20134": {
            "year_quarter": 20134,
            "year": 2013,
            "quarter": 4,
            "eps": -1.37,
            "eps_growth_year": -26545.53,
            "eps_4q": -2.59,
            "eps_4q_growth_year": null,
            "roe": -12.45,
            "roe_4q": -22.59,
            "gross_profit": -81339,
            "gross_margin": -47.71,
            "gross_margin_4q_avg": -11.13,
            "net_income": -158192,
            "net_income_4q": null,
            "revenue": 170488,
            "revenue_4q": null,
            "common_shares": 1094342,
            "book_valuer_per_share": 10.8,
            "book_valuer_per_share_4q_avg": 12.41,
            "equity": 1192276,
            "current_ratio": 146.27,
            "debt_ratio": 33.28,
            "inventory_turnover_ratio": 1.35,
            "account_receivable_turnover_ratio": 0.62,
            "reinvestment_rate": null,
            "research_to_sale_ratio": 5.68,
            "price_fair": 8.87,
            "eps_avg_yearly": 0.25,
            "eps_latest_yearly": 0.24,
            "eps_growth_yearly": 590
        },
        "20141": {
            "year_quarter": 20141,
            "year": 2014,
            "quarter": 1,
            "eps": -0.52,
            "eps_growth_year": -966.67,
            "eps_4q": -3.17,
            "eps_4q_growth_year": null,
            "roe": -5.1,
            "roe_4q": -28.119999999999997,
            "gross_profit": -24585,
            "gross_margin": -16.27,
            "gross_margin_4q_avg": -18.01,
            "net_income": -59485,
            "net_income_4q": null,
            "revenue": 151137,
            "revenue_4q": null,
            "common_shares": 1094342,
            "book_valuer_per_share": 10.33,
            "book_valuer_per_share_4q_avg": 11.62,
            "equity": 1138331,
            "current_ratio": 208.73,
            "debt_ratio": 31.66,
            "inventory_turnover_ratio": 1.32,
            "account_receivable_turnover_ratio": 0.7,
            "reinvestment_rate": null,
            "research_to_sale_ratio": 7.09,
            "price_fair": 7.7,
            "eps_avg_yearly": 0.22,
            "eps_latest_yearly": 0.24,
            "eps_growth_yearly": 925
        },
        "20142": {
            "year_quarter": 20142,
            "year": 2014,
            "quarter": 2,
            "eps": -0.44,
            "eps_growth_year": null,
            "eps_4q": -3.25,
            "eps_4q_growth_year": null,
            "roe": -4.41,
            "roe_4q": -29.740000000000002,
            "gross_profit": -1681,
            "gross_margin": -0.84,
            "gross_margin_4q_avg": -20.54,
            "net_income": -48629,
            "net_income_4q": null,
            "revenue": 199629,
            "revenue_4q": null,
            "common_shares": 1094342,
            "book_valuer_per_share": 9.73,
            "book_valuer_per_share_4q_avg": 10.76,
            "equity": 1066816,
            "current_ratio": 209.47,
            "debt_ratio": 31.86,
            "inventory_turnover_ratio": 1.7,
            "account_receivable_turnover_ratio": 0.85,
            "reinvestment_rate": null,
            "research_to_sale_ratio": 3.34,
            "price_fair": 8.4,
            "eps_avg_yearly": 0.24,
            "eps_latest_yearly": 0.24,
            "eps_growth_yearly": 2000
        },
        "20143": {
            "year_quarter": 20143,
            "year": 2014,
            "quarter": 3,
            "eps": -0.06,
            "eps_growth_year": null,
            "eps_4q": -2.39,
            "eps_4q_growth_year": null,
            "roe": -0.64,
            "roe_4q": -22.599999999999998,
            "gross_profit": 22918,
            "gross_margin": 8.46,
            "gross_margin_4q_avg": -14.09,
            "net_income": -6798,
            "net_income_4q": null,
            "revenue": 270853,
            "revenue_4q": null,
            "common_shares": 1094342,
            "book_valuer_per_share": 9.67,
            "book_valuer_per_share_4q_avg": 10.13,
            "equity": 1060799,
            "current_ratio": 182.64,
            "debt_ratio": 36.83,
            "inventory_turnover_ratio": 1.78,
            "account_receivable_turnover_ratio": 0.92,
            "reinvestment_rate": null,
            "research_to_sale_ratio": 1.79,
            "price_fair": 8.4,
            "eps_avg_yearly": 0.24,
            "eps_latest_yearly": 0.24,
            "eps_growth_yearly": 2000
        },
        "20144": {
            "year_quarter": 20144,
            "year": 2014,
            "quarter": 4,
            "eps": -2.52,
            "eps_growth_year": null,
            "eps_4q": -3.54,
            "eps_4q_growth_year": null,
            "roe": -30.03,
            "roe_4q": -40.18,
            "gross_profit": -5639,
            "gross_margin": -2.34,
            "gross_margin_4q_avg": -2.75,
            "net_income": -277257,
            "net_income_4q": null,
            "revenue": 241005,
            "revenue_4q": null,
            "common_shares": 1094342,
            "book_valuer_per_share": 7.18,
            "book_valuer_per_share_4q_avg": 9.23,
            "equity": 785537,
            "current_ratio": 202.79,
            "debt_ratio": 40.37,
            "inventory_turnover_ratio": 1.58,
            "account_receivable_turnover_ratio": 0.71,
            "reinvestment_rate": null,
            "research_to_sale_ratio": 1.88,
            "price_fair": 8.4,
            "eps_avg_yearly": 0.24,
            "eps_latest_yearly": 0.24,
            "eps_growth_yearly": 2000
        },
        "20151": {
            "year_quarter": 20151,
            "year": 2015,
            "quarter": 1,
            "eps": -0.12,
            "eps_growth_year": null,
            "eps_4q": -3.13,
            "eps_4q_growth_year": null,
            "roe": -1.63,
            "roe_4q": -36.709999999999994,
            "gross_profit": 25370,
            "gross_margin": 11.5,
            "gross_margin_4q_avg": 4.2,
            "net_income": -12697,
            "net_income_4q": null,
            "revenue": 220600,
            "revenue_4q": null,
            "common_shares": 1094342,
            "book_valuer_per_share": 7.05,
            "book_valuer_per_share_4q_avg": 8.41,
            "equity": 772187,
            "current_ratio": 213.68,
            "debt_ratio": 38.08,
            "inventory_turnover_ratio": 1.47,
            "account_receivable_turnover_ratio": 0.67,
            "reinvestment_rate": null,
            "research_to_sale_ratio": 1.72,
            "price_fair": 8.4,
            "eps_avg_yearly": 0.24,
            "eps_latest_yearly": 0.24,
            "eps_growth_yearly": 2000
        },
        "20152": {
            "year_quarter": 20152,
            "year": 2015,
            "quarter": 2,
            "eps": -0.19,
            "eps_growth_year": null,
            "eps_4q": -2.88,
            "eps_4q_growth_year": null,
            "roe": -2.76,
            "roe_4q": -35.06,
            "gross_profit": 10770,
            "gross_margin": 7.07,
            "gross_margin_4q_avg": 6.17,
            "net_income": -21034,
            "net_income_4q": null,
            "revenue": 152280,
            "revenue_4q": null,
            "common_shares": 1094342,
            "book_valuer_per_share": 6.86,
            "book_valuer_per_share_4q_avg": 7.69,
            "equity": 750774,
            "current_ratio": 215.44,
            "debt_ratio": 37.88,
            "inventory_turnover_ratio": 1.07,
            "account_receivable_turnover_ratio": 0.55,
            "reinvestment_rate": null,
            "research_to_sale_ratio": 2.59,
            "price_fair": 8.4,
            "eps_avg_yearly": 0.24,
            "eps_latest_yearly": 0.24,
            "eps_growth_yearly": 2000
        },
        "20153": {
            "year_quarter": 20153,
            "year": 2015,
            "quarter": 3,
            "eps": -0.1,
            "eps_growth_year": null,
            "eps_4q": -2.93,
            "eps_4q_growth_year": null,
            "roe": -1.53,
            "roe_4q": -35.95,
            "gross_profit": 2614,
            "gross_margin": 1.52,
            "gross_margin_4q_avg": 4.44,
            "net_income": -11436,
            "net_income_4q": null,
            "revenue": 172012,
            "revenue_4q": null,
            "common_shares": 1094342,
            "book_valuer_per_share": 6.76,
            "book_valuer_per_share_4q_avg": 6.96,
            "equity": 739993,
            "current_ratio": 242.8,
            "debt_ratio": 35.07,
            "inventory_turnover_ratio": 1.39,
            "account_receivable_turnover_ratio": 0.76,
            "reinvestment_rate": null,
            "research_to_sale_ratio": 1.94,
            "price_fair": 8.4,
            "eps_avg_yearly": 0.24,
            "eps_latest_yearly": 0.24,
            "eps_growth_yearly": 2000
        },
        "20154": {
            "year_quarter": 20154,
            "year": 2015,
            "quarter": 4,
            "eps": -0.18,
            "eps_growth_year": null,
            "eps_4q": -0.59,
            "eps_4q_growth_year": null,
            "roe": -2.74,
            "roe_4q": -8.66,
            "gross_profit": 3380,
            "gross_margin": 2.14,
            "gross_margin_4q_avg": 5.56,
            "net_income": -19939,
            "net_income_4q": null,
            "revenue": 158155,
            "revenue_4q": null,
            "common_shares": 1094342,
            "book_valuer_per_share": 6.56,
            "book_valuer_per_share_4q_avg": 6.81,
            "equity": 717513,
            "current_ratio": 238.68,
            "debt_ratio": 36.75,
            "inventory_turnover_ratio": 1.72,
            "account_receivable_turnover_ratio": 0.61,
            "reinvestment_rate": null,
            "research_to_sale_ratio": 2.01,
            "price_fair": 8.4,
            "eps_avg_yearly": 0.24,
            "eps_latest_yearly": 0.24,
            "eps_growth_yearly": 2000
        },
        "20161": {
            "year_quarter": 20161,
            "year": 2016,
            "quarter": 1,
            "eps": -0.23,
            "eps_growth_year": null,
            "eps_4q": -0.71,
            "eps_4q_growth_year": null,
            "roe": -3.54,
            "roe_4q": -10.57,
            "gross_profit": -1152,
            "gross_margin": -0.97,
            "gross_margin_4q_avg": 2.44,
            "net_income": -24925,
            "net_income_4q": null,
            "revenue": 118336,
            "revenue_4q": null,
            "common_shares": 1094342,
            "book_valuer_per_share": 6.33,
            "book_valuer_per_share_4q_avg": 6.63,
            "equity": 692588,
            "current_ratio": 154.35,
            "debt_ratio": 37.89,
            "inventory_turnover_ratio": 1.54,
            "account_receivable_turnover_ratio": 0.43,
            "reinvestment_rate": null,
            "research_to_sale_ratio": 2.14,
            "price_fair": 8.4,
            "eps_avg_yearly": 0.24,
            "eps_latest_yearly": 0.24,
            "eps_growth_yearly": 2000
        },
        "20162": {
            "year_quarter": 20162,
            "year": 2016,
            "quarter": 2,
            "eps": -0.2,
            "eps_growth_year": null,
            "eps_4q": -0.72,
            "eps_4q_growth_year": null,
            "roe": -3.26,
            "roe_4q": -11.069999999999999,
            "gross_profit": 1154,
            "gross_margin": 0.87,
            "gross_margin_4q_avg": 0.89,
            "net_income": -22246,
            "net_income_4q": null,
            "revenue": 133140,
            "revenue_4q": null,
            "common_shares": 1094342,
            "book_valuer_per_share": 6.12,
            "book_valuer_per_share_4q_avg": 6.44,
            "equity": 670342,
            "current_ratio": 150.45,
            "debt_ratio": 38.43,
            "inventory_turnover_ratio": 1.8,
            "account_receivable_turnover_ratio": 0.53,
            "reinvestment_rate": null,
            "research_to_sale_ratio": 2.64,
            "price_fair": 8.4,
            "eps_avg_yearly": 0.24,
            "eps_latest_yearly": 0.24,
            "eps_growth_yearly": 2000
        },
        "20163": {
            "year_quarter": 20163,
            "year": 2016,
            "quarter": 3,
            "eps": -0.37,
            "eps_growth_year": null,
            "eps_4q": -0.71,
            "eps_4q_growth_year": null,
            "roe": -4.69,
            "roe_4q": -14.23,
            "gross_profit": 773,
            "gross_margin": 0.57,
            "gross_margin_4q_avg": 0.65,
            "net_income": -34455,
            "net_income_4q": null,
            "revenue": 136351,
            "revenue_4q": null,
            "common_shares": 1432470,
            "book_valuer_per_share": 5.57,
            "book_valuer_per_share_4q_avg": 6.15,
            "equity": 797610,
            "current_ratio": 185.64,
            "debt_ratio": 35.37,
            "inventory_turnover_ratio": 2.05,
            "account_receivable_turnover_ratio": 0.54,
            "reinvestment_rate": null,
            "research_to_sale_ratio": 2.02,
            "price_fair": 8.4,
            "eps_avg_yearly": 0.24,
            "eps_latest_yearly": 0.24,
            "eps_growth_yearly": 2000
        },
        "20164": {
            "year_quarter": 20164,
            "year": 2016,
            "quarter": 4,
            "eps": -0.14,
            "eps_growth_year": null,
            "eps_4q": -0.71,
            "eps_4q_growth_year": null,
            "roe": -2.47,
            "roe_4q": -13.96,
            "gross_profit": -808,
            "gross_margin": -0.75,
            "gross_margin_4q_avg": -0.07,
            "net_income": -19448,
            "net_income_4q": null,
            "revenue": 107302,
            "revenue_4q": null,
            "common_shares": 1432470,
            "book_valuer_per_share": 5.43,
            "book_valuer_per_share_4q_avg": 5.86,
            "equity": 778162,
            "current_ratio": 207.11,
            "debt_ratio": 31.18,
            "inventory_turnover_ratio": 1.98,
            "account_receivable_turnover_ratio": 0.41,
            "reinvestment_rate": null,
            "research_to_sale_ratio": 1.86,
            "price_fair": 8.4,
            "eps_avg_yearly": 0.24,
            "eps_latest_yearly": 0.24,
            "eps_growth_yearly": 2000
        },
        "20171": {
            "year_quarter": 20171,
            "year": 2017,
            "quarter": 1,
            "eps": -0.31,
            "eps_growth_year": null,
            "eps_4q": -0.84,
            "eps_4q_growth_year": null,
            "roe": -5.87,
            "roe_4q": -16.29,
            "gross_profit": -20650,
            "gross_margin": -103.77,
            "gross_margin_4q_avg": -25.77,
            "net_income": -44377,
            "net_income_4q": null,
            "revenue": 19899,
            "revenue_4q": null,
            "common_shares": 1432470,
            "book_valuer_per_share": 5.12,
            "book_valuer_per_share_4q_avg": 5.56,
            "equity": 733785,
            "current_ratio": 449.44,
            "debt_ratio": 13.12,
            "inventory_turnover_ratio": 1.03,
            "account_receivable_turnover_ratio": 0.09,
            "reinvestment_rate": null,
            "research_to_sale_ratio": 3.47,
            "price_fair": 0,
            "eps_avg_yearly": 0,
            "eps_latest_yearly": 0,
            "eps_growth_yearly": 0
        },
        "20172": {
            "year_quarter": 20172,
            "year": 2017,
            "quarter": 2,
            "eps": -0.11,
            "eps_growth_year": null,
            "eps_4q": -0.8,
            "eps_4q_growth_year": null,
            "roe": -2.25,
            "roe_4q": -15.280000000000001,
            "gross_profit": -8574,
            "gross_margin": -102.21,
            "gross_margin_4q_avg": -51.54,
            "net_income": -16352,
            "net_income_4q": null,
            "revenue": 8389,
            "revenue_4q": null,
            "common_shares": 1432470,
            "book_valuer_per_share": 5.01,
            "book_valuer_per_share_4q_avg": 5.28,
            "equity": 717433,
            "current_ratio": 516.18,
            "debt_ratio": 9.03,
            "inventory_turnover_ratio": 0.62,
            "account_receivable_turnover_ratio": 0.06,
            "reinvestment_rate": null,
            "research_to_sale_ratio": 9.86,
            "price_fair": 0,
            "eps_avg_yearly": 0,
            "eps_latest_yearly": 0,
            "eps_growth_yearly": 0
        },
        "20173": {
            "year_quarter": 20173,
            "year": 2017,
            "quarter": 3,
            "eps": -0.59,
            "eps_growth_year": null,
            "eps_4q": -1.63,
            "eps_4q_growth_year": null,
            "roe": -6.62,
            "roe_4q": -17.21,
            "gross_profit": -20889,
            "gross_margin": -199.63,
            "gross_margin_4q_avg": -101.59,
            "net_income": -45973,
            "net_income_4q": null,
            "revenue": 10464,
            "revenue_4q": null,
            "common_shares": 773254,
            "book_valuer_per_share": 8.68,
            "book_valuer_per_share_4q_avg": 6.06,
            "equity": 671460,
            "current_ratio": 455.88,
            "debt_ratio": 9.65,
            "inventory_turnover_ratio": 1.72,
            "account_receivable_turnover_ratio": 0.09,
            "reinvestment_rate": null,
            "research_to_sale_ratio": 9.36,
            "price_fair": 0,
            "eps_avg_yearly": 0,
            "eps_latest_yearly": 0,
            "eps_growth_yearly": 0
        },
        "20174": {
            "year_quarter": 20174,
            "year": 2017,
            "quarter": 4,
            "eps": -1.59,
            "eps_growth_year": null,
            "eps_4q": -2.97,
            "eps_4q_growth_year": null,
            "roe": -20.19,
            "roe_4q": -34.93,
            "gross_profit": -12469,
            "gross_margin": -99.8,
            "gross_margin_4q_avg": -126.35,
            "net_income": -123156,
            "net_income_4q": null,
            "revenue": 12494,
            "revenue_4q": null,
            "common_shares": 773254,
            "book_valuer_per_share": 7.09,
            "book_valuer_per_share_4q_avg": 6.48,
            "equity": 548304,
            "current_ratio": 361.91,
            "debt_ratio": 11.72,
            "inventory_turnover_ratio": 2.73,
            "account_receivable_turnover_ratio": 0.16,
            "reinvestment_rate": null,
            "research_to_sale_ratio": 5.8,
            "price_fair": 0,
            "eps_avg_yearly": 0,
            "eps_latest_yearly": 0,
            "eps_growth_yearly": 0
        },
        "20181": {
            "year_quarter": 20181,
            "year": 2018,
            "quarter": 1,
            "eps": -0.27,
            "eps_growth_year": null,
            "eps_4q": -2.67,
            "eps_4q_growth_year": null,
            "roe": -3.93,
            "roe_4q": -32.99,
            "gross_profit": -6240,
            "gross_margin": -132.29,
            "gross_margin_4q_avg": -133.48,
            "net_income": -21156,
            "net_income_4q": null,
            "revenue": 4717,
            "revenue_4q": null,
            "common_shares": 773254,
            "book_valuer_per_share": 6.82,
            "book_valuer_per_share_4q_avg": 6.9,
            "equity": 527148,
            "current_ratio": 377.73,
            "debt_ratio": 18.9,
            "inventory_turnover_ratio": 2.21,
            "account_receivable_turnover_ratio": 0.1,
            "reinvestment_rate": null,
            "research_to_sale_ratio": 17.07,
            "price_fair": 0,
            "eps_avg_yearly": 0,
            "eps_latest_yearly": 0,
            "eps_growth_yearly": 0
        },
        "20182": {
            "year_quarter": 20182,
            "year": 2018,
            "quarter": 2,
            "eps": -0.06,
            "eps_growth_year": null,
            "eps_4q": -2.52,
            "eps_4q_growth_year": null,
            "roe": -0.87,
            "roe_4q": -31.610000000000003,
            "gross_profit": -3879,
            "gross_margin": -142.66,
            "gross_margin_4q_avg": -143.6,
            "net_income": -4566,
            "net_income_4q": null,
            "revenue": 2719,
            "revenue_4q": null,
            "common_shares": 773254,
            "book_valuer_per_share": 6.76,
            "book_valuer_per_share_4q_avg": 7.34,
            "equity": 522582,
            "current_ratio": 384.03,
            "debt_ratio": 18.71,
            "inventory_turnover_ratio": 1.69,
            "account_receivable_turnover_ratio": 0.06,
            "reinvestment_rate": null,
            "research_to_sale_ratio": 14.86,
            "price_fair": 0,
            "eps_avg_yearly": 0,
            "eps_latest_yearly": 0,
            "eps_growth_yearly": 0
        },
        "20183": {
            "year_quarter": 20183,
            "year": 2018,
            "quarter": 3,
            "eps": -0.05,
            "eps_growth_year": null,
            "eps_4q": -1.98,
            "eps_4q_growth_year": null,
            "roe": -0.79,
            "roe_4q": -25.78,
            "gross_profit": -2350,
            "gross_margin": -44.9,
            "gross_margin_4q_avg": -104.91,
            "net_income": -4098,
            "net_income_4q": null,
            "revenue": 5234,
            "revenue_4q": null,
            "common_shares": 773254,
            "book_valuer_per_share": 6.71,
            "book_valuer_per_share_4q_avg": 6.85,
            "equity": 518484,
            "current_ratio": 850.89,
            "debt_ratio": 11.63,
            "inventory_turnover_ratio": 3.77,
            "account_receivable_turnover_ratio": 0.12,
            "reinvestment_rate": null,
            "research_to_sale_ratio": 2.39,
            "price_fair": 0,
            "eps_avg_yearly": 0,
            "eps_latest_yearly": 0,
            "eps_growth_yearly": 0
        },
        "20184": {
            "year_quarter": 20184,
            "year": 2018,
            "quarter": 4,
            "eps": 0.39,
            "eps_growth_year": null,
            "eps_4q": 0,
            "eps_4q_growth_year": null,
            "roe": 5.65,
            "roe_4q": 0.06000000000000005,
            "gross_profit": -61,
            "gross_margin": -0.38,
            "gross_margin_4q_avg": -80.06,
            "net_income": 30137,
            "net_income_4q": null,
            "revenue": 15911,
            "revenue_4q": null,
            "common_shares": 773254,
            "book_valuer_per_share": 7.09,
            "book_valuer_per_share_4q_avg": 6.85,
            "equity": 548621,
            "current_ratio": 701.94,
            "debt_ratio": 14.01,
            "inventory_turnover_ratio": 187.91,
            "account_receivable_turnover_ratio": 0.33,
            "reinvestment_rate": null,
            "research_to_sale_ratio": 0.01,
            "price_fair": 0,
            "eps_avg_yearly": 0,
            "eps_latest_yearly": 0,
            "eps_growth_yearly": 0
        },
        "20191": {
            "year_quarter": 20191,
            "year": 2019,
            "quarter": 1,
            "eps": -0.13,
            "eps_growth_year": null,
            "eps_4q": 0.15,
            "eps_4q_growth_year": null,
            "roe": -1.85,
            "roe_4q": 2.14,
            "gross_profit": 772,
            "gross_margin": 4.87,
            "gross_margin_4q_avg": -45.77,
            "net_income": -10061,
            "net_income_4q": null,
            "revenue": 15848,
            "revenue_4q": null,
            "common_shares": 773254,
            "book_valuer_per_share": 6.96,
            "book_valuer_per_share_4q_avg": 6.88,
            "equity": 538560,
            "current_ratio": 736.52,
            "debt_ratio": 14.79,
            "inventory_turnover_ratio": null,
            "account_receivable_turnover_ratio": 0.31,
            "reinvestment_rate": null,
            "research_to_sale_ratio": 0,
            "price_fair": 0,
            "eps_avg_yearly": 0,
            "eps_latest_yearly": 0,
            "eps_growth_yearly": 0
        },
        "20192": {
            "year_quarter": 20192,
            "year": 2019,
            "quarter": 2,
            "eps": -0.13,
            "eps_growth_year": null,
            "eps_4q": 0.07,
            "eps_4q_growth_year": null,
            "roe": -1.46,
            "roe_4q": 1.5500000000000003,
            "gross_profit": 735,
            "gross_margin": 4.68,
            "gross_margin_4q_avg": -8.93,
            "net_income": -9968,
            "net_income_4q": null,
            "revenue": 15690,
            "revenue_4q": null,
            "common_shares": 923004,
            "book_valuer_per_share": 8.91,
            "book_valuer_per_share_4q_avg": 7.42,
            "equity": 822461,
            "current_ratio": 958.16,
            "debt_ratio": 11.26,
            "inventory_turnover_ratio": null,
            "account_receivable_turnover_ratio": 0.32,
            "reinvestment_rate": null,
            "research_to_sale_ratio": 0,
            "price_fair": 0,
            "eps_avg_yearly": 0,
            "eps_latest_yearly": 0,
            "eps_growth_yearly": 0
        },
        "20193": {
            "year_quarter": 20193,
            "year": 2019,
            "quarter": 3,
            "eps": 0.5,
            "eps_growth_year": null,
            "eps_4q": 0.56,
            "eps_4q_growth_year": null,
            "roe": 5.02,
            "roe_4q": 7.359999999999999,
            "gross_profit": 204446,
            "gross_margin": 39.87,
            "gross_margin_4q_avg": 12.26,
            "net_income": 41817,
            "net_income_4q": null,
            "revenue": 512747,
            "revenue_4q": null,
            "common_shares": 923004,
            "book_valuer_per_share": 9.13,
            "book_valuer_per_share_4q_avg": 8.02,
            "equity": 842775,
            "current_ratio": 63.21,
            "debt_ratio": 79.94,
            "inventory_turnover_ratio": 0.98,
            "account_receivable_turnover_ratio": 1.38,
            "reinvestment_rate": null,
            "research_to_sale_ratio": 5.09,
            "price_fair": 0,
            "eps_avg_yearly": 0,
            "eps_latest_yearly": 0,
            "eps_growth_yearly": 0
        },
        "20194": {
            "year_quarter": 20194,
            "year": 2019,
            "quarter": 4,
            "eps": 2.71,
            "eps_growth_year": 594.37,
            "eps_4q": 3.01,
            "eps_4q_growth_year": 73256.2,
            "roe": 20.44,
            "roe_4q": 22.15,
            "gross_profit": 434591,
            "gross_margin": 37.92,
            "gross_margin_4q_avg": 21.84,
            "net_income": 195663,
            "net_income_4q": null,
            "revenue": 1145946,
            "revenue_4q": null,
            "common_shares": 723004,
            "book_valuer_per_share": 14.83,
            "book_valuer_per_share_4q_avg": 9.96,
            "equity": 1072019,
            "current_ratio": 73.67,
            "debt_ratio": 77.35,
            "inventory_turnover_ratio": 0.91,
            "account_receivable_turnover_ratio": 1.45,
            "reinvestment_rate": null,
            "research_to_sale_ratio": 2.93,
            "price_fair": 379.4,
            "eps_avg_yearly": 10.84,
            "eps_latest_yearly": 10.84,
            "eps_growth_yearly": 1768
        },
        "20201": {
            "year_quarter": 20201,
            "year": 2020,
            "quarter": 1,
            "eps": 3.86,
            "eps_growth_year": null,
            "eps_4q": 7.01,
            "eps_4q_growth_year": 4650.19,
            "roe": 23.11,
            "roe_4q": 47.10999999999999,
            "gross_profit": 613103,
            "gross_margin": 40.81,
            "gross_margin_4q_avg": 30.82,
            "net_income": 279351,
            "net_income_4q": null,
            "revenue": 1502517,
            "revenue_4q": null,
            "common_shares": 723004,
            "book_valuer_per_share": 18.61,
            "book_valuer_per_share_4q_avg": 12.87,
            "equity": 1345240,
            "current_ratio": 76.47,
            "debt_ratio": 68.82,
            "inventory_turnover_ratio": 1.2,
            "account_receivable_turnover_ratio": 1.57,
            "reinvestment_rate": 211.7,
            "research_to_sale_ratio": 0.86,
            "price_fair": 459.9,
            "eps_avg_yearly": 13.14,
            "eps_latest_yearly": 15.44,
            "eps_growth_yearly": 968.87
        },
        "20202": {
            "year_quarter": 20202,
            "year": 2020,
            "quarter": 2,
            "eps": 1.32,
            "eps_growth_year": null,
            "eps_4q": 8.47,
            "eps_4q_growth_year": 12904.68,
            "roe": 6.88,
            "roe_4q": 55.45,
            "gross_profit": 343785,
            "gross_margin": 41.9,
            "gross_margin_4q_avg": 40.13,
            "net_income": 95390,
            "net_income_4q": null,
            "revenue": 820429,
            "revenue_4q": null,
            "common_shares": 723004,
            "book_valuer_per_share": 19.77,
            "book_valuer_per_share_4q_avg": 15.59,
            "equity": 1429371,
            "current_ratio": 77.56,
            "debt_ratio": 63.1,
            "inventory_turnover_ratio": 0.9,
            "account_receivable_turnover_ratio": 0.89,
            "reinvestment_rate": 125.1,
            "research_to_sale_ratio": 2.29,
            "price_fair": 368.2,
            "eps_avg_yearly": 10.52,
            "eps_latest_yearly": 5.28,
            "eps_growth_yearly": 558.18
        },
        "20203": {
            "year_quarter": 20203,
            "year": 2020,
            "quarter": 3,
            "eps": 1.82,
            "eps_growth_year": 264,
            "eps_4q": 9.71,
            "eps_4q_growth_year": 1626.77,
            "roe": 8.93,
            "roe_4q": 59.36,
            "gross_profit": 417403,
            "gross_margin": 41.34,
            "gross_margin_4q_avg": 40.49,
            "net_income": 131936,
            "net_income_4q": null,
            "revenue": 1009573,
            "revenue_4q": null,
            "common_shares": 723004,
            "book_valuer_per_share": 21.08,
            "book_valuer_per_share_4q_avg": 18.57,
            "equity": 1524450,
            "current_ratio": 86.35,
            "debt_ratio": 61.38,
            "inventory_turnover_ratio": 1.13,
            "account_receivable_turnover_ratio": 1.24,
            "reinvestment_rate": 90.36,
            "research_to_sale_ratio": 1.53,
            "price_fair": 339.85,
            "eps_avg_yearly": 9.71,
            "eps_latest_yearly": 7.28,
            "eps_growth_yearly": 456.51
        },
        "20204": {
            "year_quarter": 20204,
            "year": 2020,
            "quarter": 4,
            "eps": 3,
            "eps_growth_year": 11.01,
            "eps_4q": 10.01,
            "eps_4q_growth_year": 232.9,
            "roe": 13.91,
            "roe_4q": 52.83,
            "gross_profit": 415670,
            "gross_margin": 37.92,
            "gross_margin_4q_avg": 40.49,
            "net_income": 217210,
            "net_income_4q": null,
            "revenue": 1096054,
            "revenue_4q": null,
            "common_shares": 723004,
            "book_valuer_per_share": 22.11,
            "book_valuer_per_share_4q_avg": 20.39,
            "equity": 1598890,
            "current_ratio": 110.63,
            "debt_ratio": 64.48,
            "inventory_turnover_ratio": 0.96,
            "account_receivable_turnover_ratio": 1.28,
            "reinvestment_rate": 64.62,
            "research_to_sale_ratio": 1.76,
            "price_fair": 355.88,
            "eps_avg_yearly": 10.17,
            "eps_latest_yearly": 12,
            "eps_growth_yearly": 417.08
        },
        "20211": {
            "year_quarter": 20211,
            "year": 2021,
            "quarter": 1,
            "eps": 3.23,
            "eps_growth_year": -16.32,
            "eps_4q": 9.38,
            "eps_4q_growth_year": 33.82,
            "roe": 14.79,
            "roe_4q": 44.51,
            "gross_profit": 567899,
            "gross_margin": 38.52,
            "gross_margin_4q_avg": 39.92,
            "net_income": 233755,
            "net_income_4q": null,
            "revenue": 1474280,
            "revenue_4q": null,
            "common_shares": 723004,
            "book_valuer_per_share": 21.6,
            "book_valuer_per_share_4q_avg": 21.14,
            "equity": 1561451,
            "current_ratio": 105.25,
            "debt_ratio": 67.23,
            "inventory_turnover_ratio": 1.13,
            "account_receivable_turnover_ratio": 1.55,
            "reinvestment_rate": 49.47,
            "research_to_sale_ratio": 2.01,
            "price_fair": 371.93,
            "eps_avg_yearly": 10.63,
            "eps_latest_yearly": 12.92,
            "eps_growth_yearly": 352.68
        },
        "20212": {
            "year_quarter": 20212,
            "year": 2021,
            "quarter": 2,
            "eps": 2.02,
            "eps_growth_year": 53.03,
            "eps_4q": 10.08,
            "eps_4q_growth_year": 19.06,
            "roe": 8.96,
            "roe_4q": 46.589999999999996,
            "gross_profit": 414453,
            "gross_margin": 40.76,
            "gross_margin_4q_avg": 39.64,
            "net_income": 146008,
            "net_income_4q": null,
            "revenue": 1016906,
            "revenue_4q": null,
            "common_shares": 723004,
            "book_valuer_per_share": 23.47,
            "book_valuer_per_share_4q_avg": 22.07,
            "equity": 1696916,
            "current_ratio": 111.92,
            "debt_ratio": 61.32,
            "inventory_turnover_ratio": 0.76,
            "account_receivable_turnover_ratio": 1.12,
            "reinvestment_rate": 41.97,
            "research_to_sale_ratio": 2.22,
            "price_fair": 359.2,
            "eps_avg_yearly": 10.26,
            "eps_latest_yearly": 8.08,
            "eps_growth_yearly": 280.89
        },
        "20213": {
            "year_quarter": 20213,
            "year": 2021,
            "quarter": 3,
            "eps": 0.53,
            "eps_growth_year": -70.88,
            "eps_4q": 7.94,
            "eps_4q_growth_year": -18.28,
            "roe": 2,
            "roe_4q": 39.66,
            "gross_profit": 360873,
            "gross_margin": 31.78,
            "gross_margin_4q_avg": 37.25,
            "net_income": 40487,
            "net_income_4q": null,
            "revenue": 1135603,
            "revenue_4q": null,
            "common_shares": 803004,
            "book_valuer_per_share": 29.18,
            "book_valuer_per_share_4q_avg": 24.09,
            "equity": 2343545,
            "current_ratio": 120.54,
            "debt_ratio": 50.65,
            "inventory_turnover_ratio": 0.75,
            "account_receivable_turnover_ratio": 1.42,
            "reinvestment_rate": 38.53,
            "research_to_sale_ratio": 3.04,
            "price_fair": 323.58,
            "eps_avg_yearly": 9.25,
            "eps_latest_yearly": 2.12,
            "eps_growth_yearly": 208.89
        },
        "20214": {
            "year_quarter": 20214,
            "year": 2021,
            "quarter": 4,
            "eps": 2.02,
            "eps_growth_year": -32.71,
            "eps_4q": 7.26,
            "eps_4q_growth_year": -27.54,
            "roe": 7.03,
            "roe_4q": 32.78,
            "gross_profit": 529802,
            "gross_margin": 31.63,
            "gross_margin_4q_avg": 35.67,
            "net_income": 162331,
            "net_income_4q": null,
            "revenue": 1674758,
            "revenue_4q": null,
            "common_shares": 803004,
            "book_valuer_per_share": 28.35,
            "book_valuer_per_share_4q_avg": 25.65,
            "equity": 2276750,
            "current_ratio": 127.37,
            "debt_ratio": 55.08,
            "inventory_turnover_ratio": 0.92,
            "account_receivable_turnover_ratio": 1.88,
            "reinvestment_rate": 33.06,
            "research_to_sale_ratio": 1.55,
            "price_fair": 319.04,
            "eps_avg_yearly": 9.12,
            "eps_latest_yearly": 8.08,
            "eps_growth_yearly": 310.63
        },
        "20221": {
            "year_quarter": 20221,
            "year": 2022,
            "quarter": 1,
            "eps": 3.02,
            "eps_growth_year": -6.5,
            "eps_4q": 7.36,
            "eps_4q_growth_year": -21.51,
            "roe": 10.62,
            "roe_4q": 28.61,
            "gross_profit": 686127,
            "gross_margin": 33.72,
            "gross_margin_4q_avg": 34.47,
            "net_income": 242461,
            "net_income_4q": null,
            "revenue": 2035018,
            "revenue_4q": null,
            "common_shares": 803004,
            "book_valuer_per_share": 28.53,
            "book_valuer_per_share_4q_avg": 27.38,
            "equity": 2290657,
            "current_ratio": 122.4,
            "debt_ratio": 55.67,
            "inventory_turnover_ratio": 1.1,
            "account_receivable_turnover_ratio": 1.95,
            "reinvestment_rate": 39.2,
            "research_to_sale_ratio": 1.47,
            "price_fair": 329.42,
            "eps_avg_yearly": 9.41,
            "eps_latest_yearly": 12.08,
            "eps_growth_yearly": 299.37
        },
        "20222": {
            "year_quarter": 20222,
            "year": 2022,
            "quarter": 2,
            "eps": 1.06,
            "eps_growth_year": -47.52,
            "eps_4q": 6.6,
            "eps_4q_growth_year": -34.52,
            "roe": 3.62,
            "roe_4q": 23.27,
            "gross_profit": 409368,
            "gross_margin": 36.24,
            "gross_margin_4q_avg": 33.34,
            "net_income": 84813,
            "net_income_4q": null,
            "revenue": 1129648,
            "revenue_4q": null,
            "common_shares": 803004,
            "book_valuer_per_share": 29.86,
            "book_valuer_per_share_4q_avg": 28.98,
            "equity": 2397898,
            "current_ratio": 128.4,
            "debt_ratio": 51.45,
            "inventory_turnover_ratio": 0.6,
            "account_receivable_turnover_ratio": 1.11,
            "reinvestment_rate": 35.92,
            "research_to_sale_ratio": 2.2,
            "price_fair": 312.96,
            "eps_avg_yearly": 8.94,
            "eps_latest_yearly": 4.24,
            "eps_growth_yearly": 248.55
        },
        "20223": {
            "year_quarter": 20223,
            "year": 2022,
            "quarter": 3,
            "eps": 1.19,
            "eps_growth_year": 124.53,
            "eps_4q": 7.29,
            "eps_4q_growth_year": -8.21,
            "roe": 3.88,
            "roe_4q": 25.15,
            "gross_profit": 401657,
            "gross_margin": 36.99,
            "gross_margin_4q_avg": 34.65,
            "net_income": 95498,
            "net_income_4q": null,
            "revenue": 1085821,
            "revenue_4q": null,
            "common_shares": 803004,
            "book_valuer_per_share": 31.38,
            "book_valuer_per_share_4q_avg": 29.53,
            "equity": 2519443,
            "current_ratio": 142.75,
            "debt_ratio": 44.78,
            "inventory_turnover_ratio": 0.57,
            "account_receivable_turnover_ratio": 1.4,
            "reinvestment_rate": 42.67,
            "research_to_sale_ratio": 2.36,
            "price_fair": 300.77,
            "eps_avg_yearly": 8.59,
            "eps_latest_yearly": 4.76,
            "eps_growth_yearly": 231.93
        },
        "20224": {
            "year_quarter": 20224,
            "year": 2022,
            "quarter": 4,
            "eps": 1.77,
            "eps_growth_year": -12.53,
            "eps_4q": 7.03,
            "eps_4q_growth_year": -3.06,
            "roe": 5.78,
            "roe_4q": 23.9,
            "gross_profit": 519291,
            "gross_margin": 37.88,
            "gross_margin_4q_avg": 36.21,
            "net_income": 141985,
            "net_income_4q": null,
            "revenue": 1370719,
            "revenue_4q": null,
            "common_shares": 803004,
            "book_valuer_per_share": 29.85,
            "book_valuer_per_share_4q_avg": 29.91,
            "equity": 2397234,
            "current_ratio": 128.7,
            "debt_ratio": 49.97,
            "inventory_turnover_ratio": 0.74,
            "account_receivable_turnover_ratio": 1.69,
            "reinvestment_rate": 39.13,
            "research_to_sale_ratio": 1.9,
            "price_fair": 296.69,
            "eps_avg_yearly": 8.48,
            "eps_latest_yearly": 7.08,
            "eps_growth_yearly": 229.09
        },
        "20231": {
            "year_quarter": 20231,
            "year": 2023,
            "quarter": 1,
            "eps": 2,
            "eps_growth_year": -33.77,
            "eps_4q": 6.01,
            "eps_4q_growth_year": -18.33,
            "roe": 7.05,
            "roe_4q": 20.330000000000002,
            "gross_profit": 580743,
            "gross_margin": 39.41,
            "gross_margin_4q_avg": 37.63,
            "net_income": 160615,
            "net_income_4q": null,
            "revenue": 1473417,
            "revenue_4q": null,
            "common_shares": 803004,
            "book_valuer_per_share": 26.89,
            "book_valuer_per_share_4q_avg": 29.5,
            "equity": 2159310,
            "current_ratio": 119.51,
            "debt_ratio": 49.64,
            "inventory_turnover_ratio": 0.93,
            "account_receivable_turnover_ratio": 1.47,
            "reinvestment_rate": 35.68,
            "research_to_sale_ratio": 2.28,
            "price_fair": 295.5,
            "eps_avg_yearly": 8.44,
            "eps_latest_yearly": 8,
            "eps_growth_yearly": 216.44
        },
        "20232": {
            "year_quarter": 20232,
            "year": 2023,
            "quarter": 2,
            "eps": 0.64,
            "eps_growth_year": -39.62,
            "eps_4q": 5.6,
            "eps_4q_growth_year": -15.2,
            "roe": 2.37,
            "roe_4q": 19.08,
            "gross_profit": 365390,
            "gross_margin": 37.15,
            "gross_margin_4q_avg": 37.86,
            "net_income": 51417,
            "net_income_4q": null,
            "revenue": 983654,
            "revenue_4q": null,
            "common_shares": 803004,
            "book_valuer_per_share": 27.23,
            "book_valuer_per_share_4q_avg": 28.84,
            "equity": 2186345,
            "current_ratio": 119.49,
            "debt_ratio": 50.55,
            "inventory_turnover_ratio": 0.82,
            "account_receivable_turnover_ratio": 1.13,
            "reinvestment_rate": 33.31,
            "research_to_sale_ratio": 3.28,
            "price_fair": 281.77,
            "eps_avg_yearly": 8.05,
            "eps_latest_yearly": 2.56,
            "eps_growth_yearly": 183.87
        },
        "20233": {
            "year_quarter": 20233,
            "year": 2023,
            "quarter": 3,
            "eps": 1.14,
            "eps_growth_year": -4.2,
            "eps_4q": 5.55,
            "eps_4q_growth_year": -23.81,
            "roe": 4.06,
            "roe_4q": 19.26,
            "gross_profit": 422536,
            "gross_margin": 39.54,
            "gross_margin_4q_avg": 38.5,
            "net_income": 91762,
            "net_income_4q": null,
            "revenue": 1068545,
            "revenue_4q": null,
            "common_shares": 803004,
            "book_valuer_per_share": 29.07,
            "book_valuer_per_share_4q_avg": 28.26,
            "equity": 2334681,
            "current_ratio": 131.21,
            "debt_ratio": 44.04,
            "inventory_turnover_ratio": 0.9,
            "account_receivable_turnover_ratio": 1.28,
            "reinvestment_rate": 16.35,
            "research_to_sale_ratio": 3.6,
            "price_fair": 274.14,
            "eps_avg_yearly": 7.83,
            "eps_latest_yearly": 4.56,
            "eps_growth_yearly": 191.91
        },
        "20234": {
            "year_quarter": 20234,
            "year": 2023,
            "quarter": 4,
            "eps": 1.03,
            "eps_growth_year": -41.81,
            "eps_4q": 4.81,
            "eps_4q_growth_year": -31.58,
            "roe": 3.52,
            "roe_4q": 17,
            "gross_profit": 466783,
            "gross_margin": 38.05,
            "gross_margin_4q_avg": 38.54,
            "net_income": 82619,
            "net_income_4q": null,
            "revenue": 1226806,
            "revenue_4q": null,
            "common_shares": 803004,
            "book_valuer_per_share": 29.38,
            "book_valuer_per_share_4q_avg": 28.14,
            "equity": 2359621,
            "current_ratio": 102.65,
            "debt_ratio": 52.89,
            "inventory_turnover_ratio": 0.94,
            "account_receivable_turnover_ratio": 1.31,
            "reinvestment_rate": 2.48,
            "research_to_sale_ratio": 2.88,
            "price_fair": 259.44,
            "eps_avg_yearly": 7.41,
            "eps_latest_yearly": 4.12,
            "eps_growth_yearly": 79
        }
    },
    "months": {
        "2007-04": {
            "month": "2007-04",
            "price": "126.97",
            "revenue": 101446
        },
        "2007-05": {
            "month": "2007-05",
            "price": "135.24",
            "revenue": 105781
        },
        "2007-06": {
            "month": "2007-06",
            "price": "162.18",
            "revenue": 145011
        },
        "2007-07": {
            "month": "2007-07",
            "price": "199.65",
            "revenue": 143379
        },
        "2007-08": {
            "month": "2007-08",
            "price": "179.50",
            "revenue": 137988
        },
        "2007-09": {
            "month": "2007-09",
            "price": "150.51",
            "revenue": 120156
        },
        "2007-10": {
            "month": "2007-10",
            "price": "135.29",
            "revenue": 113767
        },
        "2007-11": {
            "month": "2007-11",
            "price": "106.91",
            "revenue": 103024
        },
        "2007-12": {
            "month": "2007-12",
            "price": "94.51",
            "revenue": 101649
        },
        "2008-01": {
            "month": "2008-01",
            "price": "71.65",
            "revenue": 111597
        },
        "2008-02": {
            "month": "2008-02",
            "price": "65.60",
            "revenue": 104795
        },
        "2008-03": {
            "month": "2008-03",
            "price": "74.58",
            "revenue": 109431
        },
        "2008-04": {
            "month": "2008-04",
            "price": "78.64",
            "revenue": 123684
        },
        "2008-05": {
            "month": "2008-05",
            "price": "63.65",
            "revenue": 131716
        },
        "2008-06": {
            "month": "2008-06",
            "price": "42.73",
            "revenue": 113978
        },
        "2008-07": {
            "month": "2008-07",
            "price": "27.10",
            "revenue": 98495
        },
        "2008-08": {
            "month": "2008-08",
            "price": "19.18",
            "revenue": 82025
        },
        "2008-09": {
            "month": "2008-09",
            "price": "12.12",
            "revenue": 109032
        },
        "2008-10": {
            "month": "2008-10",
            "price": "10.28",
            "revenue": 77209
        },
        "2008-11": {
            "month": "2008-11",
            "price": "8.89",
            "revenue": 55540
        },
        "2008-12": {
            "month": "2008-12",
            "price": "8.40",
            "revenue": 17945
        },
        "2009-01": {
            "month": "2009-01",
            "price": "8.46",
            "revenue": 40265
        },
        "2009-02": {
            "month": "2009-02",
            "price": "10.51",
            "revenue": 68638
        },
        "2009-03": {
            "month": "2009-03",
            "price": "17.19",
            "revenue": 117540
        },
        "2009-04": {
            "month": "2009-04",
            "price": "24.06",
            "revenue": 138705
        },
        "2009-05": {
            "month": "2009-05",
            "price": "31.30",
            "revenue": 160517
        },
        "2009-06": {
            "month": "2009-06",
            "price": "37.79",
            "revenue": 185371
        },
        "2009-07": {
            "month": "2009-07",
            "price": "40.70",
            "revenue": 195402
        },
        "2009-08": {
            "month": "2009-08",
            "price": "41.68",
            "revenue": 180752
        },
        "2009-09": {
            "month": "2009-09",
            "price": "45.55",
            "revenue": 184827
        },
        "2009-10": {
            "month": "2009-10",
            "price": "42.99",
            "revenue": 153750
        },
        "2009-11": {
            "month": "2009-11",
            "price": "36.16",
            "revenue": 151698
        },
        "2009-12": {
            "month": "2009-12",
            "price": "40.34",
            "revenue": 190577
        },
        "2010-01": {
            "month": "2010-01",
            "price": "39.00",
            "revenue": 192549
        },
        "2010-02": {
            "month": "2010-02",
            "price": "35.52",
            "revenue": 152671
        },
        "2010-03": {
            "month": "2010-03",
            "price": "38.13",
            "revenue": 194840
        },
        "2010-04": {
            "month": "2010-04",
            "price": "39.00",
            "revenue": 195486
        },
        "2010-05": {
            "month": "2010-05",
            "price": "30.93",
            "revenue": 143309
        },
        "2010-06": {
            "month": "2010-06",
            "price": "27.29",
            "revenue": 129028
        },
        "2010-07": {
            "month": "2010-07",
            "price": "27.09",
            "revenue": 153542
        },
        "2010-08": {
            "month": "2010-08",
            "price": "28.47",
            "revenue": 124607
        },
        "2010-09": {
            "month": "2010-09",
            "price": "26.61",
            "revenue": 164203
        },
        "2010-10": {
            "month": "2010-10",
            "price": "25.26",
            "revenue": 140012
        },
        "2010-11": {
            "month": "2010-11",
            "price": "20.15",
            "revenue": 130621
        },
        "2010-12": {
            "month": "2010-12",
            "price": "20.88",
            "revenue": 109405
        },
        "2011-01": {
            "month": "2011-01",
            "price": "19.14",
            "revenue": 154594
        },
        "2011-02": {
            "month": "2011-02",
            "price": "18.18",
            "revenue": 63385
        },
        "2011-03": {
            "month": "2011-03",
            "price": "20.59",
            "revenue": 130258
        },
        "2011-04": {
            "month": "2011-04",
            "price": "18.16",
            "revenue": 119798
        },
        "2011-05": {
            "month": "2011-05",
            "price": "16.56",
            "revenue": 115091
        },
        "2011-06": {
            "month": "2011-06",
            "price": "15.25",
            "revenue": 96613
        },
        "2011-07": {
            "month": "2011-07",
            "price": "12.66",
            "revenue": 77785
        },
        "2011-08": {
            "month": "2011-08",
            "price": "9.29",
            "revenue": 107980
        },
        "2011-09": {
            "month": "2011-09",
            "price": "8.24",
            "revenue": 88299
        },
        "2011-10": {
            "month": "2011-10",
            "price": "8.67",
            "revenue": 63040
        },
        "2011-11": {
            "month": "2011-11",
            "price": "7.47",
            "revenue": 39632
        },
        "2011-12": {
            "month": "2011-12",
            "price": "5.91",
            "revenue": 65136
        },
        "2012-01": {
            "month": "2012-01",
            "price": "6.04",
            "revenue": 68243
        },
        "2012-02": {
            "month": "2012-02",
            "price": "8.87",
            "revenue": 69480
        },
        "2012-03": {
            "month": "2012-03",
            "price": "8.19",
            "revenue": 84849
        },
        "2012-04": {
            "month": "2012-04",
            "price": "7.64",
            "revenue": 106808
        },
        "2012-05": {
            "month": "2012-05",
            "price": "7.36",
            "revenue": 119250
        },
        "2012-06": {
            "month": "2012-06",
            "price": "7.47",
            "revenue": 118364
        },
        "2012-07": {
            "month": "2012-07",
            "price": "8.53",
            "revenue": 115673
        },
        "2012-08": {
            "month": "2012-08",
            "price": "8.56",
            "revenue": 133219
        },
        "2012-09": {
            "month": "2012-09",
            "price": "9.08",
            "revenue": 108479
        },
        "2012-10": {
            "month": "2012-10",
            "price": "8.18",
            "revenue": 122250
        },
        "2012-11": {
            "month": "2012-11",
            "price": "8.00",
            "revenue": 147341
        },
        "2012-12": {
            "month": "2012-12",
            "price": "9.15",
            "revenue": 108491
        },
        "2013-01": {
            "month": "2013-01",
            "price": "8.87",
            "revenue": 143374
        },
        "2013-02": {
            "month": "2013-02",
            "price": "8.76",
            "revenue": 84576
        },
        "2013-03": {
            "month": "2013-03",
            "price": "8.88",
            "revenue": 113917
        },
        "2013-04": {
            "month": "2013-04",
            "price": "11.75",
            "revenue": 114444
        },
        "2013-05": {
            "month": "2013-05",
            "price": "12.35",
            "revenue": 124707
        },
        "2013-06": {
            "month": "2013-06",
            "price": "11.67",
            "revenue": 98099
        },
        "2013-07": {
            "month": "2013-07",
            "price": "10.26",
            "revenue": 97183
        },
        "2013-08": {
            "month": "2013-08",
            "price": "8.89",
            "revenue": 80790
        },
        "2013-09": {
            "month": "2013-09",
            "price": "8.73",
            "revenue": 65099
        },
        "2013-10": {
            "month": "2013-10",
            "price": "8.54",
            "revenue": 58219
        },
        "2013-11": {
            "month": "2013-11",
            "price": "7.21",
            "revenue": 60071
        },
        "2013-12": {
            "month": "2013-12",
            "price": "7.21",
            "revenue": 52198
        },
        "2014-01": {
            "month": "2014-01",
            "price": "8.22",
            "revenue": 51821
        },
        "2014-02": {
            "month": "2014-02",
            "price": "8.29",
            "revenue": 39199
        },
        "2014-03": {
            "month": "2014-03",
            "price": "8.32",
            "revenue": 60117
        },
        "2014-04": {
            "month": "2014-04",
            "price": "8.10",
            "revenue": 58597
        },
        "2014-05": {
            "month": "2014-05",
            "price": "7.45",
            "revenue": 67110
        },
        "2014-06": {
            "month": "2014-06",
            "price": "7.80",
            "revenue": 73922
        },
        "2014-07": {
            "month": "2014-07",
            "price": "8.38",
            "revenue": 80623
        },
        "2014-08": {
            "month": "2014-08",
            "price": "7.86",
            "revenue": 99646
        },
        "2014-09": {
            "month": "2014-09",
            "price": "7.56",
            "revenue": 90584
        },
        "2014-10": {
            "month": "2014-10",
            "price": "6.23",
            "revenue": 81238
        },
        "2014-11": {
            "month": "2014-11",
            "price": "5.34",
            "revenue": 85922
        },
        "2014-12": {
            "month": "2014-12",
            "price": "6.35",
            "revenue": 73845
        },
        "2015-01": {
            "month": "2015-01",
            "price": "6.65",
            "revenue": 90434
        },
        "2015-02": {
            "month": "2015-02",
            "price": "6.63",
            "revenue": 70877
        },
        "2015-03": {
            "month": "2015-03",
            "price": "7.53",
            "revenue": 59289
        },
        "2015-04": {
            "month": "2015-04",
            "price": "6.65",
            "revenue": 58992
        },
        "2015-05": {
            "month": "2015-05",
            "price": "5.98",
            "revenue": 50070
        },
        "2015-06": {
            "month": "2015-06",
            "price": "5.42",
            "revenue": 43218
        },
        "2015-07": {
            "month": "2015-07",
            "price": "4.65",
            "revenue": 50395
        },
        "2015-08": {
            "month": "2015-08",
            "price": "3.84",
            "revenue": 57683
        },
        "2015-09": {
            "month": "2015-09",
            "price": "4.03",
            "revenue": 63934
        },
        "2015-10": {
            "month": "2015-10",
            "price": "4.23",
            "revenue": 61834
        },
        "2015-11": {
            "month": "2015-11",
            "price": "4.21",
            "revenue": 43412
        },
        "2015-12": {
            "month": "2015-12",
            "price": "3.80",
            "revenue": 52909
        },
        "2016-01": {
            "month": "2016-01",
            "price": "3.78",
            "revenue": 43376
        },
        "2016-02": {
            "month": "2016-02",
            "price": "3.75",
            "revenue": 35055
        },
        "2016-03": {
            "month": "2016-03",
            "price": "4.23",
            "revenue": 39905
        },
        "2016-04": {
            "month": "2016-04",
            "price": "4.03",
            "revenue": 42388
        },
        "2016-05": {
            "month": "2016-05",
            "price": "3.42",
            "revenue": 44121
        },
        "2016-06": {
            "month": "2016-06",
            "price": "3.11",
            "revenue": 46632
        },
        "2016-07": {
            "month": "2016-07",
            "price": "3.76",
            "revenue": 45513
        },
        "2016-08": {
            "month": "2016-08",
            "price": "4.08",
            "revenue": 53355
        },
        "2016-09": {
            "month": "2016-09",
            "price": "5.40",
            "revenue": 37482
        },
        "2016-10": {
            "month": "2016-10",
            "price": "4.99",
            "revenue": 54194
        },
        "2016-11": {
            "month": "2016-11",
            "price": "4.93",
            "revenue": 27125
        },
        "2016-12": {
            "month": "2016-12",
            "price": "5.99",
            "revenue": 25983
        },
        "2017-01": {
            "month": "2017-01",
            "price": "5.97",
            "revenue": 9788
        },
        "2017-02": {
            "month": "2017-02",
            "price": "5.91",
            "revenue": 3507
        },
        "2017-03": {
            "month": "2017-03",
            "price": "5.76",
            "revenue": 6604
        },
        "2017-04": {
            "month": "2017-04",
            "price": "5.39",
            "revenue": 5444
        },
        "2017-05": {
            "month": "2017-05",
            "price": "5.01",
            "revenue": 2346
        },
        "2017-06": {
            "month": "2017-06",
            "price": "5.07",
            "revenue": 599
        },
        "2017-07": {
            "month": "2017-07",
            "price": "5.00",
            "revenue": 2775
        },
        "2017-08": {
            "month": "2017-08",
            "price": "5.03",
            "revenue": 6794
        },
        "2017-09": {
            "month": "2017-09",
            "price": "6.27",
            "revenue": 894
        },
        "2017-10": {
            "month": "2017-10",
            "price": "11.93",
            "revenue": 4626
        },
        "2017-11": {
            "month": "2017-11",
            "price": "11.50",
            "revenue": 3522
        },
        "2017-12": {
            "month": "2017-12",
            "price": "10.70",
            "revenue": 4347
        },
        "2018-01": {
            "month": "2018-01",
            "price": "13.74",
            "revenue": 1852
        },
        "2018-02": {
            "month": "2018-02",
            "price": "17.81",
            "revenue": 459
        },
        "2018-03": {
            "month": "2018-03",
            "price": "17.15",
            "revenue": 2406
        },
        "2018-04": {
            "month": "2018-04",
            "price": "16.89",
            "revenue": 1025
        },
        "2018-05": {
            "month": "2018-05",
            "price": "17.25",
            "revenue": 872
        },
        "2018-06": {
            "month": "2018-06",
            "price": "17.55",
            "revenue": 822
        },
        "2018-07": {
            "month": "2018-07",
            "price": "16.26",
            "revenue": 2842
        },
        "2018-08": {
            "month": "2018-08",
            "price": "16.11",
            "revenue": 541
        },
        "2018-09": {
            "month": "2018-09",
            "price": "16.28",
            "revenue": 1851
        },
        "2018-10": {
            "month": "2018-10",
            "price": "17.05",
            "revenue": 7140
        },
        "2018-11": {
            "month": "2018-11",
            "price": "17.15",
            "revenue": 1523
        },
        "2018-12": {
            "month": "2018-12",
            "price": "17.07",
            "revenue": 7249
        },
        "2019-01": {
            "month": "2019-01",
            "price": "17.20",
            "revenue": 6441
        },
        "2019-02": {
            "month": "2019-02",
            "price": "18.31",
            "revenue": 1800
        },
        "2019-03": {
            "month": "2019-03",
            "price": "25.50",
            "revenue": 7607
        },
        "2019-04": {
            "month": "2019-04",
            "price": "24.53",
            "revenue": 11710
        },
        "2019-05": {
            "month": "2019-05",
            "price": "24.32",
            "revenue": 1952
        },
        "2019-06": {
            "month": "2019-06",
            "price": "24.47",
            "revenue": 2027
        },
        "2019-07": {
            "month": "2019-07",
            "price": "24.66",
            "revenue": 4836
        },
        "2019-08": {
            "month": "2019-08",
            "price": "27.21",
            "revenue": 143008
        },
        "2019-09": {
            "month": "2019-09",
            "price": "36.74",
            "revenue": 325615
        },
        "2019-10": {
            "month": "2019-10",
            "price": "39.93",
            "revenue": 420200
        },
        "2019-11": {
            "month": "2019-11",
            "price": "41.08",
            "revenue": 329121
        },
        "2019-12": {
            "month": "2019-12",
            "price": "38.90",
            "revenue": 366580
        },
        "2020-01": {
            "month": "2020-01",
            "price": "41.64",
            "revenue": 778789
        },
        "2020-02": {
            "month": "2020-02",
            "price": "52.06",
            "revenue": 247886
        },
        "2020-03": {
            "month": "2020-03",
            "price": "46.27",
            "revenue": 476512
        },
        "2020-04": {
            "month": "2020-04",
            "price": "50.61",
            "revenue": 271888
        },
        "2020-05": {
            "month": "2020-05",
            "price": "71.35",
            "revenue": 299874
        },
        "2020-06": {
            "month": "2020-06",
            "price": "84.04",
            "revenue": 247997
        },
        "2020-07": {
            "month": "2020-07",
            "price": "79.72",
            "revenue": 295613
        },
        "2020-08": {
            "month": "2020-08",
            "price": "76.84",
            "revenue": 334737
        },
        "2020-09": {
            "month": "2020-09",
            "price": "77.16",
            "revenue": 379223
        },
        "2020-10": {
            "month": "2020-10",
            "price": "76.92",
            "revenue": 439650
        },
        "2020-11": {
            "month": "2020-11",
            "price": "93.37",
            "revenue": 287888
        },
        "2020-12": {
            "month": "2020-12",
            "price": "106.65",
            "revenue": 368495
        },
        "2021-01": {
            "month": "2021-01",
            "price": "91.73",
            "revenue": 590752
        },
        "2021-02": {
            "month": "2021-02",
            "price": "89.39",
            "revenue": 501767
        },
        "2021-03": {
            "month": "2021-03",
            "price": "94.50",
            "revenue": 381725
        },
        "2021-04": {
            "month": "2021-04",
            "price": "93.34",
            "revenue": 394124
        },
        "2021-05": {
            "month": "2021-05",
            "price": "83.93",
            "revenue": 355979
        },
        "2021-06": {
            "month": "2021-06",
            "price": "85.80",
            "revenue": 268289
        },
        "2021-07": {
            "month": "2021-07",
            "price": "81.59",
            "revenue": 364614
        },
        "2021-08": {
            "month": "2021-08",
            "price": "83.19",
            "revenue": 327030
        },
        "2021-09": {
            "month": "2021-09",
            "price": "77.41",
            "revenue": 442510
        },
        "2021-10": {
            "month": "2021-10",
            "price": "77.82",
            "revenue": 550836
        },
        "2021-11": {
            "month": "2021-11",
            "price": "78.57",
            "revenue": 430230
        },
        "2021-12": {
            "month": "2021-12",
            "price": "77.44",
            "revenue": 693691
        },
        "2022-01": {
            "month": "2022-01",
            "price": "76.52",
            "revenue": 1010011
        },
        "2022-02": {
            "month": "2022-02",
            "price": "77.62",
            "revenue": 528940
        },
        "2022-03": {
            "month": "2022-03",
            "price": "74.67",
            "revenue": 496068
        },
        "2022-04": {
            "month": "2022-04",
            "price": "72.70",
            "revenue": 461607
        },
        "2022-05": {
            "month": "2022-05",
            "price": "72.38",
            "revenue": 350164
        },
        "2022-06": {
            "month": "2022-06",
            "price": "67.41",
            "revenue": 317876
        },
        "2022-07": {
            "month": "2022-07",
            "price": "59.74",
            "revenue": 359103
        },
        "2022-08": {
            "month": "2022-08",
            "price": "64.53",
            "revenue": 392978
        },
        "2022-09": {
            "month": "2022-09",
            "price": "54.06",
            "revenue": 333741
        },
        "2022-10": {
            "month": "2022-10",
            "price": "46.32",
            "revenue": 367481
        },
        "2022-11": {
            "month": "2022-11",
            "price": "48.59",
            "revenue": 411772
        },
        "2022-12": {
            "month": "2022-12",
            "price": "49.12",
            "revenue": 591465
        },
        "2023-01": {
            "month": "2023-01",
            "price": "50.18",
            "revenue": 611043
        },
        "2023-02": {
            "month": "2023-02",
            "price": "55.16",
            "revenue": 413136
        },
        "2023-03": {
            "month": "2023-03",
            "price": "64.30",
            "revenue": 449238
        },
        "2023-04": {
            "month": "2023-04",
            "price": "67.22",
            "revenue": 402100
        },
        "2023-05": {
            "month": "2023-05",
            "price": "69.12",
            "revenue": 267934
        },
        "2023-06": {
            "month": "2023-06",
            "price": "68.92",
            "revenue": 313621
        },
        "2023-07": {
            "month": "2023-07",
            "price": "60.00",
            "revenue": 330540
        },
        "2023-08": {
            "month": "2023-08",
            "price": "53.84",
            "revenue": 329667
        },
        "2023-09": {
            "month": "2023-09",
            "price": "53.90",
            "revenue": 408338
        },
        "2023-10": {
            "month": "2023-10",
            "price": "55.76",
            "revenue": 359627
        },
        "2023-11": {
            "month": "2023-11",
            "price": "59.55",
            "revenue": 337144
        },
        "2023-12": {
            "month": "2023-12",
            "price": "60.23",
            "revenue": 530035
        },
        "2024-01": {
            "month": "2024-01",
            "price": "61.24",
            "revenue": 825304
        },
        "2024-02": {
            "month": "2024-02",
            "price": "62.61",
            "revenue": 467168
        }
    }
}
