{
    "summary": {
        "stock_name": "神準",
        "stock_id": "3558",
        "category": "通信網路",
        "main_business": "無線網路系統產品與服務(Wi-Fi)之設計開發、製造及買賣<br>有線網路系統產品與服務(Switch)之設計開發、製造及買賣<br>企業無線通訊系統產品之設計開發、製造及買賣",
        "website_url": "https://www.senaonetworks.com/",
        "ceo": "林伯彰",
        "pe_ratio": 14,
        "report_year_from": 2006,
        "report_year_to": 2023,
        "age": 18,
        "eps_negative_percentage": 0,
        "eps_growth_avg": {
            "last_all": 13.25,
            "last_2y": 32.39,
            "last_4y": 15.42,
            "last_8y": 6.7,
            "last_12y": null,
            "last_16y": null,
            "last_20y": null,
            "at_2006_last_3y": null,
            "at_2007_last_3y": null,
            "at_2008_last_3y": null,
            "at_2009_last_3y": null,
            "at_2010_last_3y": null,
            "at_2011_last_3y": -5.18,
            "at_2012_last_3y": -5.18,
            "at_2013_last_3y": null,
            "at_2014_last_3y": null,
            "at_2015_last_3y": null,
            "at_2016_last_3y": null,
            "at_2017_last_3y": 10.71,
            "at_2018_last_3y": -4.2,
            "at_2019_last_3y": -14.21,
            "at_2020_last_3y": -9.29,
            "at_2021_last_3y": -0.29,
            "at_2022_last_3y": 24.84,
            "at_2023_last_3y": 21.44,
            "at_2024_last_3y": 21.44,
            "at_2006_last_all": null,
            "at_2007_last_all": null,
            "at_2008_last_all": null,
            "at_2009_last_all": -45.43,
            "at_2010_last_all": -40.24,
            "at_2011_last_all": -5.18,
            "at_2012_last_all": -5.18,
            "at_2013_last_all": 15.86,
            "at_2014_last_all": 23.07,
            "at_2015_last_all": 24.26,
            "at_2016_last_all": 17.34,
            "at_2017_last_all": 13.57,
            "at_2018_last_all": 12.16,
            "at_2019_last_all": 10.27,
            "at_2020_last_all": 8.46,
            "at_2021_last_all": 9.3,
            "at_2022_last_all": 15.78,
            "at_2023_last_all": 13.25,
            "at_2024_last_all": 13.25
        },
        "latest_eps": 16.88,
        "latest_price": 230.5,
        "latest_roe": 20.02,
        "latest_gross_margin": 15.99,
        "latest_equity": 4865295,
        "latest_revenue": 3760982,
        "latest_gross_profit": 601348,
        "latest_net_income": 117916,
        "latest_debt_ratio": 59.63,
        "latest_current_ratio": 115.81,
        "latest_account_receivable_turnover_ratio": 1.71,
        "latest_inventory_turnover_ratio": 1.03,
        "latest_reinvestment_rate": 66.95,
        "latest_research_to_sale_ratio": 5.92
    },
    "eps_dividends": {
        "2001": {
            "cash": 0,
            "stock": 0,
            "eps": 0
        },
        "2002": {
            "cash": 0,
            "stock": 0,
            "eps": 0
        },
        "2003": {
            "cash": 0,
            "stock": 0,
            "eps": 0
        },
        "2004": {
            "cash": 0,
            "stock": 0,
            "eps": 0
        },
        "2005": {
            "cash": 0,
            "stock": 0,
            "eps": 0
        },
        "2006": {
            "cash": 0,
            "stock": 0,
            "eps": 0
        },
        "2007": {
            "cash": 0,
            "stock": 0,
            "eps": 4.5
        },
        "2008": {
            "cash": 2.93,
            "stock": 0.29,
            "eps": 2.44
        },
        "2009": {
            "cash": 0.85,
            "stock": 0.09,
            "eps": 1.34
        },
        "2010": {
            "cash": 2,
            "stock": 1,
            "eps": 0.94
        },
        "2011": {
            "cash": 2,
            "stock": 0,
            "eps": 2.56
        },
        "2012": {
            "cash": 3,
            "stock": 0,
            "eps": 0
        },
        "2013": {
            "cash": 4,
            "stock": 0,
            "eps": 7.93
        },
        "2014": {
            "cash": 6.1,
            "stock": 0,
            "eps": 12.62
        },
        "2015": {
            "cash": 9.5,
            "stock": 0,
            "eps": 16.58
        },
        "2016": {
            "cash": 13,
            "stock": 0,
            "eps": 11.42
        },
        "2017": {
            "cash": 8,
            "stock": 0,
            "eps": 9.53
        },
        "2018": {
            "cash": 6,
            "stock": 0,
            "eps": 9.48
        },
        "2019": {
            "cash": 6.5,
            "stock": 0,
            "eps": 8.66
        },
        "2020": {
            "cash": 5.2,
            "stock": 0,
            "eps": 7.67
        },
        "2021": {
            "cash": 4,
            "stock": 0,
            "eps": 9.16
        },
        "2022": {
            "cash": 3,
            "stock": 0,
            "eps": 21.71
        },
        "2023": {
            "cash": 5,
            "stock": 0,
            "eps": 16.88
        },
        "2024": {
            "cash": 4,
            "stock": 0,
            "eps": 0
        }
    },
    "dividends": {
        "2008-04-21": {
            "cash": 2.93,
            "stock": 0.29
        },
        "2009-03-18": {
            "cash": 0.85,
            "stock": 0.09
        },
        "2010-03-22": {
            "cash": 2,
            "stock": 1
        },
        "2011-03-07": {
            "cash": 2,
            "stock": 0
        },
        "2012-05-30": {
            "cash": 3,
            "stock": 0
        },
        "2013-05-31": {
            "cash": 4,
            "stock": 0
        },
        "2014-09-03": {
            "cash": 6.1,
            "stock": 0
        },
        "2015-08-14": {
            "cash": 9.5,
            "stock": 0
        },
        "2016-09-05": {
            "cash": 13,
            "stock": 0
        },
        "2017-08-15": {
            "cash": 8,
            "stock": 0
        },
        "2018-07-31": {
            "cash": 6,
            "stock": 0
        },
        "2019-07-31": {
            "cash": 6.5,
            "stock": 0
        },
        "2020-07-31": {
            "cash": 5.2,
            "stock": 0
        },
        "2021-09-28": {
            "cash": 4,
            "stock": 0
        },
        "2022-09-07": {
            "cash": 3,
            "stock": 0
        },
        "2023-10-06": {
            "cash": 5,
            "stock": 0
        },
        "2024-02-27": {
            "cash": 4,
            "stock": 0
        }
    },
    "prices": {
        "200101": "無",
        "200102": "無",
        "200103": "無",
        "200104": "無",
        "200105": "無",
        "200106": "無",
        "200107": "無",
        "200108": "無",
        "200109": "無",
        "200110": "無",
        "200111": "無",
        "200112": "無",
        "200201": "無",
        "200202": "無",
        "200203": "無",
        "200204": "無",
        "200205": "無",
        "200206": "無",
        "200207": "無",
        "200208": "無",
        "200209": "無",
        "200210": "無",
        "200211": "無",
        "200212": "無",
        "200301": "無",
        "200302": "無",
        "200303": "無",
        "200304": "無",
        "200305": "無",
        "200306": "無",
        "200307": "無",
        "200308": "無",
        "200309": "無",
        "200310": "無",
        "200311": "無",
        "200312": "無",
        "200401": "無",
        "200402": "無",
        "200403": "無",
        "200404": "無",
        "200405": "無",
        "200406": "無",
        "200407": "無",
        "200408": "無",
        "200409": "無",
        "200410": "無",
        "200411": "無",
        "200412": "無",
        "200501": "無",
        "200502": "無",
        "200503": "無",
        "200504": "無",
        "200505": "無",
        "200506": "無",
        "200507": "無",
        "200508": "無",
        "200509": "無",
        "200510": "無",
        "200511": "無",
        "200512": "無",
        "200601": "無",
        "200602": "無",
        "200603": "無",
        "200604": "無",
        "200605": "無",
        "200606": "無",
        "200607": "無",
        "200608": "無",
        "200609": "無",
        "200610": "無",
        "200611": "無",
        "200612": "無",
        "200701": "無",
        "200702": "無",
        "200703": "無",
        "200704": "無",
        "200705": "127.21",
        "200706": "109.13",
        "200707": "118.57",
        "200708": "95.49",
        "200709": "87.82",
        "200710": "86.85",
        "200711": "59.58",
        "200712": "53.41",
        "200801": "46.57",
        "200802": "36.62",
        "200803": "40.86",
        "200804": "40.81",
        "200805": "47.70",
        "200806": "44.34",
        "200807": "31.06",
        "200808": "26.40",
        "200809": "23.78",
        "200810": "16.61",
        "200811": "12.06",
        "200812": "12.91",
        "200901": "13.13",
        "200902": "15.63",
        "200903": "18.21",
        "200904": "22.33",
        "200905": "25.82",
        "200906": "26.07",
        "200907": "26.99",
        "200908": "28.68",
        "200909": "28.83",
        "200910": "28.74",
        "200911": "30.34",
        "200912": "32.92",
        "201001": "37.05",
        "201002": "38.28",
        "201003": "41.18",
        "201004": "50.32",
        "201005": "58.64",
        "201006": "50.78",
        "201007": "39.75",
        "201008": "38.67",
        "201009": "37.86",
        "201010": "37.15",
        "201011": "36.16",
        "201012": "33.84",
        "201101": "35.25",
        "201102": "35.52",
        "201103": "35.33",
        "201104": "34.66",
        "201105": "30.41",
        "201106": "30.95",
        "201107": "32.75",
        "201108": "35.10",
        "201109": "32.47",
        "201110": "31.56",
        "201111": "32.11",
        "201112": "29.82",
        "201201": "31.62",
        "201202": "39.06",
        "201203": "42.03",
        "201204": "41.02",
        "201205": "46.89",
        "201206": "46.06",
        "201207": "47.01",
        "201208": "53.08",
        "201209": "60.76",
        "201210": "53.95",
        "201211": "48.98",
        "201212": "49.94",
        "201301": "51.51",
        "201302": "63.44",
        "201303": "65.14",
        "201304": "65.20",
        "201305": "67.08",
        "201306": "66.58",
        "201307": "63.55",
        "201308": "67.36",
        "201309": "76.57",
        "201310": "93.32",
        "201311": "110.75",
        "201312": "157.25",
        "201401": "150.69",
        "201402": "150.50",
        "201403": "162.76",
        "201404": "170.31",
        "201405": "166.55",
        "201406": "176.05",
        "201407": "184.00",
        "201408": "181.74",
        "201409": "185.14",
        "201410": "175.59",
        "201411": "161.88",
        "201412": "167.92",
        "201501": "177.70",
        "201502": "190.77",
        "201503": "202.68",
        "201504": "221.05",
        "201505": "238.85",
        "201506": "266.05",
        "201507": "262.84",
        "201508": "226.95",
        "201509": "231.12",
        "201510": "220.00",
        "201511": "238.14",
        "201512": "227.46",
        "201601": "226.86",
        "201602": "219.77",
        "201603": "211.70",
        "201604": "178.34",
        "201605": "167.71",
        "201606": "161.86",
        "201607": "165.25",
        "201608": "158.67",
        "201609": "148.50",
        "201610": "134.98",
        "201611": "138.16",
        "201612": "155.27",
        "201701": "160.00",
        "201702": "166.58",
        "201703": "156.63",
        "201704": "142.36",
        "201705": "136.12",
        "201706": "140.80",
        "201707": "140.05",
        "201708": "121.59",
        "201709": "129.32",
        "201710": "133.55",
        "201711": "129.36",
        "201712": "125.79",
        "201801": "127.59",
        "201802": "119.12",
        "201803": "130.17",
        "201804": "131.92",
        "201805": "148.16",
        "201806": "151.42",
        "201807": "135.77",
        "201808": "126.74",
        "201809": "115.18",
        "201810": "91.88",
        "201811": "89.81",
        "201812": "91.02",
        "201901": "94.65",
        "201902": "106.19",
        "201903": "107.45",
        "201904": "107.90",
        "201905": "98.18",
        "201906": "95.63",
        "201907": "97.21",
        "201908": "107.71",
        "201909": "111.24",
        "201910": "125.05",
        "201911": "129.48",
        "201912": "125.84",
        "202001": "118.20",
        "202002": "111.05",
        "202003": "94.62",
        "202004": "95.74",
        "202005": "108.32",
        "202006": "108.08",
        "202007": "104.34",
        "202008": "95.54",
        "202009": "90.82",
        "202010": "90.65",
        "202011": "94.66",
        "202012": "104.40",
        "202101": "104.78",
        "202102": "104.35",
        "202103": "109.45",
        "202104": "111.13",
        "202105": "92.85",
        "202106": "95.07",
        "202107": "99.62",
        "202108": "95.44",
        "202109": "91.77",
        "202110": "89.12",
        "202111": "96.44",
        "202112": "97.91",
        "202201": "103.99",
        "202202": "118.93",
        "202203": "127.98",
        "202204": "186.79",
        "202205": "192.95",
        "202206": "195.88",
        "202207": "191.83",
        "202208": "224.22",
        "202209": "199.19",
        "202210": "184.68",
        "202211": "207.00",
        "202212": "212.61",
        "202301": "207.42",
        "202302": "269.58",
        "202303": "335.78",
        "202304": "308.53",
        "202305": "275.27",
        "202306": "251.00",
        "202307": "277.55",
        "202308": "291.57",
        "202309": "270.20",
        "202310": "250.90",
        "202311": "240.48",
        "202312": "250.21"
    },
    "quarters": {
        "20011": {
            "year_quarter": 20011,
            "year": 2001,
            "quarter": 1,
            "eps": null,
            "eps_growth_year": null,
            "eps_4q": null,
            "eps_4q_growth_year": null,
            "roe": null,
            "roe_4q": 0,
            "gross_profit": null,
            "gross_margin": null,
            "gross_margin_4q_avg": 0,
            "net_income": null,
            "net_income_4q": null,
            "revenue": null,
            "revenue_4q": null,
            "common_shares": null,
            "book_valuer_per_share": null,
            "book_valuer_per_share_4q_avg": 0,
            "equity": null,
            "current_ratio": null,
            "debt_ratio": null,
            "inventory_turnover_ratio": null,
            "account_receivable_turnover_ratio": null,
            "reinvestment_rate": null,
            "research_to_sale_ratio": null,
            "price_fair": 0,
            "eps_avg_yearly": 0,
            "eps_latest_yearly": 0,
            "eps_growth_yearly": 0
        },
        "20012": {
            "year_quarter": 20012,
            "year": 2001,
            "quarter": 2,
            "eps": null,
            "eps_growth_year": null,
            "eps_4q": null,
            "eps_4q_growth_year": null,
            "roe": null,
            "roe_4q": 0,
            "gross_profit": null,
            "gross_margin": null,
            "gross_margin_4q_avg": 0,
            "net_income": null,
            "net_income_4q": null,
            "revenue": null,
            "revenue_4q": null,
            "common_shares": null,
            "book_valuer_per_share": null,
            "book_valuer_per_share_4q_avg": 0,
            "equity": null,
            "current_ratio": null,
            "debt_ratio": null,
            "inventory_turnover_ratio": null,
            "account_receivable_turnover_ratio": null,
            "reinvestment_rate": null,
            "research_to_sale_ratio": null,
            "price_fair": 0,
            "eps_avg_yearly": 0,
            "eps_latest_yearly": 0,
            "eps_growth_yearly": 0
        },
        "20013": {
            "year_quarter": 20013,
            "year": 2001,
            "quarter": 3,
            "eps": null,
            "eps_growth_year": null,
            "eps_4q": null,
            "eps_4q_growth_year": null,
            "roe": null,
            "roe_4q": 0,
            "gross_profit": null,
            "gross_margin": null,
            "gross_margin_4q_avg": 0,
            "net_income": null,
            "net_income_4q": null,
            "revenue": null,
            "revenue_4q": null,
            "common_shares": null,
            "book_valuer_per_share": null,
            "book_valuer_per_share_4q_avg": 0,
            "equity": null,
            "current_ratio": null,
            "debt_ratio": null,
            "inventory_turnover_ratio": null,
            "account_receivable_turnover_ratio": null,
            "reinvestment_rate": null,
            "research_to_sale_ratio": null,
            "price_fair": 0,
            "eps_avg_yearly": 0,
            "eps_latest_yearly": 0,
            "eps_growth_yearly": 0
        },
        "20014": {
            "year_quarter": 20014,
            "year": 2001,
            "quarter": 4,
            "eps": null,
            "eps_growth_year": null,
            "eps_4q": null,
            "eps_4q_growth_year": null,
            "roe": null,
            "roe_4q": 0,
            "gross_profit": null,
            "gross_margin": null,
            "gross_margin_4q_avg": 0,
            "net_income": null,
            "net_income_4q": null,
            "revenue": null,
            "revenue_4q": null,
            "common_shares": null,
            "book_valuer_per_share": null,
            "book_valuer_per_share_4q_avg": 0,
            "equity": null,
            "current_ratio": null,
            "debt_ratio": null,
            "inventory_turnover_ratio": null,
            "account_receivable_turnover_ratio": null,
            "reinvestment_rate": null,
            "research_to_sale_ratio": null,
            "price_fair": 0,
            "eps_avg_yearly": 0,
            "eps_latest_yearly": 0,
            "eps_growth_yearly": 0
        },
        "20021": {
            "year_quarter": 20021,
            "year": 2002,
            "quarter": 1,
            "eps": null,
            "eps_growth_year": null,
            "eps_4q": null,
            "eps_4q_growth_year": null,
            "roe": null,
            "roe_4q": 0,
            "gross_profit": null,
            "gross_margin": null,
            "gross_margin_4q_avg": 0,
            "net_income": null,
            "net_income_4q": null,
            "revenue": null,
            "revenue_4q": null,
            "common_shares": null,
            "book_valuer_per_share": null,
            "book_valuer_per_share_4q_avg": 0,
            "equity": null,
            "current_ratio": null,
            "debt_ratio": null,
            "inventory_turnover_ratio": null,
            "account_receivable_turnover_ratio": null,
            "reinvestment_rate": null,
            "research_to_sale_ratio": null,
            "price_fair": 0,
            "eps_avg_yearly": 0,
            "eps_latest_yearly": 0,
            "eps_growth_yearly": 0
        },
        "20022": {
            "year_quarter": 20022,
            "year": 2002,
            "quarter": 2,
            "eps": null,
            "eps_growth_year": null,
            "eps_4q": null,
            "eps_4q_growth_year": null,
            "roe": null,
            "roe_4q": 0,
            "gross_profit": null,
            "gross_margin": null,
            "gross_margin_4q_avg": 0,
            "net_income": null,
            "net_income_4q": null,
            "revenue": null,
            "revenue_4q": null,
            "common_shares": null,
            "book_valuer_per_share": null,
            "book_valuer_per_share_4q_avg": 0,
            "equity": null,
            "current_ratio": null,
            "debt_ratio": null,
            "inventory_turnover_ratio": null,
            "account_receivable_turnover_ratio": null,
            "reinvestment_rate": null,
            "research_to_sale_ratio": null,
            "price_fair": 0,
            "eps_avg_yearly": 0,
            "eps_latest_yearly": 0,
            "eps_growth_yearly": 0
        },
        "20023": {
            "year_quarter": 20023,
            "year": 2002,
            "quarter": 3,
            "eps": null,
            "eps_growth_year": null,
            "eps_4q": null,
            "eps_4q_growth_year": null,
            "roe": null,
            "roe_4q": 0,
            "gross_profit": null,
            "gross_margin": null,
            "gross_margin_4q_avg": 0,
            "net_income": null,
            "net_income_4q": null,
            "revenue": null,
            "revenue_4q": null,
            "common_shares": null,
            "book_valuer_per_share": null,
            "book_valuer_per_share_4q_avg": 0,
            "equity": null,
            "current_ratio": null,
            "debt_ratio": null,
            "inventory_turnover_ratio": null,
            "account_receivable_turnover_ratio": null,
            "reinvestment_rate": null,
            "research_to_sale_ratio": null,
            "price_fair": 0,
            "eps_avg_yearly": 0,
            "eps_latest_yearly": 0,
            "eps_growth_yearly": 0
        },
        "20024": {
            "year_quarter": 20024,
            "year": 2002,
            "quarter": 4,
            "eps": null,
            "eps_growth_year": null,
            "eps_4q": null,
            "eps_4q_growth_year": null,
            "roe": null,
            "roe_4q": 0,
            "gross_profit": null,
            "gross_margin": null,
            "gross_margin_4q_avg": 0,
            "net_income": null,
            "net_income_4q": null,
            "revenue": null,
            "revenue_4q": null,
            "common_shares": null,
            "book_valuer_per_share": null,
            "book_valuer_per_share_4q_avg": 0,
            "equity": null,
            "current_ratio": null,
            "debt_ratio": null,
            "inventory_turnover_ratio": null,
            "account_receivable_turnover_ratio": null,
            "reinvestment_rate": null,
            "research_to_sale_ratio": null,
            "price_fair": 0,
            "eps_avg_yearly": 0,
            "eps_latest_yearly": 0,
            "eps_growth_yearly": 0
        },
        "20031": {
            "year_quarter": 20031,
            "year": 2003,
            "quarter": 1,
            "eps": null,
            "eps_growth_year": null,
            "eps_4q": null,
            "eps_4q_growth_year": null,
            "roe": null,
            "roe_4q": 0,
            "gross_profit": null,
            "gross_margin": null,
            "gross_margin_4q_avg": 0,
            "net_income": null,
            "net_income_4q": null,
            "revenue": null,
            "revenue_4q": null,
            "common_shares": null,
            "book_valuer_per_share": null,
            "book_valuer_per_share_4q_avg": 0,
            "equity": null,
            "current_ratio": null,
            "debt_ratio": null,
            "inventory_turnover_ratio": null,
            "account_receivable_turnover_ratio": null,
            "reinvestment_rate": null,
            "research_to_sale_ratio": null,
            "price_fair": 0,
            "eps_avg_yearly": 0,
            "eps_latest_yearly": 0,
            "eps_growth_yearly": 0
        },
        "20032": {
            "year_quarter": 20032,
            "year": 2003,
            "quarter": 2,
            "eps": null,
            "eps_growth_year": null,
            "eps_4q": null,
            "eps_4q_growth_year": null,
            "roe": null,
            "roe_4q": 0,
            "gross_profit": null,
            "gross_margin": null,
            "gross_margin_4q_avg": 0,
            "net_income": null,
            "net_income_4q": null,
            "revenue": null,
            "revenue_4q": null,
            "common_shares": null,
            "book_valuer_per_share": null,
            "book_valuer_per_share_4q_avg": 0,
            "equity": null,
            "current_ratio": null,
            "debt_ratio": null,
            "inventory_turnover_ratio": null,
            "account_receivable_turnover_ratio": null,
            "reinvestment_rate": null,
            "research_to_sale_ratio": null,
            "price_fair": 0,
            "eps_avg_yearly": 0,
            "eps_latest_yearly": 0,
            "eps_growth_yearly": 0
        },
        "20033": {
            "year_quarter": 20033,
            "year": 2003,
            "quarter": 3,
            "eps": null,
            "eps_growth_year": null,
            "eps_4q": null,
            "eps_4q_growth_year": null,
            "roe": null,
            "roe_4q": 0,
            "gross_profit": null,
            "gross_margin": null,
            "gross_margin_4q_avg": 0,
            "net_income": null,
            "net_income_4q": null,
            "revenue": null,
            "revenue_4q": null,
            "common_shares": null,
            "book_valuer_per_share": null,
            "book_valuer_per_share_4q_avg": 0,
            "equity": null,
            "current_ratio": null,
            "debt_ratio": null,
            "inventory_turnover_ratio": null,
            "account_receivable_turnover_ratio": null,
            "reinvestment_rate": null,
            "research_to_sale_ratio": null,
            "price_fair": 0,
            "eps_avg_yearly": 0,
            "eps_latest_yearly": 0,
            "eps_growth_yearly": 0
        },
        "20034": {
            "year_quarter": 20034,
            "year": 2003,
            "quarter": 4,
            "eps": null,
            "eps_growth_year": null,
            "eps_4q": null,
            "eps_4q_growth_year": null,
            "roe": null,
            "roe_4q": 0,
            "gross_profit": null,
            "gross_margin": null,
            "gross_margin_4q_avg": 0,
            "net_income": null,
            "net_income_4q": null,
            "revenue": null,
            "revenue_4q": null,
            "common_shares": null,
            "book_valuer_per_share": null,
            "book_valuer_per_share_4q_avg": 0,
            "equity": null,
            "current_ratio": null,
            "debt_ratio": null,
            "inventory_turnover_ratio": null,
            "account_receivable_turnover_ratio": null,
            "reinvestment_rate": null,
            "research_to_sale_ratio": null,
            "price_fair": 0,
            "eps_avg_yearly": 0,
            "eps_latest_yearly": 0,
            "eps_growth_yearly": 0
        },
        "20041": {
            "year_quarter": 20041,
            "year": 2004,
            "quarter": 1,
            "eps": null,
            "eps_growth_year": null,
            "eps_4q": null,
            "eps_4q_growth_year": null,
            "roe": null,
            "roe_4q": 0,
            "gross_profit": null,
            "gross_margin": null,
            "gross_margin_4q_avg": 0,
            "net_income": null,
            "net_income_4q": null,
            "revenue": null,
            "revenue_4q": null,
            "common_shares": null,
            "book_valuer_per_share": null,
            "book_valuer_per_share_4q_avg": 0,
            "equity": null,
            "current_ratio": null,
            "debt_ratio": null,
            "inventory_turnover_ratio": null,
            "account_receivable_turnover_ratio": null,
            "reinvestment_rate": null,
            "research_to_sale_ratio": null,
            "price_fair": 0,
            "eps_avg_yearly": 0,
            "eps_latest_yearly": 0,
            "eps_growth_yearly": 0
        },
        "20042": {
            "year_quarter": 20042,
            "year": 2004,
            "quarter": 2,
            "eps": null,
            "eps_growth_year": null,
            "eps_4q": null,
            "eps_4q_growth_year": null,
            "roe": null,
            "roe_4q": 0,
            "gross_profit": null,
            "gross_margin": null,
            "gross_margin_4q_avg": 0,
            "net_income": null,
            "net_income_4q": null,
            "revenue": null,
            "revenue_4q": null,
            "common_shares": null,
            "book_valuer_per_share": null,
            "book_valuer_per_share_4q_avg": 0,
            "equity": null,
            "current_ratio": null,
            "debt_ratio": null,
            "inventory_turnover_ratio": null,
            "account_receivable_turnover_ratio": null,
            "reinvestment_rate": null,
            "research_to_sale_ratio": null,
            "price_fair": 0,
            "eps_avg_yearly": 0,
            "eps_latest_yearly": 0,
            "eps_growth_yearly": 0
        },
        "20043": {
            "year_quarter": 20043,
            "year": 2004,
            "quarter": 3,
            "eps": null,
            "eps_growth_year": null,
            "eps_4q": null,
            "eps_4q_growth_year": null,
            "roe": null,
            "roe_4q": 0,
            "gross_profit": null,
            "gross_margin": null,
            "gross_margin_4q_avg": 0,
            "net_income": null,
            "net_income_4q": null,
            "revenue": null,
            "revenue_4q": null,
            "common_shares": null,
            "book_valuer_per_share": null,
            "book_valuer_per_share_4q_avg": 0,
            "equity": null,
            "current_ratio": null,
            "debt_ratio": null,
            "inventory_turnover_ratio": null,
            "account_receivable_turnover_ratio": null,
            "reinvestment_rate": null,
            "research_to_sale_ratio": null,
            "price_fair": 0,
            "eps_avg_yearly": 0,
            "eps_latest_yearly": 0,
            "eps_growth_yearly": 0
        },
        "20044": {
            "year_quarter": 20044,
            "year": 2004,
            "quarter": 4,
            "eps": null,
            "eps_growth_year": null,
            "eps_4q": null,
            "eps_4q_growth_year": null,
            "roe": null,
            "roe_4q": 0,
            "gross_profit": null,
            "gross_margin": null,
            "gross_margin_4q_avg": 0,
            "net_income": null,
            "net_income_4q": null,
            "revenue": null,
            "revenue_4q": null,
            "common_shares": null,
            "book_valuer_per_share": null,
            "book_valuer_per_share_4q_avg": 0,
            "equity": null,
            "current_ratio": null,
            "debt_ratio": null,
            "inventory_turnover_ratio": null,
            "account_receivable_turnover_ratio": null,
            "reinvestment_rate": null,
            "research_to_sale_ratio": null,
            "price_fair": 0,
            "eps_avg_yearly": 0,
            "eps_latest_yearly": 0,
            "eps_growth_yearly": 0
        },
        "20051": {
            "year_quarter": 20051,
            "year": 2005,
            "quarter": 1,
            "eps": null,
            "eps_growth_year": null,
            "eps_4q": null,
            "eps_4q_growth_year": null,
            "roe": null,
            "roe_4q": 0,
            "gross_profit": null,
            "gross_margin": null,
            "gross_margin_4q_avg": 0,
            "net_income": null,
            "net_income_4q": null,
            "revenue": null,
            "revenue_4q": null,
            "common_shares": null,
            "book_valuer_per_share": null,
            "book_valuer_per_share_4q_avg": 0,
            "equity": null,
            "current_ratio": null,
            "debt_ratio": null,
            "inventory_turnover_ratio": null,
            "account_receivable_turnover_ratio": null,
            "reinvestment_rate": null,
            "research_to_sale_ratio": null,
            "price_fair": 0,
            "eps_avg_yearly": 0,
            "eps_latest_yearly": 0,
            "eps_growth_yearly": 0
        },
        "20052": {
            "year_quarter": 20052,
            "year": 2005,
            "quarter": 2,
            "eps": null,
            "eps_growth_year": null,
            "eps_4q": null,
            "eps_4q_growth_year": null,
            "roe": null,
            "roe_4q": 0,
            "gross_profit": null,
            "gross_margin": null,
            "gross_margin_4q_avg": 0,
            "net_income": null,
            "net_income_4q": null,
            "revenue": null,
            "revenue_4q": null,
            "common_shares": null,
            "book_valuer_per_share": null,
            "book_valuer_per_share_4q_avg": 0,
            "equity": null,
            "current_ratio": null,
            "debt_ratio": null,
            "inventory_turnover_ratio": null,
            "account_receivable_turnover_ratio": null,
            "reinvestment_rate": null,
            "research_to_sale_ratio": null,
            "price_fair": 0,
            "eps_avg_yearly": 0,
            "eps_latest_yearly": 0,
            "eps_growth_yearly": 0
        },
        "20053": {
            "year_quarter": 20053,
            "year": 2005,
            "quarter": 3,
            "eps": null,
            "eps_growth_year": null,
            "eps_4q": null,
            "eps_4q_growth_year": null,
            "roe": null,
            "roe_4q": 0,
            "gross_profit": null,
            "gross_margin": null,
            "gross_margin_4q_avg": 0,
            "net_income": null,
            "net_income_4q": null,
            "revenue": null,
            "revenue_4q": null,
            "common_shares": null,
            "book_valuer_per_share": null,
            "book_valuer_per_share_4q_avg": 0,
            "equity": null,
            "current_ratio": null,
            "debt_ratio": null,
            "inventory_turnover_ratio": null,
            "account_receivable_turnover_ratio": null,
            "reinvestment_rate": null,
            "research_to_sale_ratio": null,
            "price_fair": 0,
            "eps_avg_yearly": 0,
            "eps_latest_yearly": 0,
            "eps_growth_yearly": 0
        },
        "20054": {
            "year_quarter": 20054,
            "year": 2005,
            "quarter": 4,
            "eps": null,
            "eps_growth_year": null,
            "eps_4q": null,
            "eps_4q_growth_year": null,
            "roe": null,
            "roe_4q": 0,
            "gross_profit": null,
            "gross_margin": null,
            "gross_margin_4q_avg": 0,
            "net_income": null,
            "net_income_4q": null,
            "revenue": null,
            "revenue_4q": null,
            "common_shares": null,
            "book_valuer_per_share": null,
            "book_valuer_per_share_4q_avg": 0,
            "equity": null,
            "current_ratio": null,
            "debt_ratio": null,
            "inventory_turnover_ratio": null,
            "account_receivable_turnover_ratio": null,
            "reinvestment_rate": null,
            "research_to_sale_ratio": null,
            "price_fair": 0,
            "eps_avg_yearly": 0,
            "eps_latest_yearly": 0,
            "eps_growth_yearly": 0
        },
        "20061": {
            "year_quarter": 20061,
            "year": 2006,
            "quarter": 1,
            "eps": null,
            "eps_growth_year": null,
            "eps_4q": null,
            "eps_4q_growth_year": null,
            "roe": null,
            "roe_4q": 0,
            "gross_profit": null,
            "gross_margin": null,
            "gross_margin_4q_avg": 0,
            "net_income": null,
            "net_income_4q": null,
            "revenue": null,
            "revenue_4q": null,
            "common_shares": null,
            "book_valuer_per_share": null,
            "book_valuer_per_share_4q_avg": 0,
            "equity": null,
            "current_ratio": null,
            "debt_ratio": null,
            "inventory_turnover_ratio": null,
            "account_receivable_turnover_ratio": null,
            "reinvestment_rate": null,
            "research_to_sale_ratio": null,
            "price_fair": 0,
            "eps_avg_yearly": 0,
            "eps_latest_yearly": 0,
            "eps_growth_yearly": 0
        },
        "20062": {
            "year_quarter": 20062,
            "year": 2006,
            "quarter": 2,
            "eps": null,
            "eps_growth_year": null,
            "eps_4q": null,
            "eps_4q_growth_year": null,
            "roe": null,
            "roe_4q": 0,
            "gross_profit": null,
            "gross_margin": null,
            "gross_margin_4q_avg": 0,
            "net_income": null,
            "net_income_4q": null,
            "revenue": null,
            "revenue_4q": null,
            "common_shares": null,
            "book_valuer_per_share": null,
            "book_valuer_per_share_4q_avg": 0,
            "equity": null,
            "current_ratio": null,
            "debt_ratio": null,
            "inventory_turnover_ratio": null,
            "account_receivable_turnover_ratio": null,
            "reinvestment_rate": null,
            "research_to_sale_ratio": null,
            "price_fair": 0,
            "eps_avg_yearly": 0,
            "eps_latest_yearly": 0,
            "eps_growth_yearly": 0
        },
        "20063": {
            "year_quarter": 20063,
            "year": 2006,
            "quarter": 3,
            "eps": null,
            "eps_growth_year": null,
            "eps_4q": null,
            "eps_4q_growth_year": null,
            "roe": null,
            "roe_4q": 0,
            "gross_profit": null,
            "gross_margin": null,
            "gross_margin_4q_avg": 0,
            "net_income": null,
            "net_income_4q": null,
            "revenue": null,
            "revenue_4q": null,
            "common_shares": null,
            "book_valuer_per_share": null,
            "book_valuer_per_share_4q_avg": 0,
            "equity": null,
            "current_ratio": null,
            "debt_ratio": null,
            "inventory_turnover_ratio": null,
            "account_receivable_turnover_ratio": null,
            "reinvestment_rate": null,
            "research_to_sale_ratio": null,
            "price_fair": 0,
            "eps_avg_yearly": 0,
            "eps_latest_yearly": 0,
            "eps_growth_yearly": 0
        },
        "20064": {
            "year_quarter": 20064,
            "year": 2006,
            "quarter": 4,
            "eps": null,
            "eps_growth_year": null,
            "eps_4q": null,
            "eps_4q_growth_year": null,
            "roe": null,
            "roe_4q": 0,
            "gross_profit": null,
            "gross_margin": null,
            "gross_margin_4q_avg": 0,
            "net_income": null,
            "net_income_4q": null,
            "revenue": null,
            "revenue_4q": null,
            "common_shares": 175000,
            "book_valuer_per_share": 16.19,
            "book_valuer_per_share_4q_avg": 4.05,
            "equity": 283239,
            "current_ratio": 135.88,
            "debt_ratio": 59.93,
            "inventory_turnover_ratio": null,
            "account_receivable_turnover_ratio": null,
            "reinvestment_rate": null,
            "research_to_sale_ratio": null,
            "price_fair": 0,
            "eps_avg_yearly": 0,
            "eps_latest_yearly": 0,
            "eps_growth_yearly": 0
        },
        "20071": {
            "year_quarter": 20071,
            "year": 2007,
            "quarter": 1,
            "eps": 1.87,
            "eps_growth_year": null,
            "eps_4q": null,
            "eps_4q_growth_year": null,
            "roe": 12.81,
            "roe_4q": 12.81,
            "gross_profit": 115443,
            "gross_margin": 32.84,
            "gross_margin_4q_avg": 8.21,
            "net_income": 51568,
            "net_income_4q": null,
            "revenue": 351554,
            "revenue_4q": null,
            "common_shares": 308820,
            "book_valuer_per_share": 16.91,
            "book_valuer_per_share_4q_avg": 8.28,
            "equity": 522155,
            "current_ratio": 199.9,
            "debt_ratio": 42.02,
            "inventory_turnover_ratio": 1.95,
            "account_receivable_turnover_ratio": null,
            "reinvestment_rate": null,
            "research_to_sale_ratio": null,
            "price_fair": 0,
            "eps_avg_yearly": 0,
            "eps_latest_yearly": 0,
            "eps_growth_yearly": 0
        },
        "20072": {
            "year_quarter": 20072,
            "year": 2007,
            "quarter": 2,
            "eps": 1.17,
            "eps_growth_year": null,
            "eps_4q": null,
            "eps_4q_growth_year": null,
            "roe": 6.34,
            "roe_4q": 19.15,
            "gross_profit": 91810,
            "gross_margin": 27.02,
            "gross_margin_4q_avg": 14.97,
            "net_income": 34132,
            "net_income_4q": null,
            "revenue": 339795,
            "revenue_4q": null,
            "common_shares": 308820,
            "book_valuer_per_share": 17.95,
            "book_valuer_per_share_4q_avg": 12.76,
            "equity": 554484,
            "current_ratio": 229.92,
            "debt_ratio": 35.22,
            "inventory_turnover_ratio": 2.85,
            "account_receivable_turnover_ratio": null,
            "reinvestment_rate": null,
            "research_to_sale_ratio": null,
            "price_fair": 14.04,
            "eps_avg_yearly": 4.68,
            "eps_latest_yearly": 4.68,
            "eps_growth_yearly": -149.73
        },
        "20073": {
            "year_quarter": 20073,
            "year": 2007,
            "quarter": 3,
            "eps": 1.03,
            "eps_growth_year": null,
            "eps_4q": null,
            "eps_4q_growth_year": null,
            "roe": 5.4,
            "roe_4q": 24.55,
            "gross_profit": 98956,
            "gross_margin": 29.44,
            "gross_margin_4q_avg": 22.33,
            "net_income": 30747,
            "net_income_4q": null,
            "revenue": 336118,
            "revenue_4q": null,
            "common_shares": 308820,
            "book_valuer_per_share": 18.93,
            "book_valuer_per_share_4q_avg": 17.5,
            "equity": 584592,
            "current_ratio": 230.72,
            "debt_ratio": 36.52,
            "inventory_turnover_ratio": 3.05,
            "account_receivable_turnover_ratio": null,
            "reinvestment_rate": null,
            "research_to_sale_ratio": null,
            "price_fair": 13.2,
            "eps_avg_yearly": 4.4,
            "eps_latest_yearly": 4.12,
            "eps_growth_yearly": -98.8
        },
        "20074": {
            "year_quarter": 20074,
            "year": 2007,
            "quarter": 4,
            "eps": 0.43,
            "eps_growth_year": null,
            "eps_4q": 4.31,
            "eps_4q_growth_year": null,
            "roe": 2.18,
            "roe_4q": 26.73,
            "gross_profit": 87955,
            "gross_margin": 23.01,
            "gross_margin_4q_avg": 28.08,
            "net_income": 12891,
            "net_income_4q": null,
            "revenue": 382300,
            "revenue_4q": null,
            "common_shares": 308820,
            "book_valuer_per_share": 19.39,
            "book_valuer_per_share_4q_avg": 18.3,
            "equity": 598694,
            "current_ratio": 219.68,
            "debt_ratio": 40.38,
            "inventory_turnover_ratio": 2.63,
            "account_receivable_turnover_ratio": null,
            "reinvestment_rate": null,
            "research_to_sale_ratio": null,
            "price_fair": 10.52,
            "eps_avg_yearly": 3.51,
            "eps_latest_yearly": 1.72,
            "eps_growth_yearly": -143.54
        },
        "20081": {
            "year_quarter": 20081,
            "year": 2008,
            "quarter": 1,
            "eps": 0.83,
            "eps_growth_year": -55.62,
            "eps_4q": 3.32,
            "eps_4q_growth_year": null,
            "roe": 4.24,
            "roe_4q": 18.16,
            "gross_profit": 176357,
            "gross_margin": 35.3,
            "gross_margin_4q_avg": 28.69,
            "net_income": 25905,
            "net_income_4q": null,
            "revenue": 499553,
            "revenue_4q": null,
            "common_shares": 308820,
            "book_valuer_per_share": 20.14,
            "book_valuer_per_share_4q_avg": 19.1,
            "equity": 621910,
            "current_ratio": 211.02,
            "debt_ratio": 42.52,
            "inventory_turnover_ratio": 1.98,
            "account_receivable_turnover_ratio": null,
            "reinvestment_rate": null,
            "research_to_sale_ratio": null,
            "price_fair": 10.38,
            "eps_avg_yearly": 3.46,
            "eps_latest_yearly": 3.32,
            "eps_growth_yearly": -14.63
        },
        "20082": {
            "year_quarter": 20082,
            "year": 2008,
            "quarter": 2,
            "eps": 0.59,
            "eps_growth_year": -49.57,
            "eps_4q": 2.82,
            "eps_4q_growth_year": null,
            "roe": 3.15,
            "roe_4q": 14.97,
            "gross_profit": 154130,
            "gross_margin": 31.09,
            "gross_margin_4q_avg": 29.71,
            "net_income": 18370,
            "net_income_4q": null,
            "revenue": 495824,
            "revenue_4q": null,
            "common_shares": 312970,
            "book_valuer_per_share": 17.36,
            "book_valuer_per_share_4q_avg": 18.96,
            "equity": 543385,
            "current_ratio": 170.12,
            "debt_ratio": 52.13,
            "inventory_turnover_ratio": 1.83,
            "account_receivable_turnover_ratio": null,
            "reinvestment_rate": null,
            "research_to_sale_ratio": null,
            "price_fair": 9.72,
            "eps_avg_yearly": 3.24,
            "eps_latest_yearly": 2.36,
            "eps_growth_yearly": -34.84
        },
        "20083": {
            "year_quarter": 20083,
            "year": 2008,
            "quarter": 3,
            "eps": 0.66,
            "eps_growth_year": -35.92,
            "eps_4q": 2.37,
            "eps_4q_growth_year": null,
            "roe": 3.94,
            "roe_4q": 13.51,
            "gross_profit": 175112,
            "gross_margin": 34.12,
            "gross_margin_4q_avg": 30.88,
            "net_income": 22104,
            "net_income_4q": null,
            "revenue": 513217,
            "revenue_4q": null,
            "common_shares": 331262,
            "book_valuer_per_share": 17.47,
            "book_valuer_per_share_4q_avg": 18.59,
            "equity": 578597,
            "current_ratio": 178,
            "debt_ratio": 50.33,
            "inventory_turnover_ratio": 1.66,
            "account_receivable_turnover_ratio": null,
            "reinvestment_rate": null,
            "research_to_sale_ratio": null,
            "price_fair": 9.42,
            "eps_avg_yearly": 3.14,
            "eps_latest_yearly": 2.64,
            "eps_growth_yearly": -21.12
        },
        "20084": {
            "year_quarter": 20084,
            "year": 2008,
            "quarter": 4,
            "eps": 0.36,
            "eps_growth_year": -16.28,
            "eps_4q": 2.29,
            "eps_4q_growth_year": -46.96,
            "roe": 2.11,
            "roe_4q": 13.44,
            "gross_profit": 138361,
            "gross_margin": 28.68,
            "gross_margin_4q_avg": 32.3,
            "net_income": 12392,
            "net_income_4q": null,
            "revenue": 482488,
            "revenue_4q": null,
            "common_shares": 336612,
            "book_valuer_per_share": 17.68,
            "book_valuer_per_share_4q_avg": 18.16,
            "equity": 595275,
            "current_ratio": 191.8,
            "debt_ratio": 46.48,
            "inventory_turnover_ratio": 1.65,
            "account_receivable_turnover_ratio": 4.7,
            "reinvestment_rate": null,
            "research_to_sale_ratio": null,
            "price_fair": 8.69,
            "eps_avg_yearly": 2.9,
            "eps_latest_yearly": 1.44,
            "eps_growth_yearly": -44.08
        },
        "20091": {
            "year_quarter": 20091,
            "year": 2009,
            "quarter": 1,
            "eps": 0.78,
            "eps_growth_year": -6.02,
            "eps_4q": 2.33,
            "eps_4q_growth_year": -29.97,
            "roe": 4.35,
            "roe_4q": 13.549999999999999,
            "gross_profit": 148199,
            "gross_margin": 30.19,
            "gross_margin_4q_avg": 31.02,
            "net_income": 26669,
            "net_income_4q": null,
            "revenue": 490953,
            "revenue_4q": null,
            "common_shares": 336612,
            "book_valuer_per_share": 18.73,
            "book_valuer_per_share_4q_avg": 17.81,
            "equity": 630628,
            "current_ratio": 206.14,
            "debt_ratio": 43.89,
            "inventory_turnover_ratio": 1.81,
            "account_receivable_turnover_ratio": 4.79,
            "reinvestment_rate": null,
            "research_to_sale_ratio": null,
            "price_fair": 87.07,
            "eps_avg_yearly": 2.93,
            "eps_latest_yearly": 3.12,
            "eps_growth_yearly": 19.77
        },
        "20092": {
            "year_quarter": 20092,
            "year": 2009,
            "quarter": 2,
            "eps": 0.56,
            "eps_growth_year": -5.08,
            "eps_4q": 2.32,
            "eps_4q_growth_year": -17.86,
            "roe": 3.06,
            "roe_4q": 13.459999999999999,
            "gross_profit": 179789,
            "gross_margin": 30.1,
            "gross_margin_4q_avg": 30.77,
            "net_income": 19471,
            "net_income_4q": null,
            "revenue": 597388,
            "revenue_4q": null,
            "common_shares": 339787,
            "book_valuer_per_share": 18.85,
            "book_valuer_per_share_4q_avg": 18.18,
            "equity": 640596,
            "current_ratio": 179.05,
            "debt_ratio": 51.56,
            "inventory_turnover_ratio": 2.15,
            "account_receivable_turnover_ratio": 4.37,
            "reinvestment_rate": null,
            "research_to_sale_ratio": null,
            "price_fair": 42.83,
            "eps_avg_yearly": 2.85,
            "eps_latest_yearly": 2.24,
            "eps_growth_yearly": 5.03
        },
        "20093": {
            "year_quarter": 20093,
            "year": 2009,
            "quarter": 3,
            "eps": null,
            "eps_growth_year": null,
            "eps_4q": null,
            "eps_4q_growth_year": null,
            "roe": null,
            "roe_4q": 9.52,
            "gross_profit": null,
            "gross_margin": null,
            "gross_margin_4q_avg": 22.24,
            "net_income": null,
            "net_income_4q": null,
            "revenue": null,
            "revenue_4q": null,
            "common_shares": null,
            "book_valuer_per_share": null,
            "book_valuer_per_share_4q_avg": 13.82,
            "equity": null,
            "current_ratio": null,
            "debt_ratio": null,
            "inventory_turnover_ratio": null,
            "account_receivable_turnover_ratio": null,
            "reinvestment_rate": null,
            "research_to_sale_ratio": null,
            "price_fair": 42.83,
            "eps_avg_yearly": 2.85,
            "eps_latest_yearly": 2.24,
            "eps_growth_yearly": 5.03
        },
        "20094": {
            "year_quarter": 20094,
            "year": 2009,
            "quarter": 4,
            "eps": null,
            "eps_growth_year": null,
            "eps_4q": null,
            "eps_4q_growth_year": null,
            "roe": null,
            "roe_4q": 7.41,
            "gross_profit": null,
            "gross_margin": null,
            "gross_margin_4q_avg": 15.07,
            "net_income": null,
            "net_income_4q": null,
            "revenue": null,
            "revenue_4q": null,
            "common_shares": 363735,
            "book_valuer_per_share": 18.84,
            "book_valuer_per_share_4q_avg": 14.11,
            "equity": 702725,
            "current_ratio": 168.59,
            "debt_ratio": 56.19,
            "inventory_turnover_ratio": null,
            "account_receivable_turnover_ratio": null,
            "reinvestment_rate": null,
            "research_to_sale_ratio": null,
            "price_fair": 42.83,
            "eps_avg_yearly": 2.85,
            "eps_latest_yearly": 2.24,
            "eps_growth_yearly": 5.03
        },
        "20101": {
            "year_quarter": 20101,
            "year": 2010,
            "quarter": 1,
            "eps": null,
            "eps_growth_year": null,
            "eps_4q": null,
            "eps_4q_growth_year": null,
            "roe": null,
            "roe_4q": 3.06,
            "gross_profit": 210530,
            "gross_margin": null,
            "gross_margin_4q_avg": 7.53,
            "net_income": 35130,
            "net_income_4q": null,
            "revenue": 766083,
            "revenue_4q": null,
            "common_shares": 373035,
            "book_valuer_per_share": 19.76,
            "book_valuer_per_share_4q_avg": 14.36,
            "equity": 737159,
            "current_ratio": 168.89,
            "debt_ratio": 55.07,
            "inventory_turnover_ratio": null,
            "account_receivable_turnover_ratio": null,
            "reinvestment_rate": null,
            "research_to_sale_ratio": null,
            "price_fair": 42.83,
            "eps_avg_yearly": 2.85,
            "eps_latest_yearly": 2.24,
            "eps_growth_yearly": 5.03
        },
        "20102": {
            "year_quarter": 20102,
            "year": 2010,
            "quarter": 2,
            "eps": 0.94,
            "eps_growth_year": 68.31,
            "eps_4q": null,
            "eps_4q_growth_year": null,
            "roe": 5.37,
            "roe_4q": 5.37,
            "gross_profit": 222824,
            "gross_margin": 23.44,
            "gross_margin_4q_avg": 5.86,
            "net_income": 38676,
            "net_income_4q": null,
            "revenue": 950425,
            "revenue_4q": null,
            "common_shares": 373035,
            "book_valuer_per_share": 18.83,
            "book_valuer_per_share_4q_avg": 14.36,
            "equity": 702590,
            "current_ratio": 149.42,
            "debt_ratio": 61.13,
            "inventory_turnover_ratio": 2.29,
            "account_receivable_turnover_ratio": 3.31,
            "reinvestment_rate": null,
            "research_to_sale_ratio": null,
            "price_fair": 42.83,
            "eps_avg_yearly": 2.85,
            "eps_latest_yearly": 2.24,
            "eps_growth_yearly": 5.03
        },
        "20103": {
            "year_quarter": 20103,
            "year": 2010,
            "quarter": 3,
            "eps": null,
            "eps_growth_year": null,
            "eps_4q": null,
            "eps_4q_growth_year": null,
            "roe": null,
            "roe_4q": 5.37,
            "gross_profit": 212044,
            "gross_margin": null,
            "gross_margin_4q_avg": 5.86,
            "net_income": 33943,
            "net_income_4q": null,
            "revenue": 877278,
            "revenue_4q": null,
            "common_shares": 410339,
            "book_valuer_per_share": 17.83,
            "book_valuer_per_share_4q_avg": 18.82,
            "equity": 731662,
            "current_ratio": 150.69,
            "debt_ratio": 59.27,
            "inventory_turnover_ratio": null,
            "account_receivable_turnover_ratio": null,
            "reinvestment_rate": null,
            "research_to_sale_ratio": null,
            "price_fair": 42.83,
            "eps_avg_yearly": 2.85,
            "eps_latest_yearly": 2.24,
            "eps_growth_yearly": 5.03
        },
        "20104": {
            "year_quarter": 20104,
            "year": 2010,
            "quarter": 4,
            "eps": null,
            "eps_growth_year": null,
            "eps_4q": null,
            "eps_4q_growth_year": null,
            "roe": null,
            "roe_4q": 5.37,
            "gross_profit": 196189,
            "gross_margin": null,
            "gross_margin_4q_avg": 5.86,
            "net_income": 22890,
            "net_income_4q": null,
            "revenue": 865383,
            "revenue_4q": null,
            "common_shares": 410339,
            "book_valuer_per_share": 18.24,
            "book_valuer_per_share_4q_avg": 18.67,
            "equity": 748611,
            "current_ratio": 151.81,
            "debt_ratio": 57.86,
            "inventory_turnover_ratio": null,
            "account_receivable_turnover_ratio": null,
            "reinvestment_rate": null,
            "research_to_sale_ratio": null,
            "price_fair": 42.83,
            "eps_avg_yearly": 2.85,
            "eps_latest_yearly": 2.24,
            "eps_growth_yearly": 5.03
        },
        "20111": {
            "year_quarter": 20111,
            "year": 2011,
            "quarter": 1,
            "eps": null,
            "eps_growth_year": null,
            "eps_4q": null,
            "eps_4q_growth_year": null,
            "roe": null,
            "roe_4q": 5.37,
            "gross_profit": null,
            "gross_margin": null,
            "gross_margin_4q_avg": 5.86,
            "net_income": null,
            "net_income_4q": null,
            "revenue": null,
            "revenue_4q": null,
            "common_shares": null,
            "book_valuer_per_share": null,
            "book_valuer_per_share_4q_avg": 13.73,
            "equity": null,
            "current_ratio": null,
            "debt_ratio": null,
            "inventory_turnover_ratio": null,
            "account_receivable_turnover_ratio": null,
            "reinvestment_rate": null,
            "research_to_sale_ratio": null,
            "price_fair": 42.83,
            "eps_avg_yearly": 2.85,
            "eps_latest_yearly": 2.24,
            "eps_growth_yearly": 5.03
        },
        "20112": {
            "year_quarter": 20112,
            "year": 2011,
            "quarter": 2,
            "eps": null,
            "eps_growth_year": null,
            "eps_4q": null,
            "eps_4q_growth_year": null,
            "roe": null,
            "roe_4q": 0,
            "gross_profit": null,
            "gross_margin": null,
            "gross_margin_4q_avg": 0,
            "net_income": null,
            "net_income_4q": null,
            "revenue": null,
            "revenue_4q": null,
            "common_shares": 410339,
            "book_valuer_per_share": 17.84,
            "book_valuer_per_share_4q_avg": 13.48,
            "equity": 732234,
            "current_ratio": 142.13,
            "debt_ratio": 63.18,
            "inventory_turnover_ratio": null,
            "account_receivable_turnover_ratio": null,
            "reinvestment_rate": null,
            "research_to_sale_ratio": null,
            "price_fair": 90.08,
            "eps_avg_yearly": 2.62,
            "eps_latest_yearly": 2.24,
            "eps_growth_yearly": 24.38
        },
        "20113": {
            "year_quarter": 20113,
            "year": 2011,
            "quarter": 3,
            "eps": 1.11,
            "eps_growth_year": null,
            "eps_4q": null,
            "eps_4q_growth_year": null,
            "roe": 6.01,
            "roe_4q": 6.01,
            "gross_profit": 256236,
            "gross_margin": 24.9,
            "gross_margin_4q_avg": 6.23,
            "net_income": 45691,
            "net_income_4q": null,
            "revenue": 1029262,
            "revenue_4q": null,
            "common_shares": 410339,
            "book_valuer_per_share": 19.24,
            "book_valuer_per_share_4q_avg": 13.83,
            "equity": 789457,
            "current_ratio": 147.6,
            "debt_ratio": 61.78,
            "inventory_turnover_ratio": 1.95,
            "account_receivable_turnover_ratio": 1.57,
            "reinvestment_rate": null,
            "research_to_sale_ratio": 5.12,
            "price_fair": 84.2,
            "eps_avg_yearly": 2.41,
            "eps_latest_yearly": 2.24,
            "eps_growth_yearly": 34.7
        },
        "20114": {
            "year_quarter": 20114,
            "year": 2011,
            "quarter": 4,
            "eps": 1.45,
            "eps_growth_year": null,
            "eps_4q": null,
            "eps_4q_growth_year": null,
            "roe": 7.26,
            "roe_4q": 13.27,
            "gross_profit": 306865,
            "gross_margin": 29.08,
            "gross_margin_4q_avg": 13.5,
            "net_income": 59387,
            "net_income_4q": null,
            "revenue": 1055333,
            "revenue_4q": null,
            "common_shares": 410339,
            "book_valuer_per_share": 20.64,
            "book_valuer_per_share_4q_avg": 14.43,
            "equity": 846858,
            "current_ratio": 151.44,
            "debt_ratio": 60.51,
            "inventory_turnover_ratio": 1.74,
            "account_receivable_turnover_ratio": 1.47,
            "reinvestment_rate": null,
            "research_to_sale_ratio": 6.99,
            "price_fair": 104.6,
            "eps_avg_yearly": 2.99,
            "eps_latest_yearly": 5.8,
            "eps_growth_yearly": 85.49
        },
        "20121": {
            "year_quarter": 20121,
            "year": 2012,
            "quarter": 1,
            "eps": null,
            "eps_growth_year": null,
            "eps_4q": null,
            "eps_4q_growth_year": null,
            "roe": null,
            "roe_4q": 13.27,
            "gross_profit": null,
            "gross_margin": null,
            "gross_margin_4q_avg": 13.5,
            "net_income": null,
            "net_income_4q": null,
            "revenue": null,
            "revenue_4q": null,
            "common_shares": null,
            "book_valuer_per_share": null,
            "book_valuer_per_share_4q_avg": 14.43,
            "equity": null,
            "current_ratio": null,
            "debt_ratio": null,
            "inventory_turnover_ratio": null,
            "account_receivable_turnover_ratio": null,
            "reinvestment_rate": null,
            "research_to_sale_ratio": null,
            "price_fair": 102.67,
            "eps_avg_yearly": 2.93,
            "eps_latest_yearly": 5.8,
            "eps_growth_yearly": 37.72
        },
        "20122": {
            "year_quarter": 20122,
            "year": 2012,
            "quarter": 2,
            "eps": null,
            "eps_growth_year": null,
            "eps_4q": null,
            "eps_4q_growth_year": null,
            "roe": null,
            "roe_4q": 13.27,
            "gross_profit": null,
            "gross_margin": null,
            "gross_margin_4q_avg": 13.5,
            "net_income": null,
            "net_income_4q": null,
            "revenue": null,
            "revenue_4q": null,
            "common_shares": 412499,
            "book_valuer_per_share": 21.46,
            "book_valuer_per_share_4q_avg": 15.34,
            "equity": 889106,
            "current_ratio": 138.44,
            "debt_ratio": 65.65,
            "inventory_turnover_ratio": null,
            "account_receivable_turnover_ratio": null,
            "reinvestment_rate": null,
            "research_to_sale_ratio": null,
            "price_fair": 106.68,
            "eps_avg_yearly": 3.05,
            "eps_latest_yearly": 5.8,
            "eps_growth_yearly": 68.4
        },
        "20123": {
            "year_quarter": 20123,
            "year": 2012,
            "quarter": 3,
            "eps": null,
            "eps_growth_year": null,
            "eps_4q": null,
            "eps_4q_growth_year": null,
            "roe": null,
            "roe_4q": 7.26,
            "gross_profit": 364657,
            "gross_margin": null,
            "gross_margin_4q_avg": 7.27,
            "net_income": 75520,
            "net_income_4q": null,
            "revenue": 1409310,
            "revenue_4q": null,
            "common_shares": 414539,
            "book_valuer_per_share": null,
            "book_valuer_per_share_4q_avg": 10.53,
            "equity": 959919,
            "current_ratio": null,
            "debt_ratio": null,
            "inventory_turnover_ratio": null,
            "account_receivable_turnover_ratio": null,
            "reinvestment_rate": null,
            "research_to_sale_ratio": null,
            "price_fair": 110.25,
            "eps_avg_yearly": 3.15,
            "eps_latest_yearly": 5.8,
            "eps_growth_yearly": 73.64
        },
        "20124": {
            "year_quarter": 20124,
            "year": 2012,
            "quarter": 4,
            "eps": null,
            "eps_growth_year": null,
            "eps_4q": null,
            "eps_4q_growth_year": null,
            "roe": null,
            "roe_4q": 0,
            "gross_profit": 306975,
            "gross_margin": null,
            "gross_margin_4q_avg": 0,
            "net_income": 62501,
            "net_income_4q": null,
            "revenue": 1136880,
            "revenue_4q": null,
            "common_shares": 416459,
            "book_valuer_per_share": 24.76,
            "book_valuer_per_share_4q_avg": 11.56,
            "equity": 1031236,
            "current_ratio": 153.63,
            "debt_ratio": 58.96,
            "inventory_turnover_ratio": null,
            "account_receivable_turnover_ratio": null,
            "reinvestment_rate": null,
            "research_to_sale_ratio": null,
            "price_fair": 130.2,
            "eps_avg_yearly": 3.72,
            "eps_latest_yearly": 5.8,
            "eps_growth_yearly": 158.79
        },
        "20131": {
            "year_quarter": 20131,
            "year": 2013,
            "quarter": 1,
            "eps": null,
            "eps_growth_year": null,
            "eps_4q": null,
            "eps_4q_growth_year": null,
            "roe": null,
            "roe_4q": 0,
            "gross_profit": 263396,
            "gross_margin": null,
            "gross_margin_4q_avg": 0,
            "net_income": 74511,
            "net_income_4q": null,
            "revenue": 995071,
            "revenue_4q": null,
            "common_shares": 418199,
            "book_valuer_per_share": 26.54,
            "book_valuer_per_share_4q_avg": 18.19,
            "equity": 1110059,
            "current_ratio": 159.32,
            "debt_ratio": 56.48,
            "inventory_turnover_ratio": null,
            "account_receivable_turnover_ratio": null,
            "reinvestment_rate": null,
            "research_to_sale_ratio": null,
            "price_fair": 59.7,
            "eps_avg_yearly": 4.02,
            "eps_latest_yearly": 5.8,
            "eps_growth_yearly": 4.85
        },
        "20132": {
            "year_quarter": 20132,
            "year": 2013,
            "quarter": 2,
            "eps": 2.56,
            "eps_growth_year": null,
            "eps_4q": 2.55,
            "eps_4q_growth_year": null,
            "roe": 9.92,
            "roe_4q": 9.92,
            "gross_profit": 357980,
            "gross_margin": 29.59,
            "gross_margin_4q_avg": 7.4,
            "net_income": 107353,
            "net_income_4q": null,
            "revenue": 1209919,
            "revenue_4q": null,
            "common_shares": 420359,
            "book_valuer_per_share": 25.03,
            "book_valuer_per_share_4q_avg": 19.08,
            "equity": 1054477,
            "current_ratio": 143.13,
            "debt_ratio": 63.36,
            "inventory_turnover_ratio": 1.87,
            "account_receivable_turnover_ratio": 3.51,
            "reinvestment_rate": null,
            "research_to_sale_ratio": 6.41,
            "price_fair": 203,
            "eps_avg_yearly": 5.8,
            "eps_latest_yearly": 5.8,
            "eps_growth_yearly": 122.52
        },
        "20133": {
            "year_quarter": 20133,
            "year": 2013,
            "quarter": 3,
            "eps": 2.93,
            "eps_growth_year": null,
            "eps_4q": 5.45,
            "eps_4q_growth_year": null,
            "roe": 11.02,
            "roe_4q": 20.939999999999998,
            "gross_profit": 413935,
            "gross_margin": 29.59,
            "gross_margin_4q_avg": 14.8,
            "net_income": 122988,
            "net_income_4q": null,
            "revenue": 1398997,
            "revenue_4q": null,
            "common_shares": 422649,
            "book_valuer_per_share": 27.85,
            "book_valuer_per_share_4q_avg": 26.05,
            "equity": 1178024,
            "current_ratio": 145.15,
            "debt_ratio": 63.12,
            "inventory_turnover_ratio": 1.67,
            "account_receivable_turnover_ratio": 2.02,
            "reinvestment_rate": null,
            "research_to_sale_ratio": 6.88,
            "price_fair": 306.6,
            "eps_avg_yearly": 8.76,
            "eps_latest_yearly": 11.72,
            "eps_growth_yearly": 90.17
        },
        "20134": {
            "year_quarter": 20134,
            "year": 2013,
            "quarter": 4,
            "eps": 2.44,
            "eps_growth_year": null,
            "eps_4q": 7.23,
            "eps_4q_growth_year": null,
            "roe": 7.7,
            "roe_4q": 28.64,
            "gross_profit": 424951,
            "gross_margin": 30.85,
            "gross_margin_4q_avg": 22.51,
            "net_income": 117064,
            "net_income_4q": null,
            "revenue": 1377319,
            "revenue_4q": null,
            "common_shares": 480689,
            "book_valuer_per_share": 38.76,
            "book_valuer_per_share_4q_avg": 29.55,
            "equity": 1863000,
            "current_ratio": 189.61,
            "debt_ratio": 49.18,
            "inventory_turnover_ratio": 1.61,
            "account_receivable_turnover_ratio": 2.06,
            "reinvestment_rate": null,
            "research_to_sale_ratio": 7.45,
            "price_fair": 318.27,
            "eps_avg_yearly": 9.09,
            "eps_latest_yearly": 9.76,
            "eps_growth_yearly": 37.81
        },
        "20141": {
            "year_quarter": 20141,
            "year": 2014,
            "quarter": 1,
            "eps": 2.56,
            "eps_growth_year": null,
            "eps_4q": 9.73,
            "eps_4q_growth_year": null,
            "roe": 6.39,
            "roe_4q": 35.03,
            "gross_profit": 387352,
            "gross_margin": 28.88,
            "gross_margin_4q_avg": 29.73,
            "net_income": 123331,
            "net_income_4q": null,
            "revenue": 1341334,
            "revenue_4q": null,
            "common_shares": 483279,
            "book_valuer_per_share": 41.26,
            "book_valuer_per_share_4q_avg": 33.23,
            "equity": 1995523,
            "current_ratio": 202.89,
            "debt_ratio": 46.36,
            "inventory_turnover_ratio": 1.84,
            "account_receivable_turnover_ratio": 1.91,
            "reinvestment_rate": null,
            "research_to_sale_ratio": 5.87,
            "price_fair": 328.3,
            "eps_avg_yearly": 9.38,
            "eps_latest_yearly": 10.24,
            "eps_growth_yearly": 33.28
        },
        "20142": {
            "year_quarter": 20142,
            "year": 2014,
            "quarter": 2,
            "eps": 3.34,
            "eps_growth_year": 30.47,
            "eps_4q": 10.83,
            "eps_4q_growth_year": 324.98,
            "roe": 8.39,
            "roe_4q": 33.5,
            "gross_profit": 435856,
            "gross_margin": 28.37,
            "gross_margin_4q_avg": 29.42,
            "net_income": 161771,
            "net_income_4q": null,
            "revenue": 1536419,
            "revenue_4q": null,
            "common_shares": 484839,
            "book_valuer_per_share": 38.37,
            "book_valuer_per_share_4q_avg": 36.56,
            "equity": 1860878,
            "current_ratio": 171.87,
            "debt_ratio": 54.53,
            "inventory_turnover_ratio": 2.16,
            "account_receivable_turnover_ratio": 1.89,
            "reinvestment_rate": null,
            "research_to_sale_ratio": 5.8,
            "price_fair": 356.16,
            "eps_avg_yearly": 10.18,
            "eps_latest_yearly": 13.36,
            "eps_growth_yearly": 51
        },
        "20143": {
            "year_quarter": 20143,
            "year": 2014,
            "quarter": 3,
            "eps": 3.25,
            "eps_growth_year": 10.92,
            "eps_4q": 11.52,
            "eps_4q_growth_year": 111.46,
            "roe": 8.12,
            "roe_4q": 30.599999999999998,
            "gross_profit": 489299,
            "gross_margin": 29.97,
            "gross_margin_4q_avg": 29.52,
            "net_income": 157654,
            "net_income_4q": null,
            "revenue": 1632526,
            "revenue_4q": null,
            "common_shares": 485489,
            "book_valuer_per_share": 41.63,
            "book_valuer_per_share_4q_avg": 40.01,
            "equity": 2024021,
            "current_ratio": 176.76,
            "debt_ratio": 52.67,
            "inventory_turnover_ratio": 2.16,
            "account_receivable_turnover_ratio": 1.79,
            "reinvestment_rate": null,
            "research_to_sale_ratio": 6.29,
            "price_fair": 372.63,
            "eps_avg_yearly": 10.65,
            "eps_latest_yearly": 13,
            "eps_growth_yearly": 40.7
        },
        "20144": {
            "year_quarter": 20144,
            "year": 2014,
            "quarter": 4,
            "eps": 3.47,
            "eps_growth_year": 42.53,
            "eps_4q": 12.56,
            "eps_4q_growth_year": 73.84,
            "roe": 7.99,
            "roe_4q": 30.89,
            "gross_profit": 477475,
            "gross_margin": 28.53,
            "gross_margin_4q_avg": 28.94,
            "net_income": 169023,
            "net_income_4q": null,
            "revenue": 1673523,
            "revenue_4q": null,
            "common_shares": 486929,
            "book_valuer_per_share": 45.29,
            "book_valuer_per_share_4q_avg": 41.64,
            "equity": 2205354,
            "current_ratio": 183.57,
            "debt_ratio": 50.81,
            "inventory_turnover_ratio": 2.12,
            "account_receivable_turnover_ratio": 1.72,
            "reinvestment_rate": null,
            "research_to_sale_ratio": 5.79,
            "price_fair": 388.8,
            "eps_avg_yearly": 11.11,
            "eps_latest_yearly": 13.88,
            "eps_growth_yearly": 38.76
        },
        "20151": {
            "year_quarter": 20151,
            "year": 2015,
            "quarter": 1,
            "eps": 3.85,
            "eps_growth_year": 50.39,
            "eps_4q": 13.82,
            "eps_4q_growth_year": 42.02,
            "roe": 8.17,
            "roe_4q": 32.67,
            "gross_profit": 469119,
            "gross_margin": 26.98,
            "gross_margin_4q_avg": 28.46,
            "net_income": 187907,
            "net_income_4q": null,
            "revenue": 1739031,
            "revenue_4q": null,
            "common_shares": 489319,
            "book_valuer_per_share": 48.92,
            "book_valuer_per_share_4q_avg": 43.55,
            "equity": 2393753,
            "current_ratio": 186.68,
            "debt_ratio": 49.53,
            "inventory_turnover_ratio": 2.11,
            "account_receivable_turnover_ratio": 1.65,
            "reinvestment_rate": null,
            "research_to_sale_ratio": 5.93,
            "price_fair": 407.58,
            "eps_avg_yearly": 11.65,
            "eps_latest_yearly": 15.4,
            "eps_growth_yearly": 39.39
        },
        "20152": {
            "year_quarter": 20152,
            "year": 2015,
            "quarter": 2,
            "eps": 4,
            "eps_growth_year": 19.76,
            "eps_4q": 14.51,
            "eps_4q_growth_year": 33.99,
            "roe": 8.68,
            "roe_4q": 32.96,
            "gross_profit": 472249,
            "gross_margin": 24.23,
            "gross_margin_4q_avg": 27.43,
            "net_income": 195947,
            "net_income_4q": null,
            "revenue": 1949212,
            "revenue_4q": null,
            "common_shares": 489739,
            "book_valuer_per_share": 43.34,
            "book_valuer_per_share_4q_avg": 44.8,
            "equity": 2122629,
            "current_ratio": 157.41,
            "debt_ratio": 58.43,
            "inventory_turnover_ratio": 2.17,
            "account_receivable_turnover_ratio": 1.73,
            "reinvestment_rate": null,
            "research_to_sale_ratio": 5.03,
            "price_fair": 424.51,
            "eps_avg_yearly": 12.13,
            "eps_latest_yearly": 16,
            "eps_growth_yearly": 36.74
        },
        "20153": {
            "year_quarter": 20153,
            "year": 2015,
            "quarter": 3,
            "eps": 5.14,
            "eps_growth_year": 58.15,
            "eps_4q": 16.41,
            "eps_4q_growth_year": 42.5,
            "roe": 11.16,
            "roe_4q": 36,
            "gross_profit": 568617,
            "gross_margin": 26.84,
            "gross_margin_4q_avg": 26.65,
            "net_income": 251775,
            "net_income_4q": null,
            "revenue": 2118552,
            "revenue_4q": null,
            "common_shares": 490359,
            "book_valuer_per_share": 48.73,
            "book_valuer_per_share_4q_avg": 46.57,
            "equity": 2389725,
            "current_ratio": 178.1,
            "debt_ratio": 51.56,
            "inventory_turnover_ratio": 2.4,
            "account_receivable_turnover_ratio": 1.86,
            "reinvestment_rate": null,
            "research_to_sale_ratio": 5.83,
            "price_fair": 454.02,
            "eps_avg_yearly": 12.97,
            "eps_latest_yearly": 20.56,
            "eps_growth_yearly": 44.47
        },
        "20154": {
            "year_quarter": 20154,
            "year": 2015,
            "quarter": 4,
            "eps": 3.59,
            "eps_growth_year": 3.54,
            "eps_4q": 16.55,
            "eps_4q_growth_year": 31.73,
            "roe": 7.12,
            "roe_4q": 35.13,
            "gross_profit": 539839,
            "gross_margin": 30.38,
            "gross_margin_4q_avg": 27.11,
            "net_income": 176329,
            "net_income_4q": null,
            "revenue": 1777223,
            "revenue_4q": null,
            "common_shares": 490609,
            "book_valuer_per_share": 52.28,
            "book_valuer_per_share_4q_avg": 48.32,
            "equity": 2564948,
            "current_ratio": 193.33,
            "debt_ratio": 47.62,
            "inventory_turnover_ratio": 2.24,
            "account_receivable_turnover_ratio": 1.63,
            "reinvestment_rate": null,
            "research_to_sale_ratio": 6.7,
            "price_fair": 416.96,
            "eps_avg_yearly": 13.83,
            "eps_latest_yearly": 14.36,
            "eps_growth_yearly": 20.15
        },
        "20161": {
            "year_quarter": 20161,
            "year": 2016,
            "quarter": 1,
            "eps": 3.21,
            "eps_growth_year": -16.62,
            "eps_4q": 15.93,
            "eps_4q_growth_year": 15.23,
            "roe": 5.96,
            "roe_4q": 32.92,
            "gross_profit": 480572,
            "gross_margin": 28.45,
            "gross_margin_4q_avg": 27.48,
            "net_income": 157386,
            "net_income_4q": null,
            "revenue": 1688990,
            "revenue_4q": null,
            "common_shares": 490609,
            "book_valuer_per_share": 55.41,
            "book_valuer_per_share_4q_avg": 49.94,
            "equity": 2718683,
            "current_ratio": 196.77,
            "debt_ratio": 46.9,
            "inventory_turnover_ratio": 2.08,
            "account_receivable_turnover_ratio": 1.62,
            "reinvestment_rate": null,
            "research_to_sale_ratio": 6.06,
            "price_fair": 336.2,
            "eps_avg_yearly": 13.74,
            "eps_latest_yearly": 12.84,
            "eps_growth_yearly": 14.47
        },
        "20162": {
            "year_quarter": 20162,
            "year": 2016,
            "quarter": 2,
            "eps": 3.22,
            "eps_growth_year": -19.5,
            "eps_4q": 15.15,
            "eps_4q_growth_year": 4.43,
            "roe": 6.37,
            "roe_4q": 30.61,
            "gross_profit": 467382,
            "gross_margin": 26.38,
            "gross_margin_4q_avg": 28.01,
            "net_income": 157857,
            "net_income_4q": null,
            "revenue": 1771523,
            "revenue_4q": null,
            "common_shares": 490609,
            "book_valuer_per_share": 45.65,
            "book_valuer_per_share_4q_avg": 50.52,
            "equity": 2239392,
            "current_ratio": 161.52,
            "debt_ratio": 56.93,
            "inventory_turnover_ratio": 2.34,
            "account_receivable_turnover_ratio": 1.64,
            "reinvestment_rate": -1.85,
            "research_to_sale_ratio": 5.8,
            "price_fair": 319.39,
            "eps_avg_yearly": 13.67,
            "eps_latest_yearly": 12.88,
            "eps_growth_yearly": 13.37
        },
        "20163": {
            "year_quarter": 20163,
            "year": 2016,
            "quarter": 3,
            "eps": 2.32,
            "eps_growth_year": -54.86,
            "eps_4q": 12.34,
            "eps_4q_growth_year": -24.78,
            "roe": 4.97,
            "roe_4q": 24.42,
            "gross_profit": 400402,
            "gross_margin": 26.27,
            "gross_margin_4q_avg": 27.87,
            "net_income": 114028,
            "net_income_4q": null,
            "revenue": 1524050,
            "revenue_4q": null,
            "common_shares": 490609,
            "book_valuer_per_share": 47.87,
            "book_valuer_per_share_4q_avg": 50.3,
            "equity": 2348425,
            "current_ratio": 190.36,
            "debt_ratio": 48.3,
            "inventory_turnover_ratio": 2.27,
            "account_receivable_turnover_ratio": 1.56,
            "reinvestment_rate": 7.07,
            "research_to_sale_ratio": 6.83,
            "price_fair": 183.16,
            "eps_avg_yearly": 13.33,
            "eps_latest_yearly": 9.28,
            "eps_growth_yearly": 3.74
        },
        "20164": {
            "year_quarter": 20164,
            "year": 2016,
            "quarter": 4,
            "eps": 2.67,
            "eps_growth_year": -25.62,
            "eps_4q": 11.42,
            "eps_4q_growth_year": -30.98,
            "roe": 6.06,
            "roe_4q": 23.36,
            "gross_profit": 426413,
            "gross_margin": 25.81,
            "gross_margin_4q_avg": 26.73,
            "net_income": 149450,
            "net_income_4q": null,
            "revenue": 1651983,
            "revenue_4q": null,
            "common_shares": 490609,
            "book_valuer_per_share": 50.6,
            "book_valuer_per_share_4q_avg": 49.88,
            "equity": 2583565,
            "current_ratio": 166.44,
            "debt_ratio": 50.42,
            "inventory_turnover_ratio": 2.13,
            "account_receivable_turnover_ratio": 2.03,
            "reinvestment_rate": -3.1,
            "research_to_sale_ratio": 6.81,
            "price_fair": 233.69,
            "eps_avg_yearly": 13.14,
            "eps_latest_yearly": 10.68,
            "eps_growth_yearly": 7.78
        },
        "20171": {
            "year_quarter": 20171,
            "year": 2017,
            "quarter": 1,
            "eps": 1.95,
            "eps_growth_year": -39.25,
            "eps_4q": 10.17,
            "eps_4q_growth_year": -36.16,
            "roe": 3.95,
            "roe_4q": 21.35,
            "gross_profit": 411384,
            "gross_margin": 23.71,
            "gross_margin_4q_avg": 25.54,
            "net_income": 103939,
            "net_income_4q": null,
            "revenue": 1734736,
            "revenue_4q": null,
            "common_shares": 490609,
            "book_valuer_per_share": 52.41,
            "book_valuer_per_share_4q_avg": 49.13,
            "equity": 2680678,
            "current_ratio": 156.52,
            "debt_ratio": 49.9,
            "inventory_turnover_ratio": 1.79,
            "account_receivable_turnover_ratio": 2.28,
            "reinvestment_rate": 37.71,
            "research_to_sale_ratio": 6.37,
            "price_fair": 127.84,
            "eps_avg_yearly": 12.78,
            "eps_latest_yearly": 7.8,
            "eps_growth_yearly": 0.07
        },
        "20172": {
            "year_quarter": 20172,
            "year": 2017,
            "quarter": 2,
            "eps": 1.52,
            "eps_growth_year": -52.8,
            "eps_4q": 8.47,
            "eps_4q_growth_year": -44.07,
            "roe": 3.08,
            "roe_4q": 18.06,
            "gross_profit": 363169,
            "gross_margin": 20.07,
            "gross_margin_4q_avg": 23.97,
            "net_income": 77136,
            "net_income_4q": null,
            "revenue": 1809420,
            "revenue_4q": null,
            "common_shares": 490609,
            "book_valuer_per_share": 45.94,
            "book_valuer_per_share_4q_avg": 49.21,
            "equity": 2335371,
            "current_ratio": 133.63,
            "debt_ratio": 58.38,
            "inventory_turnover_ratio": 1.74,
            "account_receivable_turnover_ratio": 2.23,
            "reinvestment_rate": 40.74,
            "research_to_sale_ratio": 6.07,
            "price_fair": 37.1,
            "eps_avg_yearly": 12.37,
            "eps_latest_yearly": 6.08,
            "eps_growth_yearly": -5.44
        },
        "20173": {
            "year_quarter": 20173,
            "year": 2017,
            "quarter": 3,
            "eps": 2.66,
            "eps_growth_year": 14.66,
            "eps_4q": 8.81,
            "eps_4q_growth_year": -28.62,
            "roe": 5.68,
            "roe_4q": 18.77,
            "gross_profit": 449024,
            "gross_margin": 19.39,
            "gross_margin_4q_avg": 22.25,
            "net_income": 136472,
            "net_income_4q": null,
            "revenue": 2316267,
            "revenue_4q": null,
            "common_shares": 490609,
            "book_valuer_per_share": 48.59,
            "book_valuer_per_share_4q_avg": 49.39,
            "equity": 2471452,
            "current_ratio": 134.43,
            "debt_ratio": 59.44,
            "inventory_turnover_ratio": 1.84,
            "account_receivable_turnover_ratio": 2.31,
            "reinvestment_rate": 39.74,
            "research_to_sale_ratio": 5.22,
            "price_fair": 242.18,
            "eps_avg_yearly": 12.3,
            "eps_latest_yearly": 10.64,
            "eps_growth_yearly": 9.69
        },
        "20174": {
            "year_quarter": 20174,
            "year": 2017,
            "quarter": 4,
            "eps": 3.4,
            "eps_growth_year": 27.21,
            "eps_4q": 9.54,
            "eps_4q_growth_year": -16.5,
            "roe": 6.7,
            "roe_4q": 19.41,
            "gross_profit": 542459,
            "gross_margin": 20.85,
            "gross_margin_4q_avg": 21.01,
            "net_income": 171218,
            "net_income_4q": null,
            "revenue": 2601556,
            "revenue_4q": null,
            "common_shares": 490609,
            "book_valuer_per_share": 51.93,
            "book_valuer_per_share_4q_avg": 49.72,
            "equity": 2639615,
            "current_ratio": 131.76,
            "debt_ratio": 59.59,
            "inventory_turnover_ratio": 1.66,
            "account_receivable_turnover_ratio": 2.09,
            "reinvestment_rate": 40.12,
            "research_to_sale_ratio": 4.88,
            "price_fair": 386.52,
            "eps_avg_yearly": 12.54,
            "eps_latest_yearly": 13.6,
            "eps_growth_yearly": 20.83
        },
        "20181": {
            "year_quarter": 20181,
            "year": 2018,
            "quarter": 1,
            "eps": 2.58,
            "eps_growth_year": 32.31,
            "eps_4q": 10.16,
            "eps_4q_growth_year": -0.08,
            "roe": 4.98,
            "roe_4q": 20.439999999999998,
            "gross_profit": 434041,
            "gross_margin": 18.94,
            "gross_margin_4q_avg": 19.81,
            "net_income": 134858,
            "net_income_4q": null,
            "revenue": 2291263,
            "revenue_4q": null,
            "common_shares": 490609,
            "book_valuer_per_share": 54.46,
            "book_valuer_per_share_4q_avg": 50.23,
            "equity": 2772178,
            "current_ratio": 135.4,
            "debt_ratio": 58.11,
            "inventory_turnover_ratio": 1.29,
            "account_receivable_turnover_ratio": 1.88,
            "reinvestment_rate": 40.96,
            "research_to_sale_ratio": 5.15,
            "price_fair": 295.63,
            "eps_avg_yearly": 12.54,
            "eps_latest_yearly": 10.32,
            "eps_growth_yearly": 13.57
        },
        "20182": {
            "year_quarter": 20182,
            "year": 2018,
            "quarter": 2,
            "eps": 2.51,
            "eps_growth_year": 65.13,
            "eps_4q": 11.15,
            "eps_4q_growth_year": 31.63,
            "roe": 4.89,
            "roe_4q": 22.25,
            "gross_profit": 416295,
            "gross_margin": 17.63,
            "gross_margin_4q_avg": 19.2,
            "net_income": 131698,
            "net_income_4q": null,
            "revenue": 2361543,
            "revenue_4q": null,
            "common_shares": 490609,
            "book_valuer_per_share": 51.07,
            "book_valuer_per_share_4q_avg": 51.51,
            "equity": 2609093,
            "current_ratio": 131.02,
            "debt_ratio": 58.13,
            "inventory_turnover_ratio": 1.35,
            "account_receivable_turnover_ratio": 2.14,
            "reinvestment_rate": 49.7,
            "research_to_sale_ratio": 5.13,
            "price_fair": 188.42,
            "eps_avg_yearly": 12.34,
            "eps_latest_yearly": 10.04,
            "eps_growth_yearly": 5.27
        },
        "20183": {
            "year_quarter": 20183,
            "year": 2018,
            "quarter": 3,
            "eps": 2.45,
            "eps_growth_year": -7.89,
            "eps_4q": 10.94,
            "eps_4q_growth_year": 24.19,
            "roe": 4.83,
            "roe_4q": 21.4,
            "gross_profit": 424370,
            "gross_margin": 20.25,
            "gross_margin_4q_avg": 19.42,
            "net_income": 129075,
            "net_income_4q": null,
            "revenue": 2095405,
            "revenue_4q": null,
            "common_shares": 490609,
            "book_valuer_per_share": 53.53,
            "book_valuer_per_share_4q_avg": 52.75,
            "equity": 2738500,
            "current_ratio": 147.04,
            "debt_ratio": 49.29,
            "inventory_turnover_ratio": 1.6,
            "account_receivable_turnover_ratio": 2.02,
            "reinvestment_rate": 48.26,
            "research_to_sale_ratio": 5.95,
            "price_fair": 186.28,
            "eps_avg_yearly": 12.14,
            "eps_latest_yearly": 9.8,
            "eps_growth_yearly": 5.35
        },
        "20184": {
            "year_quarter": 20184,
            "year": 2018,
            "quarter": 4,
            "eps": 1.94,
            "eps_growth_year": -42.81,
            "eps_4q": 9.49,
            "eps_4q_growth_year": -0.54,
            "roe": 3.85,
            "roe_4q": 18.55,
            "gross_profit": 393341,
            "gross_margin": 21.03,
            "gross_margin_4q_avg": 19.46,
            "net_income": 107563,
            "net_income_4q": null,
            "revenue": 1870128,
            "revenue_4q": null,
            "common_shares": 490609,
            "book_valuer_per_share": 55.48,
            "book_valuer_per_share_4q_avg": 53.64,
            "equity": 2846641,
            "current_ratio": 155.4,
            "debt_ratio": 46.24,
            "inventory_turnover_ratio": 1.97,
            "account_receivable_turnover_ratio": 2.11,
            "reinvestment_rate": 48.29,
            "research_to_sale_ratio": 6.92,
            "price_fair": 35.26,
            "eps_avg_yearly": 11.75,
            "eps_latest_yearly": 7.76,
            "eps_growth_yearly": -1.55
        },
        "20191": {
            "year_quarter": 20191,
            "year": 2019,
            "quarter": 1,
            "eps": 1.48,
            "eps_growth_year": -42.64,
            "eps_4q": 8.39,
            "eps_4q_growth_year": -17.44,
            "roe": 3.02,
            "roe_4q": 16.59,
            "gross_profit": 363826,
            "gross_margin": 19.98,
            "gross_margin_4q_avg": 19.72,
            "net_income": 87173,
            "net_income_4q": null,
            "revenue": 1821222,
            "revenue_4q": null,
            "common_shares": 490609,
            "book_valuer_per_share": 56.97,
            "book_valuer_per_share_4q_avg": 54.26,
            "equity": 2934185,
            "current_ratio": 150.95,
            "debt_ratio": 48.6,
            "inventory_turnover_ratio": 1.96,
            "account_receivable_turnover_ratio": 2.09,
            "reinvestment_rate": 50,
            "research_to_sale_ratio": 6.81,
            "price_fair": 33.48,
            "eps_avg_yearly": 11.16,
            "eps_latest_yearly": 5.92,
            "eps_growth_yearly": -10.21
        },
        "20192": {
            "year_quarter": 20192,
            "year": 2019,
            "quarter": 2,
            "eps": 2.15,
            "eps_growth_year": -14.34,
            "eps_4q": 8.02,
            "eps_4q_growth_year": -28.14,
            "roe": 4.1,
            "roe_4q": 15.799999999999999,
            "gross_profit": 426189,
            "gross_margin": 20.25,
            "gross_margin_4q_avg": 20.38,
            "net_income": 115591,
            "net_income_4q": null,
            "revenue": 2104853,
            "revenue_4q": null,
            "common_shares": 490609,
            "book_valuer_per_share": 52.63,
            "book_valuer_per_share_4q_avg": 54.65,
            "equity": 2700520,
            "current_ratio": 134.9,
            "debt_ratio": 56.14,
            "inventory_turnover_ratio": 2.22,
            "account_receivable_turnover_ratio": 2.41,
            "reinvestment_rate": 47.88,
            "research_to_sale_ratio": 6,
            "price_fair": 106.98,
            "eps_avg_yearly": 10.7,
            "eps_latest_yearly": 8.6,
            "eps_growth_yearly": 0.13
        },
        "20193": {
            "year_quarter": 20193,
            "year": 2019,
            "quarter": 3,
            "eps": 2.87,
            "eps_growth_year": 17.14,
            "eps_4q": 8.43,
            "eps_4q_growth_year": -22.92,
            "roe": 5.5,
            "roe_4q": 16.47,
            "gross_profit": 467434,
            "gross_margin": 22.88,
            "gross_margin_4q_avg": 21.04,
            "net_income": 152686,
            "net_income_4q": null,
            "revenue": 2042677,
            "revenue_4q": null,
            "common_shares": 490609,
            "book_valuer_per_share": 55.5,
            "book_valuer_per_share_4q_avg": 55.15,
            "equity": 2853157,
            "current_ratio": 142.67,
            "debt_ratio": 52.88,
            "inventory_turnover_ratio": 2.16,
            "account_receivable_turnover_ratio": 2.32,
            "reinvestment_rate": 51.56,
            "research_to_sale_ratio": 6.21,
            "price_fair": 115.28,
            "eps_avg_yearly": 10.13,
            "eps_latest_yearly": 11.48,
            "eps_growth_yearly": 1.38
        },
        "20194": {
            "year_quarter": 20194,
            "year": 2019,
            "quarter": 4,
            "eps": 2.16,
            "eps_growth_year": 11.18,
            "eps_4q": 8.65,
            "eps_4q_growth_year": -8.8,
            "roe": 4.27,
            "roe_4q": 16.89,
            "gross_profit": 470379,
            "gross_margin": 23.86,
            "gross_margin_4q_avg": 21.74,
            "net_income": 124204,
            "net_income_4q": null,
            "revenue": 1971118,
            "revenue_4q": null,
            "common_shares": 490609,
            "book_valuer_per_share": 57.52,
            "book_valuer_per_share_4q_avg": 55.66,
            "equity": 2970777,
            "current_ratio": 146.68,
            "debt_ratio": 51.41,
            "inventory_turnover_ratio": 1.96,
            "account_receivable_turnover_ratio": 2.43,
            "reinvestment_rate": 55.58,
            "research_to_sale_ratio": 6.89,
            "price_fair": 124.44,
            "eps_avg_yearly": 9.77,
            "eps_latest_yearly": 8.64,
            "eps_growth_yearly": 2.73
        },
        "20201": {
            "year_quarter": 20201,
            "year": 2020,
            "quarter": 1,
            "eps": 1.72,
            "eps_growth_year": 16.22,
            "eps_4q": 8.9,
            "eps_4q_growth_year": 6.06,
            "roe": 3.49,
            "roe_4q": 17.36,
            "gross_profit": 408918,
            "gross_margin": 23.1,
            "gross_margin_4q_avg": 22.52,
            "net_income": 104617,
            "net_income_4q": null,
            "revenue": 1770046,
            "revenue_4q": null,
            "common_shares": 490609,
            "book_valuer_per_share": 59.26,
            "book_valuer_per_share_4q_avg": 56.23,
            "equity": 3026200,
            "current_ratio": 147.72,
            "debt_ratio": 50.15,
            "inventory_turnover_ratio": 1.64,
            "account_receivable_turnover_ratio": 2.63,
            "reinvestment_rate": 62.16,
            "research_to_sale_ratio": 7.76,
            "price_fair": 94,
            "eps_avg_yearly": 9.4,
            "eps_latest_yearly": 6.88,
            "eps_growth_yearly": 0.29
        },
        "20202": {
            "year_quarter": 20202,
            "year": 2020,
            "quarter": 2,
            "eps": 1.38,
            "eps_growth_year": -35.81,
            "eps_4q": 8.13,
            "eps_4q_growth_year": 1.48,
            "roe": 2.8,
            "roe_4q": 16.06,
            "gross_profit": 375831,
            "gross_margin": 20.83,
            "gross_margin_4q_avg": 22.67,
            "net_income": 82279,
            "net_income_4q": null,
            "revenue": 1804116,
            "revenue_4q": null,
            "common_shares": 490609,
            "book_valuer_per_share": 55.39,
            "book_valuer_per_share_4q_avg": 56.92,
            "equity": 2850932,
            "current_ratio": 135.12,
            "debt_ratio": 54.84,
            "inventory_turnover_ratio": 1.53,
            "account_receivable_turnover_ratio": 2.66,
            "reinvestment_rate": 67.98,
            "research_to_sale_ratio": 7.52,
            "price_fair": 26.82,
            "eps_avg_yearly": 8.94,
            "eps_latest_yearly": 5.52,
            "eps_growth_yearly": -4.73
        },
        "20203": {
            "year_quarter": 20203,
            "year": 2020,
            "quarter": 3,
            "eps": 2.06,
            "eps_growth_year": -28.22,
            "eps_4q": 7.32,
            "eps_4q_growth_year": -13.18,
            "roe": 3.96,
            "roe_4q": 14.52,
            "gross_profit": 430710,
            "gross_margin": 21.75,
            "gross_margin_4q_avg": 22.39,
            "net_income": 115065,
            "net_income_4q": null,
            "revenue": 1979897,
            "revenue_4q": null,
            "common_shares": 490609,
            "book_valuer_per_share": 57.4,
            "book_valuer_per_share_4q_avg": 57.39,
            "equity": 2963769,
            "current_ratio": 141.5,
            "debt_ratio": 51.11,
            "inventory_turnover_ratio": 1.64,
            "account_receivable_turnover_ratio": 2.41,
            "reinvestment_rate": 71.97,
            "research_to_sale_ratio": 7.15,
            "price_fair": 218.1,
            "eps_avg_yearly": 8.88,
            "eps_latest_yearly": 8.24,
            "eps_growth_yearly": 14.57
        },
        "20204": {
            "year_quarter": 20204,
            "year": 2020,
            "quarter": 4,
            "eps": 2.51,
            "eps_growth_year": 16.12,
            "eps_4q": 7.67,
            "eps_4q_growth_year": -11.33,
            "roe": 4.74,
            "roe_4q": 14.99,
            "gross_profit": 457950,
            "gross_margin": 20.7,
            "gross_margin_4q_avg": 21.6,
            "net_income": 143729,
            "net_income_4q": null,
            "revenue": 2212392,
            "revenue_4q": null,
            "common_shares": 490609,
            "book_valuer_per_share": 59.81,
            "book_valuer_per_share_4q_avg": 57.97,
            "equity": 3102430,
            "current_ratio": 137.86,
            "debt_ratio": 53.94,
            "inventory_turnover_ratio": 1.82,
            "account_receivable_turnover_ratio": 2.2,
            "reinvestment_rate": 78.34,
            "research_to_sale_ratio": 6.38,
            "price_fair": 232.04,
            "eps_avg_yearly": 8.84,
            "eps_latest_yearly": 10.04,
            "eps_growth_yearly": 16.26
        },
        "20211": {
            "year_quarter": 20211,
            "year": 2021,
            "quarter": 1,
            "eps": 1.83,
            "eps_growth_year": 6.4,
            "eps_4q": 7.78,
            "eps_4q_growth_year": -12.54,
            "roe": 3.59,
            "roe_4q": 15.09,
            "gross_profit": 407921,
            "gross_margin": 20.58,
            "gross_margin_4q_avg": 20.97,
            "net_income": 112283,
            "net_income_4q": null,
            "revenue": 1981770,
            "revenue_4q": null,
            "common_shares": 490609,
            "book_valuer_per_share": 61.65,
            "book_valuer_per_share_4q_avg": 58.56,
            "equity": 3158924,
            "current_ratio": 135.42,
            "debt_ratio": 54.55,
            "inventory_turnover_ratio": 1.29,
            "account_receivable_turnover_ratio": 1.85,
            "reinvestment_rate": 36.78,
            "research_to_sale_ratio": 7.05,
            "price_fair": 230.98,
            "eps_avg_yearly": 8.81,
            "eps_latest_yearly": 7.32,
            "eps_growth_yearly": 16.23
        },
        "20212": {
            "year_quarter": 20212,
            "year": 2021,
            "quarter": 2,
            "eps": 1.68,
            "eps_growth_year": 21.74,
            "eps_4q": 8.08,
            "eps_4q_growth_year": -0.72,
            "roe": 3.28,
            "roe_4q": 15.57,
            "gross_profit": 385303,
            "gross_margin": 17.4,
            "gross_margin_4q_avg": 20.11,
            "net_income": 102069,
            "net_income_4q": null,
            "revenue": 2214330,
            "revenue_4q": null,
            "common_shares": 490609,
            "book_valuer_per_share": 59.27,
            "book_valuer_per_share_4q_avg": 59.53,
            "equity": 3061712,
            "current_ratio": 128.43,
            "debt_ratio": 57.76,
            "inventory_turnover_ratio": 1.18,
            "account_receivable_turnover_ratio": 2.01,
            "reinvestment_rate": 36.88,
            "research_to_sale_ratio": 6.54,
            "price_fair": 262.66,
            "eps_avg_yearly": 8.85,
            "eps_latest_yearly": 6.72,
            "eps_growth_yearly": 19.7
        },
        "20213": {
            "year_quarter": 20213,
            "year": 2021,
            "quarter": 3,
            "eps": 2.47,
            "eps_growth_year": 19.9,
            "eps_4q": 8.49,
            "eps_4q_growth_year": 15.96,
            "roe": 4.38,
            "roe_4q": 15.99,
            "gross_profit": 447958,
            "gross_margin": 17.77,
            "gross_margin_4q_avg": 19.11,
            "net_income": 137150,
            "net_income_4q": null,
            "revenue": 2521205,
            "revenue_4q": null,
            "common_shares": 490609,
            "book_valuer_per_share": 61.73,
            "book_valuer_per_share_4q_avg": 60.62,
            "equity": 3198525,
            "current_ratio": 133.66,
            "debt_ratio": 54.47,
            "inventory_turnover_ratio": 1.33,
            "account_receivable_turnover_ratio": 2.3,
            "reinvestment_rate": 41.56,
            "research_to_sale_ratio": 5.96,
            "price_fair": 199.72,
            "eps_avg_yearly": 8.8,
            "eps_latest_yearly": 9.88,
            "eps_growth_yearly": 12.7
        },
        "20214": {
            "year_quarter": 20214,
            "year": 2021,
            "quarter": 4,
            "eps": 3.18,
            "eps_growth_year": 26.53,
            "eps_4q": 9.16,
            "eps_4q_growth_year": 19.37,
            "roe": 5.43,
            "roe_4q": 16.68,
            "gross_profit": 477780,
            "gross_margin": 19.4,
            "gross_margin_4q_avg": 18.79,
            "net_income": 178654,
            "net_income_4q": null,
            "revenue": 2462486,
            "revenue_4q": null,
            "common_shares": 490609,
            "book_valuer_per_share": 65,
            "book_valuer_per_share_4q_avg": 61.91,
            "equity": 3381643,
            "current_ratio": 132.01,
            "debt_ratio": 56.3,
            "inventory_turnover_ratio": 1.1,
            "account_receivable_turnover_ratio": 2.01,
            "reinvestment_rate": 44.39,
            "research_to_sale_ratio": 6.97,
            "price_fair": 200.5,
            "eps_avg_yearly": 8.74,
            "eps_latest_yearly": 12.72,
            "eps_growth_yearly": 12.93
        },
        "20221": {
            "year_quarter": 20221,
            "year": 2022,
            "quarter": 1,
            "eps": 4.78,
            "eps_growth_year": 161.2,
            "eps_4q": 12.1,
            "eps_4q_growth_year": 55.51,
            "roe": 7.52,
            "roe_4q": 20.61,
            "gross_profit": 629994,
            "gross_margin": 22.01,
            "gross_margin_4q_avg": 19.15,
            "net_income": 261920,
            "net_income_4q": null,
            "revenue": 2862150,
            "revenue_4q": null,
            "common_shares": 490609,
            "book_valuer_per_share": 69.9,
            "book_valuer_per_share_4q_avg": 63.98,
            "equity": 3587316,
            "current_ratio": 132.38,
            "debt_ratio": 56.46,
            "inventory_turnover_ratio": 1.03,
            "account_receivable_turnover_ratio": 1.94,
            "reinvestment_rate": 46.99,
            "research_to_sale_ratio": 6.12,
            "price_fair": 325.24,
            "eps_avg_yearly": 9.29,
            "eps_latest_yearly": 19.12,
            "eps_growth_yearly": 31.54
        },
        "20222": {
            "year_quarter": 20222,
            "year": 2022,
            "quarter": 2,
            "eps": 3.98,
            "eps_growth_year": 136.9,
            "eps_4q": 14.4,
            "eps_4q_growth_year": 78.31,
            "roe": 6.7,
            "roe_4q": 24.029999999999998,
            "gross_profit": 664397,
            "gross_margin": 19.02,
            "gross_margin_4q_avg": 19.55,
            "net_income": 243760,
            "net_income_4q": null,
            "revenue": 3492516,
            "revenue_4q": null,
            "common_shares": 490609,
            "book_valuer_per_share": 71.01,
            "book_valuer_per_share_4q_avg": 66.91,
            "equity": 3690694,
            "current_ratio": 124.74,
            "debt_ratio": 61.33,
            "inventory_turnover_ratio": 1.17,
            "account_receivable_turnover_ratio": 1.89,
            "reinvestment_rate": 38.1,
            "research_to_sale_ratio": 5.58,
            "price_fair": 338.1,
            "eps_avg_yearly": 9.66,
            "eps_latest_yearly": 15.92,
            "eps_growth_yearly": 28.04
        },
        "20223": {
            "year_quarter": 20223,
            "year": 2022,
            "quarter": 3,
            "eps": 6.33,
            "eps_growth_year": 156.28,
            "eps_4q": 18.26,
            "eps_4q_growth_year": 115.02,
            "roe": 9.51,
            "roe_4q": 29.16,
            "gross_profit": 813976,
            "gross_margin": 17.73,
            "gross_margin_4q_avg": 19.54,
            "net_income": 369030,
            "net_income_4q": null,
            "revenue": 4592232,
            "revenue_4q": null,
            "common_shares": 490609,
            "book_valuer_per_share": 77.63,
            "book_valuer_per_share_4q_avg": 70.89,
            "equity": 4073925,
            "current_ratio": 120.3,
            "debt_ratio": 63.41,
            "inventory_turnover_ratio": 1.44,
            "account_receivable_turnover_ratio": 1.96,
            "reinvestment_rate": 49.22,
            "research_to_sale_ratio": 4.36,
            "price_fair": 372.05,
            "eps_avg_yearly": 10.63,
            "eps_latest_yearly": 25.32,
            "eps_growth_yearly": 43.39
        },
        "20224": {
            "year_quarter": 20224,
            "year": 2022,
            "quarter": 4,
            "eps": 6.62,
            "eps_growth_year": 108.5,
            "eps_4q": 21.7,
            "eps_4q_growth_year": 137.02,
            "roe": 8.77,
            "roe_4q": 32.5,
            "gross_profit": 904097,
            "gross_margin": 16.82,
            "gross_margin_4q_avg": 18.9,
            "net_income": 373409,
            "net_income_4q": null,
            "revenue": 5375384,
            "revenue_4q": null,
            "common_shares": 490609,
            "book_valuer_per_share": 84.19,
            "book_valuer_per_share_4q_avg": 75.68,
            "equity": 4444316,
            "current_ratio": 117.73,
            "debt_ratio": 67.9,
            "inventory_turnover_ratio": 1.57,
            "account_receivable_turnover_ratio": 1.96,
            "reinvestment_rate": 50.51,
            "research_to_sale_ratio": 3.41,
            "price_fair": 413,
            "eps_avg_yearly": 11.8,
            "eps_latest_yearly": 26.48,
            "eps_growth_yearly": 49.74
        },
        "20231": {
            "year_quarter": 20231,
            "year": 2023,
            "quarter": 1,
            "eps": 5.14,
            "eps_growth_year": 7.53,
            "eps_4q": 22.07,
            "eps_4q_growth_year": 82.38,
            "roe": 6.66,
            "roe_4q": 31.639999999999997,
            "gross_profit": 733918,
            "gross_margin": 16.28,
            "gross_margin_4q_avg": 17.46,
            "net_income": 300065,
            "net_income_4q": null,
            "revenue": 4507937,
            "revenue_4q": null,
            "common_shares": 490609,
            "book_valuer_per_share": 89.29,
            "book_valuer_per_share_4q_avg": 80.53,
            "equity": 4561385,
            "current_ratio": 120.04,
            "debt_ratio": 63.29,
            "inventory_turnover_ratio": 1.18,
            "account_receivable_turnover_ratio": 1.66,
            "reinvestment_rate": 52.3,
            "research_to_sale_ratio": 3.91,
            "price_fair": 445.03,
            "eps_avg_yearly": 12.72,
            "eps_latest_yearly": 20.56,
            "eps_growth_yearly": 50.08
        },
        "20232": {
            "year_quarter": 20232,
            "year": 2023,
            "quarter": 2,
            "eps": 5.09,
            "eps_growth_year": 27.89,
            "eps_4q": 23.19,
            "eps_4q_growth_year": 61.03,
            "roe": 5.92,
            "roe_4q": 30.86,
            "gross_profit": 727276,
            "gross_margin": 17.5,
            "gross_margin_4q_avg": 17.08,
            "net_income": 270761,
            "net_income_4q": null,
            "revenue": 4155694,
            "revenue_4q": null,
            "common_shares": 490609,
            "book_valuer_per_share": 89.49,
            "book_valuer_per_share_4q_avg": 85.15,
            "equity": 4591995,
            "current_ratio": 118.46,
            "debt_ratio": 60.56,
            "inventory_turnover_ratio": 1.04,
            "account_receivable_turnover_ratio": 1.85,
            "reinvestment_rate": 58.89,
            "research_to_sale_ratio": 4.83,
            "price_fair": 470.75,
            "eps_avg_yearly": 13.45,
            "eps_latest_yearly": 20.36,
            "eps_growth_yearly": 38.52
        },
        "20233": {
            "year_quarter": 20233,
            "year": 2023,
            "quarter": 3,
            "eps": 4.51,
            "eps_growth_year": -28.75,
            "eps_4q": 21.37,
            "eps_4q_growth_year": 17.04,
            "roe": 5.15,
            "roe_4q": 26.5,
            "gross_profit": 639897,
            "gross_margin": 15.29,
            "gross_margin_4q_avg": 16.47,
            "net_income": 243024,
            "net_income_4q": null,
            "revenue": 4184558,
            "revenue_4q": null,
            "common_shares": 490609,
            "book_valuer_per_share": 94.16,
            "book_valuer_per_share_4q_avg": 89.28,
            "equity": 4842903,
            "current_ratio": 117.17,
            "debt_ratio": 62.7,
            "inventory_turnover_ratio": 1.1,
            "account_receivable_turnover_ratio": 1.82,
            "reinvestment_rate": 61.58,
            "research_to_sale_ratio": 5.2,
            "price_fair": 485.1,
            "eps_avg_yearly": 13.86,
            "eps_latest_yearly": 18.04,
            "eps_growth_yearly": 27.3
        },
        "20234": {
            "year_quarter": 20234,
            "year": 2023,
            "quarter": 4,
            "eps": 2.14,
            "eps_growth_year": -67.71,
            "eps_4q": 16.88,
            "eps_4q_growth_year": -22.21,
            "roe": 2.43,
            "roe_4q": 20.16,
            "gross_profit": 601348,
            "gross_margin": 15.99,
            "gross_margin_4q_avg": 16.27,
            "net_income": 117916,
            "net_income_4q": null,
            "revenue": 3760982,
            "revenue_4q": null,
            "common_shares": 490609,
            "book_valuer_per_share": 94.35,
            "book_valuer_per_share_4q_avg": 91.82,
            "equity": 4865295,
            "current_ratio": 115.81,
            "debt_ratio": 59.63,
            "inventory_turnover_ratio": 1.03,
            "account_receivable_turnover_ratio": 1.71,
            "reinvestment_rate": 66.95,
            "research_to_sale_ratio": 5.92,
            "price_fair": 420.48,
            "eps_avg_yearly": 13.86,
            "eps_latest_yearly": 8.56,
            "eps_growth_yearly": 20.35
        }
    },
    "months": {
        "2007-05": {
            "month": "2007-05",
            "price": "127.21",
            "revenue": 113866
        },
        "2007-06": {
            "month": "2007-06",
            "price": "109.13",
            "revenue": 124246
        },
        "2007-07": {
            "month": "2007-07",
            "price": "118.57",
            "revenue": 112978
        },
        "2007-08": {
            "month": "2007-08",
            "price": "95.49",
            "revenue": 107404
        },
        "2007-09": {
            "month": "2007-09",
            "price": "87.82",
            "revenue": 115735
        },
        "2007-10": {
            "month": "2007-10",
            "price": "86.85",
            "revenue": 123163
        },
        "2007-11": {
            "month": "2007-11",
            "price": "59.58",
            "revenue": 131335
        },
        "2007-12": {
            "month": "2007-12",
            "price": "53.41",
            "revenue": 127849
        },
        "2008-01": {
            "month": "2008-01",
            "price": "46.57",
            "revenue": 151890
        },
        "2008-02": {
            "month": "2008-02",
            "price": "36.62",
            "revenue": 145931
        },
        "2008-03": {
            "month": "2008-03",
            "price": "40.86",
            "revenue": 147109
        },
        "2008-04": {
            "month": "2008-04",
            "price": "40.81",
            "revenue": 159798
        },
        "2008-05": {
            "month": "2008-05",
            "price": "47.70",
            "revenue": 100959
        },
        "2008-06": {
            "month": "2008-06",
            "price": "44.34",
            "revenue": 186506
        },
        "2008-07": {
            "month": "2008-07",
            "price": "31.06",
            "revenue": 115156
        },
        "2008-08": {
            "month": "2008-08",
            "price": "26.40",
            "revenue": 144895
        },
        "2008-09": {
            "month": "2008-09",
            "price": "23.78",
            "revenue": 182120
        },
        "2008-10": {
            "month": "2008-10",
            "price": "16.61",
            "revenue": 163430
        },
        "2008-11": {
            "month": "2008-11",
            "price": "12.06",
            "revenue": 121577
        },
        "2008-12": {
            "month": "2008-12",
            "price": "12.91",
            "revenue": 134535
        },
        "2009-01": {
            "month": "2009-01",
            "price": "13.13",
            "revenue": 130894
        },
        "2009-02": {
            "month": "2009-02",
            "price": "15.63",
            "revenue": 129887
        },
        "2009-03": {
            "month": "2009-03",
            "price": "18.21",
            "revenue": 159855
        },
        "2009-04": {
            "month": "2009-04",
            "price": "22.33",
            "revenue": 146398
        },
        "2009-05": {
            "month": "2009-05",
            "price": "25.82",
            "revenue": 163657
        },
        "2009-06": {
            "month": "2009-06",
            "price": "26.07",
            "revenue": 208703
        },
        "2009-07": {
            "month": "2009-07",
            "price": "26.99",
            "revenue": 212477
        },
        "2009-08": {
            "month": "2009-08",
            "price": "28.68",
            "revenue": 205708
        },
        "2009-09": {
            "month": "2009-09",
            "price": "28.83",
            "revenue": 247351
        },
        "2009-10": {
            "month": "2009-10",
            "price": "28.74",
            "revenue": 237340
        },
        "2009-11": {
            "month": "2009-11",
            "price": "30.34",
            "revenue": 204390
        },
        "2009-12": {
            "month": "2009-12",
            "price": "32.92",
            "revenue": 253690
        },
        "2010-01": {
            "month": "2010-01",
            "price": "37.05",
            "revenue": 266508
        },
        "2010-02": {
            "month": "2010-02",
            "price": "38.28",
            "revenue": 181336
        },
        "2010-03": {
            "month": "2010-03",
            "price": "41.18",
            "revenue": 271507
        },
        "2010-04": {
            "month": "2010-04",
            "price": "50.32",
            "revenue": 265690
        },
        "2010-05": {
            "month": "2010-05",
            "price": "58.64",
            "revenue": 278570
        },
        "2010-06": {
            "month": "2010-06",
            "price": "50.78",
            "revenue": 285695
        },
        "2010-07": {
            "month": "2010-07",
            "price": "39.75",
            "revenue": 273313
        },
        "2010-08": {
            "month": "2010-08",
            "price": "38.67",
            "revenue": 251606
        },
        "2010-09": {
            "month": "2010-09",
            "price": "37.86",
            "revenue": 252156
        },
        "2010-10": {
            "month": "2010-10",
            "price": "37.15",
            "revenue": 254829
        },
        "2010-11": {
            "month": "2010-11",
            "price": "36.16",
            "revenue": 253220
        },
        "2010-12": {
            "month": "2010-12",
            "price": "33.84",
            "revenue": 267636
        },
        "2011-01": {
            "month": "2011-01",
            "price": "35.25",
            "revenue": 252340
        },
        "2011-02": {
            "month": "2011-02",
            "price": "35.52",
            "revenue": 198996
        },
        "2011-03": {
            "month": "2011-03",
            "price": "35.33",
            "revenue": 267861
        },
        "2011-04": {
            "month": "2011-04",
            "price": "34.66",
            "revenue": 260104
        },
        "2011-05": {
            "month": "2011-05",
            "price": "30.41",
            "revenue": 352047
        },
        "2011-06": {
            "month": "2011-06",
            "price": "30.95",
            "revenue": 346887
        },
        "2011-07": {
            "month": "2011-07",
            "price": "32.75",
            "revenue": 352049
        },
        "2011-08": {
            "month": "2011-08",
            "price": "35.10",
            "revenue": 308708
        },
        "2011-09": {
            "month": "2011-09",
            "price": "32.47",
            "revenue": 318069
        },
        "2011-10": {
            "month": "2011-10",
            "price": "31.56",
            "revenue": 271179
        },
        "2011-11": {
            "month": "2011-11",
            "price": "32.11",
            "revenue": 369959
        },
        "2011-12": {
            "month": "2011-12",
            "price": "29.82",
            "revenue": 331250
        },
        "2012-01": {
            "month": "2012-01",
            "price": "31.62",
            "revenue": 301334
        },
        "2012-02": {
            "month": "2012-02",
            "price": "39.06",
            "revenue": 331479
        },
        "2012-03": {
            "month": "2012-03",
            "price": "42.03",
            "revenue": 375344
        },
        "2012-04": {
            "month": "2012-04",
            "price": "41.02",
            "revenue": 351464
        },
        "2012-05": {
            "month": "2012-05",
            "price": "46.89",
            "revenue": 426156
        },
        "2012-06": {
            "month": "2012-06",
            "price": "46.06",
            "revenue": 398532
        },
        "2012-07": {
            "month": "2012-07",
            "price": "47.01",
            "revenue": 440587
        },
        "2012-08": {
            "month": "2012-08",
            "price": "53.08",
            "revenue": 532869
        },
        "2012-09": {
            "month": "2012-09",
            "price": "60.76",
            "revenue": 340642
        },
        "2012-10": {
            "month": "2012-10",
            "price": "53.95",
            "revenue": 355151
        },
        "2012-11": {
            "month": "2012-11",
            "price": "48.98",
            "revenue": 357849
        },
        "2012-12": {
            "month": "2012-12",
            "price": "49.94",
            "revenue": 325268
        },
        "2013-01": {
            "month": "2013-01",
            "price": "51.51",
            "revenue": 330419
        },
        "2013-02": {
            "month": "2013-02",
            "price": "63.44",
            "revenue": 306252
        },
        "2013-03": {
            "month": "2013-03",
            "price": "65.14",
            "revenue": 360916
        },
        "2013-04": {
            "month": "2013-04",
            "price": "65.20",
            "revenue": 390208
        },
        "2013-05": {
            "month": "2013-05",
            "price": "67.08",
            "revenue": 342004
        },
        "2013-06": {
            "month": "2013-06",
            "price": "66.58",
            "revenue": 470397
        },
        "2013-07": {
            "month": "2013-07",
            "price": "63.55",
            "revenue": 452804
        },
        "2013-08": {
            "month": "2013-08",
            "price": "67.36",
            "revenue": 492545
        },
        "2013-09": {
            "month": "2013-09",
            "price": "76.57",
            "revenue": 454912
        },
        "2013-10": {
            "month": "2013-10",
            "price": "93.32",
            "revenue": 539082
        },
        "2013-11": {
            "month": "2013-11",
            "price": "110.75",
            "revenue": 460651
        },
        "2013-12": {
            "month": "2013-12",
            "price": "157.25",
            "revenue": 375134
        },
        "2014-01": {
            "month": "2014-01",
            "price": "150.69",
            "revenue": 414242
        },
        "2014-02": {
            "month": "2014-02",
            "price": "150.50",
            "revenue": 445493
        },
        "2014-03": {
            "month": "2014-03",
            "price": "162.76",
            "revenue": 481599
        },
        "2014-04": {
            "month": "2014-04",
            "price": "170.31",
            "revenue": 459529
        },
        "2014-05": {
            "month": "2014-05",
            "price": "166.55",
            "revenue": 507065
        },
        "2014-06": {
            "month": "2014-06",
            "price": "176.05",
            "revenue": 569824
        },
        "2014-07": {
            "month": "2014-07",
            "price": "184.00",
            "revenue": 534490
        },
        "2014-08": {
            "month": "2014-08",
            "price": "181.74",
            "revenue": 549493
        },
        "2014-09": {
            "month": "2014-09",
            "price": "185.14",
            "revenue": 548543
        },
        "2014-10": {
            "month": "2014-10",
            "price": "175.59",
            "revenue": 520222
        },
        "2014-11": {
            "month": "2014-11",
            "price": "161.88",
            "revenue": 562143
        },
        "2014-12": {
            "month": "2014-12",
            "price": "167.92",
            "revenue": 591158
        },
        "2015-01": {
            "month": "2015-01",
            "price": "177.70",
            "revenue": 541345
        },
        "2015-02": {
            "month": "2015-02",
            "price": "190.77",
            "revenue": 534002
        },
        "2015-03": {
            "month": "2015-03",
            "price": "202.68",
            "revenue": 663684
        },
        "2015-04": {
            "month": "2015-04",
            "price": "221.05",
            "revenue": 598839
        },
        "2015-05": {
            "month": "2015-05",
            "price": "238.85",
            "revenue": 683957
        },
        "2015-06": {
            "month": "2015-06",
            "price": "266.05",
            "revenue": 666415
        },
        "2015-07": {
            "month": "2015-07",
            "price": "262.84",
            "revenue": 712383
        },
        "2015-08": {
            "month": "2015-08",
            "price": "226.95",
            "revenue": 703948
        },
        "2015-09": {
            "month": "2015-09",
            "price": "231.12",
            "revenue": 702221
        },
        "2015-10": {
            "month": "2015-10",
            "price": "220.00",
            "revenue": 631801
        },
        "2015-11": {
            "month": "2015-11",
            "price": "238.14",
            "revenue": 611804
        },
        "2015-12": {
            "month": "2015-12",
            "price": "227.46",
            "revenue": 533618
        },
        "2016-01": {
            "month": "2016-01",
            "price": "226.86",
            "revenue": 504385
        },
        "2016-02": {
            "month": "2016-02",
            "price": "219.77",
            "revenue": 524285
        },
        "2016-03": {
            "month": "2016-03",
            "price": "211.70",
            "revenue": 660320
        },
        "2016-04": {
            "month": "2016-04",
            "price": "178.34",
            "revenue": 538973
        },
        "2016-05": {
            "month": "2016-05",
            "price": "167.71",
            "revenue": 625188
        },
        "2016-06": {
            "month": "2016-06",
            "price": "161.86",
            "revenue": 607362
        },
        "2016-07": {
            "month": "2016-07",
            "price": "165.25",
            "revenue": 506925
        },
        "2016-08": {
            "month": "2016-08",
            "price": "158.67",
            "revenue": 528522
        },
        "2016-09": {
            "month": "2016-09",
            "price": "148.50",
            "revenue": 488603
        },
        "2016-10": {
            "month": "2016-10",
            "price": "134.98",
            "revenue": 467318
        },
        "2016-11": {
            "month": "2016-11",
            "price": "138.16",
            "revenue": 547294
        },
        "2016-12": {
            "month": "2016-12",
            "price": "155.27",
            "revenue": 637372
        },
        "2017-01": {
            "month": "2017-01",
            "price": "160.00",
            "revenue": 615551
        },
        "2017-02": {
            "month": "2017-02",
            "price": "166.58",
            "revenue": 530603
        },
        "2017-03": {
            "month": "2017-03",
            "price": "156.63",
            "revenue": 588582
        },
        "2017-04": {
            "month": "2017-04",
            "price": "142.36",
            "revenue": 529945
        },
        "2017-05": {
            "month": "2017-05",
            "price": "136.12",
            "revenue": 595857
        },
        "2017-06": {
            "month": "2017-06",
            "price": "140.80",
            "revenue": 683618
        },
        "2017-07": {
            "month": "2017-07",
            "price": "140.05",
            "revenue": 652864
        },
        "2017-08": {
            "month": "2017-08",
            "price": "121.59",
            "revenue": 832567
        },
        "2017-09": {
            "month": "2017-09",
            "price": "129.32",
            "revenue": 830836
        },
        "2017-10": {
            "month": "2017-10",
            "price": "133.55",
            "revenue": 918102
        },
        "2017-11": {
            "month": "2017-11",
            "price": "129.36",
            "revenue": 831190
        },
        "2017-12": {
            "month": "2017-12",
            "price": "125.79",
            "revenue": 852264
        },
        "2018-01": {
            "month": "2018-01",
            "price": "127.59",
            "revenue": 825783
        },
        "2018-02": {
            "month": "2018-02",
            "price": "119.12",
            "revenue": 727256
        },
        "2018-03": {
            "month": "2018-03",
            "price": "130.17",
            "revenue": 738224
        },
        "2018-04": {
            "month": "2018-04",
            "price": "131.92",
            "revenue": 767284
        },
        "2018-05": {
            "month": "2018-05",
            "price": "148.16",
            "revenue": 828922
        },
        "2018-06": {
            "month": "2018-06",
            "price": "151.42",
            "revenue": 765337
        },
        "2018-07": {
            "month": "2018-07",
            "price": "135.77",
            "revenue": 729766
        },
        "2018-08": {
            "month": "2018-08",
            "price": "126.74",
            "revenue": 735444
        },
        "2018-09": {
            "month": "2018-09",
            "price": "115.18",
            "revenue": 630195
        },
        "2018-10": {
            "month": "2018-10",
            "price": "91.88",
            "revenue": 635212
        },
        "2018-11": {
            "month": "2018-11",
            "price": "89.81",
            "revenue": 569198
        },
        "2018-12": {
            "month": "2018-12",
            "price": "91.02",
            "revenue": 665718
        },
        "2019-01": {
            "month": "2019-01",
            "price": "94.65",
            "revenue": 609860
        },
        "2019-02": {
            "month": "2019-02",
            "price": "106.19",
            "revenue": 566100
        },
        "2019-03": {
            "month": "2019-03",
            "price": "107.45",
            "revenue": 645262
        },
        "2019-04": {
            "month": "2019-04",
            "price": "107.90",
            "revenue": 696810
        },
        "2019-05": {
            "month": "2019-05",
            "price": "98.18",
            "revenue": 685359
        },
        "2019-06": {
            "month": "2019-06",
            "price": "95.63",
            "revenue": 722684
        },
        "2019-07": {
            "month": "2019-07",
            "price": "97.21",
            "revenue": 701483
        },
        "2019-08": {
            "month": "2019-08",
            "price": "107.71",
            "revenue": 639706
        },
        "2019-09": {
            "month": "2019-09",
            "price": "111.24",
            "revenue": 701488
        },
        "2019-10": {
            "month": "2019-10",
            "price": "125.05",
            "revenue": 668215
        },
        "2019-11": {
            "month": "2019-11",
            "price": "129.48",
            "revenue": 676676
        },
        "2019-12": {
            "month": "2019-12",
            "price": "125.84",
            "revenue": 626227
        },
        "2020-01": {
            "month": "2020-01",
            "price": "118.20",
            "revenue": 635673
        },
        "2020-02": {
            "month": "2020-02",
            "price": "111.05",
            "revenue": 529475
        },
        "2020-03": {
            "month": "2020-03",
            "price": "94.62",
            "revenue": 604898
        },
        "2020-04": {
            "month": "2020-04",
            "price": "95.74",
            "revenue": 589463
        },
        "2020-05": {
            "month": "2020-05",
            "price": "108.32",
            "revenue": 588459
        },
        "2020-06": {
            "month": "2020-06",
            "price": "108.08",
            "revenue": 626194
        },
        "2020-07": {
            "month": "2020-07",
            "price": "104.34",
            "revenue": 656586
        },
        "2020-08": {
            "month": "2020-08",
            "price": "95.54",
            "revenue": 616538
        },
        "2020-09": {
            "month": "2020-09",
            "price": "90.82",
            "revenue": 706773
        },
        "2020-10": {
            "month": "2020-10",
            "price": "90.65",
            "revenue": 669231
        },
        "2020-11": {
            "month": "2020-11",
            "price": "94.66",
            "revenue": 677769
        },
        "2020-12": {
            "month": "2020-12",
            "price": "104.40",
            "revenue": 865392
        },
        "2021-01": {
            "month": "2021-01",
            "price": "104.78",
            "revenue": 704551
        },
        "2021-02": {
            "month": "2021-02",
            "price": "104.35",
            "revenue": 559950
        },
        "2021-03": {
            "month": "2021-03",
            "price": "109.45",
            "revenue": 717269
        },
        "2021-04": {
            "month": "2021-04",
            "price": "111.13",
            "revenue": 707360
        },
        "2021-05": {
            "month": "2021-05",
            "price": "92.85",
            "revenue": 705140
        },
        "2021-06": {
            "month": "2021-06",
            "price": "95.07",
            "revenue": 801830
        },
        "2021-07": {
            "month": "2021-07",
            "price": "99.62",
            "revenue": 869137
        },
        "2021-08": {
            "month": "2021-08",
            "price": "95.44",
            "revenue": 873747
        },
        "2021-09": {
            "month": "2021-09",
            "price": "91.77",
            "revenue": 778321
        },
        "2021-10": {
            "month": "2021-10",
            "price": "89.12",
            "revenue": 753127
        },
        "2021-11": {
            "month": "2021-11",
            "price": "96.44",
            "revenue": 756627
        },
        "2021-12": {
            "month": "2021-12",
            "price": "97.91",
            "revenue": 952732
        },
        "2022-01": {
            "month": "2022-01",
            "price": "103.99",
            "revenue": 935780
        },
        "2022-02": {
            "month": "2022-02",
            "price": "118.93",
            "revenue": 747433
        },
        "2022-03": {
            "month": "2022-03",
            "price": "127.98",
            "revenue": 1178937
        },
        "2022-04": {
            "month": "2022-04",
            "price": "186.79",
            "revenue": 889301
        },
        "2022-05": {
            "month": "2022-05",
            "price": "192.95",
            "revenue": 1193038
        },
        "2022-06": {
            "month": "2022-06",
            "price": "195.88",
            "revenue": 1410177
        },
        "2022-07": {
            "month": "2022-07",
            "price": "191.83",
            "revenue": 1523790
        },
        "2022-08": {
            "month": "2022-08",
            "price": "224.22",
            "revenue": 1479508
        },
        "2022-09": {
            "month": "2022-09",
            "price": "199.19",
            "revenue": 1588934
        },
        "2022-10": {
            "month": "2022-10",
            "price": "184.68",
            "revenue": 1628743
        },
        "2022-11": {
            "month": "2022-11",
            "price": "207.00",
            "revenue": 1891504
        },
        "2022-12": {
            "month": "2022-12",
            "price": "212.61",
            "revenue": 1855137
        },
        "2023-01": {
            "month": "2023-01",
            "price": "207.42",
            "revenue": 1367125
        },
        "2023-02": {
            "month": "2023-02",
            "price": "269.58",
            "revenue": 1469026
        },
        "2023-03": {
            "month": "2023-03",
            "price": "335.78",
            "revenue": 1671786
        },
        "2023-04": {
            "month": "2023-04",
            "price": "308.53",
            "revenue": 1437668
        },
        "2023-05": {
            "month": "2023-05",
            "price": "275.27",
            "revenue": 1115460
        },
        "2023-06": {
            "month": "2023-06",
            "price": "251.00",
            "revenue": 1602566
        },
        "2023-07": {
            "month": "2023-07",
            "price": "277.55",
            "revenue": 1456740
        },
        "2023-08": {
            "month": "2023-08",
            "price": "291.57",
            "revenue": 1447181
        },
        "2023-09": {
            "month": "2023-09",
            "price": "270.20",
            "revenue": 1280637
        },
        "2023-10": {
            "month": "2023-10",
            "price": "250.90",
            "revenue": 1375175
        },
        "2023-11": {
            "month": "2023-11",
            "price": "240.48",
            "revenue": 1367991
        },
        "2023-12": {
            "month": "2023-12",
            "price": "250.21",
            "revenue": 1017816
        }
    }
}
