{
    "summary": {
        "stock_name": "全智科",
        "stock_id": "3559",
        "category": "電子工業",
        "main_business": "I301010\t資訊軟體服務業<br>I501010\t產品設計業<br>IZ99990\t其他工商服務業(積體電路、模組、元件之測試)",
        "website_url": "",
        "ceo": "陳良波",
        "pe_ratio": 41,
        "report_year_from": 2006,
        "report_year_to": 2017,
        "age": 17,
        "eps_negative_percentage": 9,
        "eps_growth_avg": {
            "last_all": -9.04,
            "last_2y": -33.59,
            "last_4y": -11.01,
            "last_8y": -7.8,
            "last_12y": null,
            "last_16y": null,
            "last_20y": null,
            "at_2006_last_3y": null,
            "at_2007_last_3y": null,
            "at_2008_last_3y": null,
            "at_2009_last_3y": null,
            "at_2010_last_3y": null,
            "at_2011_last_3y": -4.71,
            "at_2012_last_3y": -3.8,
            "at_2013_last_3y": 6.28,
            "at_2014_last_3y": -2.13,
            "at_2015_last_3y": 14.23,
            "at_2016_last_3y": 11.24,
            "at_2017_last_3y": -8.6,
            "at_2018_last_3y": -8.6,
            "at_2019_last_3y": -8.6,
            "at_2020_last_3y": -8.6,
            "at_2021_last_3y": -8.6,
            "at_2022_last_3y": -8.6,
            "at_2023_last_3y": -8.6,
            "at_2006_last_all": null,
            "at_2007_last_all": null,
            "at_2008_last_all": null,
            "at_2009_last_all": -40.57,
            "at_2010_last_all": 6.28,
            "at_2011_last_all": -4.71,
            "at_2012_last_all": -7.08,
            "at_2013_last_all": -9.34,
            "at_2014_last_all": 1.48,
            "at_2015_last_all": 4.76,
            "at_2016_last_all": 1.06,
            "at_2017_last_all": -9.04,
            "at_2018_last_all": -9.04,
            "at_2019_last_all": -9.04,
            "at_2020_last_all": -9.04,
            "at_2021_last_all": -9.04,
            "at_2022_last_all": -9.04,
            "at_2023_last_all": -9.04
        },
        "latest_eps": 0.58,
        "latest_price": 23.85,
        "latest_roe": 3.52,
        "latest_gross_margin": 14.41,
        "latest_equity": 2022196,
        "latest_revenue": 304553,
        "latest_gross_profit": 43884,
        "latest_net_income": -13004,
        "latest_debt_ratio": 10.2,
        "latest_current_ratio": 527.16,
        "latest_account_receivable_turnover_ratio": 1.6,
        "latest_inventory_turnover_ratio": 78.49,
        "latest_reinvestment_rate": 26.58,
        "latest_research_to_sale_ratio": 4.63
    },
    "eps_dividends": {
        "2001": {
            "cash": 0,
            "stock": 0,
            "eps": 0
        },
        "2002": {
            "cash": 0,
            "stock": 0,
            "eps": 0
        },
        "2003": {
            "cash": 0,
            "stock": 0,
            "eps": 0
        },
        "2004": {
            "cash": 0,
            "stock": 0,
            "eps": 0
        },
        "2005": {
            "cash": 0,
            "stock": 0,
            "eps": 0
        },
        "2006": {
            "cash": 0,
            "stock": 0,
            "eps": 0
        },
        "2007": {
            "cash": 1,
            "stock": 1,
            "eps": 2.92
        },
        "2008": {
            "cash": 2,
            "stock": 0,
            "eps": 2.33
        },
        "2009": {
            "cash": 1,
            "stock": 0,
            "eps": 0.91
        },
        "2010": {
            "cash": 1,
            "stock": 0,
            "eps": 2.52
        },
        "2011": {
            "cash": 2,
            "stock": 0,
            "eps": 1.57
        },
        "2012": {
            "cash": 1,
            "stock": 1,
            "eps": 1.31
        },
        "2013": {
            "cash": 1,
            "stock": 0,
            "eps": 1.04
        },
        "2014": {
            "cash": 1,
            "stock": 0,
            "eps": 1.73
        },
        "2015": {
            "cash": 1,
            "stock": 0,
            "eps": 2.21
        },
        "2016": {
            "cash": 1,
            "stock": 0,
            "eps": 1.58
        },
        "2017": {
            "cash": 0,
            "stock": 0,
            "eps": -0.08
        }
    },
    "dividends": {
        "2007-03-14": {
            "cash": 0.8,
            "stock": 0.8
        },
        "2008-03-19": {
            "cash": 1.8,
            "stock": 0.2
        },
        "2009-04-22": {
            "cash": 1,
            "stock": 0
        },
        "2010-03-19": {
            "cash": 0.79,
            "stock": 0
        },
        "2011-03-16": {
            "cash": 1.6,
            "stock": 0
        },
        "2012-03-21": {
            "cash": 0.7,
            "stock": 0.5
        },
        "2013-03-18": {
            "cash": 1.1,
            "stock": 0
        },
        "2014-07-31": {
            "cash": 1,
            "stock": 0
        },
        "2015-03-17": {
            "cash": 1.2,
            "stock": 0
        },
        "2016-03-16": {
            "cash": 1.4,
            "stock": 0
        }
    },
    "prices": {
        "200101": "無",
        "200102": "無",
        "200103": "無",
        "200104": "無",
        "200105": "無",
        "200106": "無",
        "200107": "無",
        "200108": "無",
        "200109": "無",
        "200110": "無",
        "200111": "無",
        "200112": "無",
        "200201": "無",
        "200202": "無",
        "200203": "無",
        "200204": "無",
        "200205": "無",
        "200206": "無",
        "200207": "無",
        "200208": "無",
        "200209": "無",
        "200210": "無",
        "200211": "無",
        "200212": "無",
        "200301": "無",
        "200302": "無",
        "200303": "無",
        "200304": "無",
        "200305": "無",
        "200306": "無",
        "200307": "無",
        "200308": "無",
        "200309": "無",
        "200310": "無",
        "200311": "無",
        "200312": "無",
        "200401": "無",
        "200402": "無",
        "200403": "無",
        "200404": "無",
        "200405": "無",
        "200406": "無",
        "200407": "無",
        "200408": "無",
        "200409": "無",
        "200410": "無",
        "200411": "無",
        "200412": "無",
        "200501": "無",
        "200502": "無",
        "200503": "無",
        "200504": "無",
        "200505": "無",
        "200506": "無",
        "200507": "無",
        "200508": "無",
        "200509": "無",
        "200510": "無",
        "200511": "無",
        "200512": "無",
        "200601": "無",
        "200602": "無",
        "200603": "無",
        "200604": "無",
        "200605": "無",
        "200606": "無",
        "200607": "無",
        "200608": "無",
        "200609": "無",
        "200610": "無",
        "200611": "無",
        "200612": "無",
        "200701": "無",
        "200702": "無",
        "200703": "無",
        "200704": "無",
        "200705": "47.61",
        "200706": "55.43",
        "200707": "51.62",
        "200708": "41.43",
        "200709": "36.24",
        "200710": "33.94",
        "200711": "27.24",
        "200712": "25.07",
        "200801": "24.04",
        "200802": "23.53",
        "200803": "27.59",
        "200804": "30.34",
        "200805": "32.93",
        "200806": "30.44",
        "200807": "27.17",
        "200808": "24.04",
        "200809": "18.44",
        "200810": "14.28",
        "200811": "13.26",
        "200812": "11.51",
        "200901": "11.62",
        "200902": "11.03",
        "200903": "12.90",
        "200904": "14.42",
        "200905": "14.39",
        "200906": "13.55",
        "200907": "14.00",
        "200908": "15.07",
        "200909": "16.21",
        "200910": "18.15",
        "200911": "17.23",
        "200912": "20.46",
        "201001": "21.50",
        "201002": "18.24",
        "201003": "21.09",
        "201004": "23.07",
        "201005": "23.64",
        "201006": "23.87",
        "201007": "24.54",
        "201008": "23.93",
        "201009": "22.77",
        "201010": "22.76",
        "201011": "21.13",
        "201012": "22.52",
        "201101": "22.83",
        "201102": "21.80",
        "201103": "20.61",
        "201104": "20.84",
        "201105": "20.50",
        "201106": "20.01",
        "201107": "17.71",
        "201108": "14.91",
        "201109": "15.27",
        "201110": "14.94",
        "201111": "14.37",
        "201112": "13.50",
        "201201": "14.27",
        "201202": "19.18",
        "201203": "22.23",
        "201204": "20.41",
        "201205": "20.55",
        "201206": "19.31",
        "201207": "19.67",
        "201208": "19.85",
        "201209": "19.35",
        "201210": "16.58",
        "201211": "15.34",
        "201212": "16.10",
        "201301": "17.34",
        "201302": "17.34",
        "201303": "17.06",
        "201304": "16.88",
        "201305": "17.40",
        "201306": "17.01",
        "201307": "17.01",
        "201308": "15.95",
        "201309": "16.24",
        "201310": "16.01",
        "201311": "15.64",
        "201312": "16.02",
        "201401": "17.00",
        "201402": "17.50",
        "201403": "17.71",
        "201404": "17.75",
        "201405": "17.45",
        "201406": "18.52",
        "201407": "18.32",
        "201408": "17.89",
        "201409": "19.19",
        "201410": "19.11",
        "201411": "19.54",
        "201412": "20.82",
        "201501": "21.22",
        "201502": "20.50",
        "201503": "22.00",
        "201504": "23.15",
        "201505": "22.22",
        "201506": "21.68",
        "201507": "20.10",
        "201508": "17.65",
        "201509": "18.62",
        "201510": "20.53",
        "201511": "21.46",
        "201512": "20.58",
        "201601": "18.70",
        "201602": "19.28",
        "201603": "20.66",
        "201604": "19.85",
        "201605": "18.30",
        "201606": "18.54",
        "201607": "20.42",
        "201608": "23.66",
        "201609": "23.39",
        "201610": "23.18",
        "201611": "23.24",
        "201612": "23.45",
        "201701": "23.42",
        "201702": "23.49",
        "201703": "23.62",
        "201704": "23.63",
        "201705": "23.66",
        "201706": "23.74",
        "201707": "23.81",
        "201708": "23.82",
        "201709": "無",
        "201710": "無",
        "201711": "無",
        "201712": "無",
        "201801": "無",
        "201802": "無",
        "201803": "無",
        "201804": "無",
        "201805": "無",
        "201806": "無",
        "201807": "無",
        "201808": "無",
        "201809": "無",
        "201810": "無",
        "201811": "無",
        "201812": "無",
        "201901": "無",
        "201902": "無",
        "201903": "無",
        "201904": "無",
        "201905": "無",
        "201906": "無",
        "201907": "無",
        "201908": "無",
        "201909": "無",
        "201910": "無",
        "201911": "無",
        "201912": "無",
        "202001": "無",
        "202002": "無",
        "202003": "無",
        "202004": "無",
        "202005": "無",
        "202006": "無",
        "202007": "無",
        "202008": "無",
        "202009": "無",
        "202010": "無",
        "202011": "無",
        "202012": "無",
        "202101": "無",
        "202102": "無",
        "202103": "無",
        "202104": "無",
        "202105": "無",
        "202106": "無",
        "202107": "無",
        "202108": "無",
        "202109": "無",
        "202110": "無",
        "202111": "無",
        "202112": "無",
        "202201": "無",
        "202202": "無",
        "202203": "無",
        "202204": "無",
        "202205": "無",
        "202206": "無",
        "202207": "無",
        "202208": "無",
        "202209": "無",
        "202210": "無",
        "202211": "無",
        "202212": "無",
        "202301": "無",
        "202302": "無",
        "202303": "無",
        "202304": "無",
        "202305": "無"
    },
    "quarters": {
        "20011": {
            "year_quarter": 20011,
            "year": 2001,
            "quarter": 1,
            "eps": null,
            "eps_growth_year": null,
            "eps_4q": null,
            "eps_4q_growth_year": null,
            "roe": null,
            "roe_4q": 0,
            "gross_profit": null,
            "gross_margin": null,
            "gross_margin_4q_avg": 0,
            "net_income": null,
            "revenue": null,
            "common_shares": null,
            "book_valuer_per_share": null,
            "book_valuer_per_share_4q_avg": 0,
            "equity": null,
            "current_ratio": null,
            "debt_ratio": null,
            "inventory_turnover_ratio": null,
            "account_receivable_turnover_ratio": null,
            "reinvestment_rate": null,
            "research_to_sale_ratio": null,
            "price_fair": 0,
            "eps_avg_yearly": 0,
            "eps_latest_yearly": 0,
            "eps_growth_yearly": 0
        },
        "20012": {
            "year_quarter": 20012,
            "year": 2001,
            "quarter": 2,
            "eps": null,
            "eps_growth_year": null,
            "eps_4q": null,
            "eps_4q_growth_year": null,
            "roe": null,
            "roe_4q": 0,
            "gross_profit": null,
            "gross_margin": null,
            "gross_margin_4q_avg": 0,
            "net_income": null,
            "revenue": null,
            "common_shares": null,
            "book_valuer_per_share": null,
            "book_valuer_per_share_4q_avg": 0,
            "equity": null,
            "current_ratio": null,
            "debt_ratio": null,
            "inventory_turnover_ratio": null,
            "account_receivable_turnover_ratio": null,
            "reinvestment_rate": null,
            "research_to_sale_ratio": null,
            "price_fair": 0,
            "eps_avg_yearly": 0,
            "eps_latest_yearly": 0,
            "eps_growth_yearly": 0
        },
        "20013": {
            "year_quarter": 20013,
            "year": 2001,
            "quarter": 3,
            "eps": null,
            "eps_growth_year": null,
            "eps_4q": null,
            "eps_4q_growth_year": null,
            "roe": null,
            "roe_4q": 0,
            "gross_profit": null,
            "gross_margin": null,
            "gross_margin_4q_avg": 0,
            "net_income": null,
            "revenue": null,
            "common_shares": null,
            "book_valuer_per_share": null,
            "book_valuer_per_share_4q_avg": 0,
            "equity": null,
            "current_ratio": null,
            "debt_ratio": null,
            "inventory_turnover_ratio": null,
            "account_receivable_turnover_ratio": null,
            "reinvestment_rate": null,
            "research_to_sale_ratio": null,
            "price_fair": 0,
            "eps_avg_yearly": 0,
            "eps_latest_yearly": 0,
            "eps_growth_yearly": 0
        },
        "20014": {
            "year_quarter": 20014,
            "year": 2001,
            "quarter": 4,
            "eps": null,
            "eps_growth_year": null,
            "eps_4q": null,
            "eps_4q_growth_year": null,
            "roe": null,
            "roe_4q": 0,
            "gross_profit": null,
            "gross_margin": null,
            "gross_margin_4q_avg": 0,
            "net_income": null,
            "revenue": null,
            "common_shares": null,
            "book_valuer_per_share": null,
            "book_valuer_per_share_4q_avg": 0,
            "equity": null,
            "current_ratio": null,
            "debt_ratio": null,
            "inventory_turnover_ratio": null,
            "account_receivable_turnover_ratio": null,
            "reinvestment_rate": null,
            "research_to_sale_ratio": null,
            "price_fair": 0,
            "eps_avg_yearly": 0,
            "eps_latest_yearly": 0,
            "eps_growth_yearly": 0
        },
        "20021": {
            "year_quarter": 20021,
            "year": 2002,
            "quarter": 1,
            "eps": null,
            "eps_growth_year": null,
            "eps_4q": null,
            "eps_4q_growth_year": null,
            "roe": null,
            "roe_4q": 0,
            "gross_profit": null,
            "gross_margin": null,
            "gross_margin_4q_avg": 0,
            "net_income": null,
            "revenue": null,
            "common_shares": null,
            "book_valuer_per_share": null,
            "book_valuer_per_share_4q_avg": 0,
            "equity": null,
            "current_ratio": null,
            "debt_ratio": null,
            "inventory_turnover_ratio": null,
            "account_receivable_turnover_ratio": null,
            "reinvestment_rate": null,
            "research_to_sale_ratio": null,
            "price_fair": 0,
            "eps_avg_yearly": 0,
            "eps_latest_yearly": 0,
            "eps_growth_yearly": 0
        },
        "20022": {
            "year_quarter": 20022,
            "year": 2002,
            "quarter": 2,
            "eps": null,
            "eps_growth_year": null,
            "eps_4q": null,
            "eps_4q_growth_year": null,
            "roe": null,
            "roe_4q": 0,
            "gross_profit": null,
            "gross_margin": null,
            "gross_margin_4q_avg": 0,
            "net_income": null,
            "revenue": null,
            "common_shares": null,
            "book_valuer_per_share": null,
            "book_valuer_per_share_4q_avg": 0,
            "equity": null,
            "current_ratio": null,
            "debt_ratio": null,
            "inventory_turnover_ratio": null,
            "account_receivable_turnover_ratio": null,
            "reinvestment_rate": null,
            "research_to_sale_ratio": null,
            "price_fair": 0,
            "eps_avg_yearly": 0,
            "eps_latest_yearly": 0,
            "eps_growth_yearly": 0
        },
        "20023": {
            "year_quarter": 20023,
            "year": 2002,
            "quarter": 3,
            "eps": null,
            "eps_growth_year": null,
            "eps_4q": null,
            "eps_4q_growth_year": null,
            "roe": null,
            "roe_4q": 0,
            "gross_profit": null,
            "gross_margin": null,
            "gross_margin_4q_avg": 0,
            "net_income": null,
            "revenue": null,
            "common_shares": null,
            "book_valuer_per_share": null,
            "book_valuer_per_share_4q_avg": 0,
            "equity": null,
            "current_ratio": null,
            "debt_ratio": null,
            "inventory_turnover_ratio": null,
            "account_receivable_turnover_ratio": null,
            "reinvestment_rate": null,
            "research_to_sale_ratio": null,
            "price_fair": 0,
            "eps_avg_yearly": 0,
            "eps_latest_yearly": 0,
            "eps_growth_yearly": 0
        },
        "20024": {
            "year_quarter": 20024,
            "year": 2002,
            "quarter": 4,
            "eps": null,
            "eps_growth_year": null,
            "eps_4q": null,
            "eps_4q_growth_year": null,
            "roe": null,
            "roe_4q": 0,
            "gross_profit": null,
            "gross_margin": null,
            "gross_margin_4q_avg": 0,
            "net_income": null,
            "revenue": null,
            "common_shares": 450000,
            "book_valuer_per_share": 8.44,
            "book_valuer_per_share_4q_avg": 2.11,
            "equity": 380024,
            "current_ratio": 1708.69,
            "debt_ratio": 2.74,
            "inventory_turnover_ratio": null,
            "account_receivable_turnover_ratio": null,
            "reinvestment_rate": null,
            "research_to_sale_ratio": null,
            "price_fair": 0,
            "eps_avg_yearly": 0,
            "eps_latest_yearly": 0,
            "eps_growth_yearly": 0
        },
        "20031": {
            "year_quarter": 20031,
            "year": 2003,
            "quarter": 1,
            "eps": null,
            "eps_growth_year": null,
            "eps_4q": null,
            "eps_4q_growth_year": null,
            "roe": null,
            "roe_4q": 0,
            "gross_profit": null,
            "gross_margin": null,
            "gross_margin_4q_avg": 0,
            "net_income": null,
            "revenue": null,
            "common_shares": null,
            "book_valuer_per_share": null,
            "book_valuer_per_share_4q_avg": 2.11,
            "equity": null,
            "current_ratio": null,
            "debt_ratio": null,
            "inventory_turnover_ratio": null,
            "account_receivable_turnover_ratio": null,
            "reinvestment_rate": null,
            "research_to_sale_ratio": null,
            "price_fair": 0,
            "eps_avg_yearly": 0,
            "eps_latest_yearly": 0,
            "eps_growth_yearly": 0
        },
        "20032": {
            "year_quarter": 20032,
            "year": 2003,
            "quarter": 2,
            "eps": null,
            "eps_growth_year": null,
            "eps_4q": null,
            "eps_4q_growth_year": null,
            "roe": null,
            "roe_4q": 0,
            "gross_profit": null,
            "gross_margin": null,
            "gross_margin_4q_avg": 0,
            "net_income": null,
            "revenue": null,
            "common_shares": null,
            "book_valuer_per_share": null,
            "book_valuer_per_share_4q_avg": 2.11,
            "equity": null,
            "current_ratio": null,
            "debt_ratio": null,
            "inventory_turnover_ratio": null,
            "account_receivable_turnover_ratio": null,
            "reinvestment_rate": null,
            "research_to_sale_ratio": null,
            "price_fair": 0,
            "eps_avg_yearly": 0,
            "eps_latest_yearly": 0,
            "eps_growth_yearly": 0
        },
        "20033": {
            "year_quarter": 20033,
            "year": 2003,
            "quarter": 3,
            "eps": null,
            "eps_growth_year": null,
            "eps_4q": null,
            "eps_4q_growth_year": null,
            "roe": null,
            "roe_4q": 0,
            "gross_profit": null,
            "gross_margin": null,
            "gross_margin_4q_avg": 0,
            "net_income": null,
            "revenue": null,
            "common_shares": null,
            "book_valuer_per_share": null,
            "book_valuer_per_share_4q_avg": 2.11,
            "equity": null,
            "current_ratio": null,
            "debt_ratio": null,
            "inventory_turnover_ratio": null,
            "account_receivable_turnover_ratio": null,
            "reinvestment_rate": null,
            "research_to_sale_ratio": null,
            "price_fair": 0,
            "eps_avg_yearly": 0,
            "eps_latest_yearly": 0,
            "eps_growth_yearly": 0
        },
        "20034": {
            "year_quarter": 20034,
            "year": 2003,
            "quarter": 4,
            "eps": null,
            "eps_growth_year": null,
            "eps_4q": null,
            "eps_4q_growth_year": null,
            "roe": null,
            "roe_4q": 0,
            "gross_profit": null,
            "gross_margin": null,
            "gross_margin_4q_avg": 0,
            "net_income": null,
            "revenue": null,
            "common_shares": 450000,
            "book_valuer_per_share": 7.36,
            "book_valuer_per_share_4q_avg": 1.84,
            "equity": 331215,
            "current_ratio": 1151.91,
            "debt_ratio": 3.57,
            "inventory_turnover_ratio": null,
            "account_receivable_turnover_ratio": null,
            "reinvestment_rate": null,
            "research_to_sale_ratio": null,
            "price_fair": 0,
            "eps_avg_yearly": 0,
            "eps_latest_yearly": 0,
            "eps_growth_yearly": 0
        },
        "20041": {
            "year_quarter": 20041,
            "year": 2004,
            "quarter": 1,
            "eps": null,
            "eps_growth_year": null,
            "eps_4q": null,
            "eps_4q_growth_year": null,
            "roe": null,
            "roe_4q": 0,
            "gross_profit": null,
            "gross_margin": null,
            "gross_margin_4q_avg": 0,
            "net_income": null,
            "revenue": null,
            "common_shares": null,
            "book_valuer_per_share": null,
            "book_valuer_per_share_4q_avg": 1.84,
            "equity": null,
            "current_ratio": null,
            "debt_ratio": null,
            "inventory_turnover_ratio": null,
            "account_receivable_turnover_ratio": null,
            "reinvestment_rate": null,
            "research_to_sale_ratio": null,
            "price_fair": 0,
            "eps_avg_yearly": 0,
            "eps_latest_yearly": 0,
            "eps_growth_yearly": 0
        },
        "20042": {
            "year_quarter": 20042,
            "year": 2004,
            "quarter": 2,
            "eps": null,
            "eps_growth_year": null,
            "eps_4q": null,
            "eps_4q_growth_year": null,
            "roe": null,
            "roe_4q": 0,
            "gross_profit": null,
            "gross_margin": null,
            "gross_margin_4q_avg": 0,
            "net_income": null,
            "revenue": null,
            "common_shares": null,
            "book_valuer_per_share": null,
            "book_valuer_per_share_4q_avg": 1.84,
            "equity": null,
            "current_ratio": null,
            "debt_ratio": null,
            "inventory_turnover_ratio": null,
            "account_receivable_turnover_ratio": null,
            "reinvestment_rate": null,
            "research_to_sale_ratio": null,
            "price_fair": 0,
            "eps_avg_yearly": 0,
            "eps_latest_yearly": 0,
            "eps_growth_yearly": 0
        },
        "20043": {
            "year_quarter": 20043,
            "year": 2004,
            "quarter": 3,
            "eps": null,
            "eps_growth_year": null,
            "eps_4q": null,
            "eps_4q_growth_year": null,
            "roe": null,
            "roe_4q": 0,
            "gross_profit": null,
            "gross_margin": null,
            "gross_margin_4q_avg": 0,
            "net_income": null,
            "revenue": null,
            "common_shares": null,
            "book_valuer_per_share": null,
            "book_valuer_per_share_4q_avg": 1.84,
            "equity": null,
            "current_ratio": null,
            "debt_ratio": null,
            "inventory_turnover_ratio": null,
            "account_receivable_turnover_ratio": null,
            "reinvestment_rate": null,
            "research_to_sale_ratio": null,
            "price_fair": 0,
            "eps_avg_yearly": 0,
            "eps_latest_yearly": 0,
            "eps_growth_yearly": 0
        },
        "20044": {
            "year_quarter": 20044,
            "year": 2004,
            "quarter": 4,
            "eps": null,
            "eps_growth_year": null,
            "eps_4q": null,
            "eps_4q_growth_year": null,
            "roe": null,
            "roe_4q": 0,
            "gross_profit": null,
            "gross_margin": null,
            "gross_margin_4q_avg": 0,
            "net_income": null,
            "revenue": null,
            "common_shares": 1266331,
            "book_valuer_per_share": 5.87,
            "book_valuer_per_share_4q_avg": 1.47,
            "equity": 743765,
            "current_ratio": 644.37,
            "debt_ratio": 4.71,
            "inventory_turnover_ratio": null,
            "account_receivable_turnover_ratio": null,
            "reinvestment_rate": null,
            "research_to_sale_ratio": null,
            "price_fair": 0,
            "eps_avg_yearly": 0,
            "eps_latest_yearly": 0,
            "eps_growth_yearly": 0
        },
        "20051": {
            "year_quarter": 20051,
            "year": 2005,
            "quarter": 1,
            "eps": null,
            "eps_growth_year": null,
            "eps_4q": null,
            "eps_4q_growth_year": null,
            "roe": null,
            "roe_4q": 0,
            "gross_profit": null,
            "gross_margin": null,
            "gross_margin_4q_avg": 0,
            "net_income": null,
            "revenue": null,
            "common_shares": null,
            "book_valuer_per_share": null,
            "book_valuer_per_share_4q_avg": 1.47,
            "equity": null,
            "current_ratio": null,
            "debt_ratio": null,
            "inventory_turnover_ratio": null,
            "account_receivable_turnover_ratio": null,
            "reinvestment_rate": null,
            "research_to_sale_ratio": null,
            "price_fair": 0,
            "eps_avg_yearly": 0,
            "eps_latest_yearly": 0,
            "eps_growth_yearly": 0
        },
        "20052": {
            "year_quarter": 20052,
            "year": 2005,
            "quarter": 2,
            "eps": null,
            "eps_growth_year": null,
            "eps_4q": null,
            "eps_4q_growth_year": null,
            "roe": null,
            "roe_4q": 0,
            "gross_profit": null,
            "gross_margin": null,
            "gross_margin_4q_avg": 0,
            "net_income": null,
            "revenue": null,
            "common_shares": null,
            "book_valuer_per_share": null,
            "book_valuer_per_share_4q_avg": 1.47,
            "equity": null,
            "current_ratio": null,
            "debt_ratio": null,
            "inventory_turnover_ratio": null,
            "account_receivable_turnover_ratio": null,
            "reinvestment_rate": null,
            "research_to_sale_ratio": null,
            "price_fair": 0,
            "eps_avg_yearly": 0,
            "eps_latest_yearly": 0,
            "eps_growth_yearly": 0
        },
        "20053": {
            "year_quarter": 20053,
            "year": 2005,
            "quarter": 3,
            "eps": null,
            "eps_growth_year": null,
            "eps_4q": null,
            "eps_4q_growth_year": null,
            "roe": null,
            "roe_4q": 0,
            "gross_profit": null,
            "gross_margin": null,
            "gross_margin_4q_avg": 0,
            "net_income": null,
            "revenue": null,
            "common_shares": null,
            "book_valuer_per_share": null,
            "book_valuer_per_share_4q_avg": 1.47,
            "equity": null,
            "current_ratio": null,
            "debt_ratio": null,
            "inventory_turnover_ratio": null,
            "account_receivable_turnover_ratio": null,
            "reinvestment_rate": null,
            "research_to_sale_ratio": null,
            "price_fair": 0,
            "eps_avg_yearly": 0,
            "eps_latest_yearly": 0,
            "eps_growth_yearly": 0
        },
        "20054": {
            "year_quarter": 20054,
            "year": 2005,
            "quarter": 4,
            "eps": null,
            "eps_growth_year": null,
            "eps_4q": null,
            "eps_4q_growth_year": null,
            "roe": null,
            "roe_4q": 0,
            "gross_profit": null,
            "gross_margin": null,
            "gross_margin_4q_avg": 0,
            "net_income": null,
            "revenue": null,
            "common_shares": 1266331,
            "book_valuer_per_share": 5.39,
            "book_valuer_per_share_4q_avg": 1.35,
            "equity": 681955,
            "current_ratio": 402.25,
            "debt_ratio": 12.66,
            "inventory_turnover_ratio": null,
            "account_receivable_turnover_ratio": null,
            "reinvestment_rate": null,
            "research_to_sale_ratio": null,
            "price_fair": 0,
            "eps_avg_yearly": 0,
            "eps_latest_yearly": 0,
            "eps_growth_yearly": 0
        },
        "20061": {
            "year_quarter": 20061,
            "year": 2006,
            "quarter": 1,
            "eps": null,
            "eps_growth_year": null,
            "eps_4q": null,
            "eps_4q_growth_year": null,
            "roe": null,
            "roe_4q": 0,
            "gross_profit": null,
            "gross_margin": null,
            "gross_margin_4q_avg": 0,
            "net_income": null,
            "revenue": null,
            "common_shares": null,
            "book_valuer_per_share": null,
            "book_valuer_per_share_4q_avg": 1.35,
            "equity": null,
            "current_ratio": null,
            "debt_ratio": null,
            "inventory_turnover_ratio": null,
            "account_receivable_turnover_ratio": null,
            "reinvestment_rate": null,
            "research_to_sale_ratio": null,
            "price_fair": 0,
            "eps_avg_yearly": 0,
            "eps_latest_yearly": 0,
            "eps_growth_yearly": 0
        },
        "20062": {
            "year_quarter": 20062,
            "year": 2006,
            "quarter": 2,
            "eps": null,
            "eps_growth_year": null,
            "eps_4q": null,
            "eps_4q_growth_year": null,
            "roe": null,
            "roe_4q": 0,
            "gross_profit": null,
            "gross_margin": null,
            "gross_margin_4q_avg": 0,
            "net_income": null,
            "revenue": null,
            "common_shares": null,
            "book_valuer_per_share": null,
            "book_valuer_per_share_4q_avg": 1.35,
            "equity": null,
            "current_ratio": null,
            "debt_ratio": null,
            "inventory_turnover_ratio": null,
            "account_receivable_turnover_ratio": null,
            "reinvestment_rate": null,
            "research_to_sale_ratio": null,
            "price_fair": 0,
            "eps_avg_yearly": 0,
            "eps_latest_yearly": 0,
            "eps_growth_yearly": 0
        },
        "20063": {
            "year_quarter": 20063,
            "year": 2006,
            "quarter": 3,
            "eps": null,
            "eps_growth_year": null,
            "eps_4q": null,
            "eps_4q_growth_year": null,
            "roe": null,
            "roe_4q": 0,
            "gross_profit": null,
            "gross_margin": null,
            "gross_margin_4q_avg": 0,
            "net_income": null,
            "revenue": null,
            "common_shares": null,
            "book_valuer_per_share": null,
            "book_valuer_per_share_4q_avg": 1.35,
            "equity": null,
            "current_ratio": null,
            "debt_ratio": null,
            "inventory_turnover_ratio": null,
            "account_receivable_turnover_ratio": null,
            "reinvestment_rate": null,
            "research_to_sale_ratio": null,
            "price_fair": 0,
            "eps_avg_yearly": 0,
            "eps_latest_yearly": 0,
            "eps_growth_yearly": 0
        },
        "20064": {
            "year_quarter": 20064,
            "year": 2006,
            "quarter": 4,
            "eps": null,
            "eps_growth_year": null,
            "eps_4q": null,
            "eps_4q_growth_year": null,
            "roe": null,
            "roe_4q": 0,
            "gross_profit": null,
            "gross_margin": null,
            "gross_margin_4q_avg": 0,
            "net_income": null,
            "revenue": null,
            "common_shares": 844603,
            "book_valuer_per_share": 12.83,
            "book_valuer_per_share_4q_avg": 3.21,
            "equity": 1083419,
            "current_ratio": 890.72,
            "debt_ratio": 4.75,
            "inventory_turnover_ratio": null,
            "account_receivable_turnover_ratio": null,
            "reinvestment_rate": null,
            "research_to_sale_ratio": null,
            "price_fair": 0,
            "eps_avg_yearly": 0,
            "eps_latest_yearly": 0,
            "eps_growth_yearly": 0
        },
        "20071": {
            "year_quarter": 20071,
            "year": 2007,
            "quarter": 1,
            "eps": 0.72,
            "eps_growth_year": null,
            "eps_4q": null,
            "eps_4q_growth_year": null,
            "roe": 5.92,
            "roe_4q": 5.92,
            "gross_profit": 78400,
            "gross_margin": 47.84,
            "gross_margin_4q_avg": 11.96,
            "net_income": 66064,
            "revenue": 163890,
            "common_shares": 844603,
            "book_valuer_per_share": 13.61,
            "book_valuer_per_share_4q_avg": 6.61,
            "equity": 1149084,
            "current_ratio": 1041.78,
            "debt_ratio": 4.47,
            "inventory_turnover_ratio": 67.71,
            "account_receivable_turnover_ratio": null,
            "reinvestment_rate": null,
            "research_to_sale_ratio": null,
            "price_fair": 0,
            "eps_avg_yearly": 0,
            "eps_latest_yearly": 0,
            "eps_growth_yearly": 0
        },
        "20072": {
            "year_quarter": 20072,
            "year": 2007,
            "quarter": 2,
            "eps": 0.71,
            "eps_growth_year": null,
            "eps_4q": null,
            "eps_4q_growth_year": null,
            "roe": 5.3,
            "roe_4q": 11.219999999999999,
            "gross_profit": 77998,
            "gross_margin": 46.46,
            "gross_margin_4q_avg": 23.58,
            "net_income": 60359,
            "revenue": 167899,
            "common_shares": 844603,
            "book_valuer_per_share": 13.38,
            "book_valuer_per_share_4q_avg": 9.96,
            "equity": 1130147,
            "current_ratio": 439.15,
            "debt_ratio": 11.22,
            "inventory_turnover_ratio": 75.52,
            "account_receivable_turnover_ratio": null,
            "reinvestment_rate": null,
            "research_to_sale_ratio": null,
            "price_fair": 8.52,
            "eps_avg_yearly": 2.84,
            "eps_latest_yearly": 2.84,
            "eps_growth_yearly": -5.56
        },
        "20073": {
            "year_quarter": 20073,
            "year": 2007,
            "quarter": 3,
            "eps": 0.7,
            "eps_growth_year": null,
            "eps_4q": null,
            "eps_4q_growth_year": null,
            "roe": 5.76,
            "roe_4q": 16.979999999999997,
            "gross_profit": 87667,
            "gross_margin": 48.02,
            "gross_margin_4q_avg": 35.58,
            "net_income": 67052,
            "revenue": 182565,
            "common_shares": 923560,
            "book_valuer_per_share": 12.99,
            "book_valuer_per_share_4q_avg": 13.2,
            "equity": 1199915,
            "current_ratio": 458.73,
            "debt_ratio": 9.92,
            "inventory_turnover_ratio": 84.28,
            "account_receivable_turnover_ratio": null,
            "reinvestment_rate": null,
            "research_to_sale_ratio": null,
            "price_fair": 8.46,
            "eps_avg_yearly": 2.82,
            "eps_latest_yearly": 2.8,
            "eps_growth_yearly": -5.59
        },
        "20074": {
            "year_quarter": 20074,
            "year": 2007,
            "quarter": 4,
            "eps": 0.79,
            "eps_growth_year": null,
            "eps_4q": 2.9,
            "eps_4q_growth_year": null,
            "roe": 5.84,
            "roe_4q": 22.82,
            "gross_profit": 101149,
            "gross_margin": 48.83,
            "gross_margin_4q_avg": 47.79,
            "net_income": 72412,
            "revenue": 207165,
            "common_shares": 930684,
            "book_valuer_per_share": 13.74,
            "book_valuer_per_share_4q_avg": 13.43,
            "equity": 1279095,
            "current_ratio": 565.79,
            "debt_ratio": 7.31,
            "inventory_turnover_ratio": 105.07,
            "account_receivable_turnover_ratio": null,
            "reinvestment_rate": null,
            "research_to_sale_ratio": null,
            "price_fair": 68.68,
            "eps_avg_yearly": 2.93,
            "eps_latest_yearly": 3.16,
            "eps_growth_yearly": 13.41
        },
        "20081": {
            "year_quarter": 20081,
            "year": 2008,
            "quarter": 1,
            "eps": 0.58,
            "eps_growth_year": -19.44,
            "eps_4q": 2.71,
            "eps_4q_growth_year": null,
            "roe": 4.17,
            "roe_4q": 21.07,
            "gross_profit": 85479,
            "gross_margin": 41.72,
            "gross_margin_4q_avg": 46.26,
            "net_income": 54398,
            "revenue": 204899,
            "common_shares": 930846,
            "book_valuer_per_share": 14.3,
            "book_valuer_per_share_4q_avg": 13.6,
            "equity": 1330664,
            "current_ratio": 612.16,
            "debt_ratio": 6.99,
            "inventory_turnover_ratio": 118.83,
            "account_receivable_turnover_ratio": null,
            "reinvestment_rate": null,
            "research_to_sale_ratio": null,
            "price_fair": 8.34,
            "eps_avg_yearly": 2.78,
            "eps_latest_yearly": 2.32,
            "eps_growth_yearly": -16.52
        },
        "20082": {
            "year_quarter": 20082,
            "year": 2008,
            "quarter": 2,
            "eps": 0.72,
            "eps_growth_year": 1.41,
            "eps_4q": 2.74,
            "eps_4q_growth_year": null,
            "roe": 5.46,
            "roe_4q": 21.229999999999997,
            "gross_profit": 93924,
            "gross_margin": 41.54,
            "gross_margin_4q_avg": 45.03,
            "net_income": 69238,
            "revenue": 226109,
            "common_shares": 931072,
            "book_valuer_per_share": 12.97,
            "book_valuer_per_share_4q_avg": 13.5,
            "equity": 1207360,
            "current_ratio": 185.32,
            "debt_ratio": 22.66,
            "inventory_turnover_ratio": 134.27,
            "account_receivable_turnover_ratio": null,
            "reinvestment_rate": null,
            "research_to_sale_ratio": null,
            "price_fair": 45.06,
            "eps_avg_yearly": 2.8,
            "eps_latest_yearly": 2.88,
            "eps_growth_yearly": 6.09
        },
        "20083": {
            "year_quarter": 20083,
            "year": 2008,
            "quarter": 3,
            "eps": 0.75,
            "eps_growth_year": 7.14,
            "eps_4q": 2.77,
            "eps_4q_growth_year": null,
            "roe": 5.84,
            "roe_4q": 21.310000000000002,
            "gross_profit": 84996,
            "gross_margin": 37.76,
            "gross_margin_4q_avg": 42.46,
            "net_income": 72693,
            "revenue": 225074,
            "common_shares": 970213,
            "book_valuer_per_share": 13.22,
            "book_valuer_per_share_4q_avg": 13.56,
            "equity": 1283067,
            "current_ratio": 190.22,
            "debt_ratio": 15.23,
            "inventory_turnover_ratio": 131.34,
            "account_receivable_turnover_ratio": null,
            "reinvestment_rate": null,
            "research_to_sale_ratio": null,
            "price_fair": 50.59,
            "eps_avg_yearly": 2.83,
            "eps_latest_yearly": 3,
            "eps_growth_yearly": 7.85
        },
        "20084": {
            "year_quarter": 20084,
            "year": 2008,
            "quarter": 4,
            "eps": 0.28,
            "eps_growth_year": -64.56,
            "eps_4q": 2.23,
            "eps_4q_growth_year": -23.02,
            "roe": 2.04,
            "roe_4q": 17.509999999999998,
            "gross_profit": 55085,
            "gross_margin": 26.72,
            "gross_margin_4q_avg": 36.94,
            "net_income": 28148,
            "revenue": 206175,
            "common_shares": 1095872,
            "book_valuer_per_share": 13.53,
            "book_valuer_per_share_4q_avg": 13.51,
            "equity": 1482341,
            "current_ratio": 274.31,
            "debt_ratio": 12.57,
            "inventory_turnover_ratio": 125.44,
            "account_receivable_turnover_ratio": 2.78,
            "reinvestment_rate": null,
            "research_to_sale_ratio": null,
            "price_fair": 7.77,
            "eps_avg_yearly": 2.59,
            "eps_latest_yearly": 1.12,
            "eps_growth_yearly": -29.08
        },
        "20091": {
            "year_quarter": 20091,
            "year": 2009,
            "quarter": 1,
            "eps": 0.09,
            "eps_growth_year": -84.48,
            "eps_4q": 1.58,
            "eps_4q_growth_year": -41.86,
            "roe": 0.69,
            "roe_4q": 14.030000000000001,
            "gross_profit": 18099,
            "gross_margin": 12.88,
            "gross_margin_4q_avg": 29.73,
            "net_income": 10302,
            "revenue": 140571,
            "common_shares": 1096007,
            "book_valuer_per_share": 13.62,
            "book_valuer_per_share_4q_avg": 13.34,
            "equity": 1492902,
            "current_ratio": 606.76,
            "debt_ratio": 5.45,
            "inventory_turnover_ratio": 107.34,
            "account_receivable_turnover_ratio": 1.04,
            "reinvestment_rate": null,
            "research_to_sale_ratio": null,
            "price_fair": 6.93,
            "eps_avg_yearly": 2.31,
            "eps_latest_yearly": 0.36,
            "eps_growth_yearly": -59.37
        },
        "20092": {
            "year_quarter": 20092,
            "year": 2009,
            "quarter": 2,
            "eps": 0.11,
            "eps_growth_year": -84.72,
            "eps_4q": 1.14,
            "eps_4q_growth_year": -58.21,
            "roe": 0.82,
            "roe_4q": 9.39,
            "gross_profit": 37333,
            "gross_margin": 22.45,
            "gross_margin_4q_avg": 24.95,
            "net_income": 11830,
            "revenue": 166328,
            "common_shares": 1096043,
            "book_valuer_per_share": 12.73,
            "book_valuer_per_share_4q_avg": 13.28,
            "equity": 1395013,
            "current_ratio": 270.1,
            "debt_ratio": 13.19,
            "inventory_turnover_ratio": 118.78,
            "account_receivable_turnover_ratio": 1.28,
            "reinvestment_rate": null,
            "research_to_sale_ratio": null,
            "price_fair": 6.31,
            "eps_avg_yearly": 2.1,
            "eps_latest_yearly": 0.44,
            "eps_growth_yearly": -42.9
        },
        "20093": {
            "year_quarter": 20093,
            "year": 2009,
            "quarter": 3,
            "eps": 0.25,
            "eps_growth_year": -66.67,
            "eps_4q": 0.71,
            "eps_4q_growth_year": -74.34,
            "roe": 1.93,
            "roe_4q": 5.48,
            "gross_profit": 54206,
            "gross_margin": 27.85,
            "gross_margin_4q_avg": 22.48,
            "net_income": 27234,
            "revenue": 194605,
            "common_shares": 1098675,
            "book_valuer_per_share": 12.97,
            "book_valuer_per_share_4q_avg": 13.21,
            "equity": 1424941,
            "current_ratio": 464.28,
            "debt_ratio": 7.45,
            "inventory_turnover_ratio": 119.54,
            "account_receivable_turnover_ratio": 1.37,
            "reinvestment_rate": null,
            "research_to_sale_ratio": null,
            "price_fair": 44.42,
            "eps_avg_yearly": 1.99,
            "eps_latest_yearly": 1,
            "eps_growth_yearly": 12.3
        },
        "20094": {
            "year_quarter": 20094,
            "year": 2009,
            "quarter": 4,
            "eps": 0.46,
            "eps_growth_year": 64.29,
            "eps_4q": 0.9,
            "eps_4q_growth_year": -59.5,
            "roe": 3.47,
            "roe_4q": 6.91,
            "gross_profit": 89098,
            "gross_margin": 37.06,
            "gross_margin_4q_avg": 25.06,
            "net_income": 50420,
            "revenue": 240433,
            "common_shares": 1103505,
            "book_valuer_per_share": 13.42,
            "book_valuer_per_share_4q_avg": 13.19,
            "equity": 1480879,
            "current_ratio": 596.86,
            "debt_ratio": 6.94,
            "inventory_turnover_ratio": 109.35,
            "account_receivable_turnover_ratio": 2.96,
            "reinvestment_rate": null,
            "research_to_sale_ratio": null,
            "price_fair": 69.24,
            "eps_avg_yearly": 1.98,
            "eps_latest_yearly": 1.84,
            "eps_growth_yearly": 41.73
        },
        "20101": {
            "year_quarter": 20101,
            "year": 2010,
            "quarter": 1,
            "eps": 0.59,
            "eps_growth_year": 555.56,
            "eps_4q": 1.38,
            "eps_4q_growth_year": -12.23,
            "roe": 4.31,
            "roe_4q": 10.53,
            "gross_profit": 101375,
            "gross_margin": 41.53,
            "gross_margin_4q_avg": 32.22,
            "net_income": 65812,
            "revenue": 244085,
            "common_shares": 1122750,
            "book_valuer_per_share": 13.99,
            "book_valuer_per_share_4q_avg": 13.28,
            "equity": 1570484,
            "current_ratio": 534.6,
            "debt_ratio": 7.87,
            "inventory_turnover_ratio": 101.57,
            "account_receivable_turnover_ratio": 1.5,
            "reinvestment_rate": null,
            "research_to_sale_ratio": 4.71,
            "price_fair": 70.35,
            "eps_avg_yearly": 2.01,
            "eps_latest_yearly": 2.36,
            "eps_growth_yearly": 47.67
        },
        "20102": {
            "year_quarter": 20102,
            "year": 2010,
            "quarter": 2,
            "eps": 0.63,
            "eps_growth_year": 468.32,
            "eps_4q": 1.9,
            "eps_4q_growth_year": 65.97,
            "roe": 4.51,
            "roe_4q": 14.22,
            "gross_profit": 110230,
            "gross_margin": 39.64,
            "gross_margin_4q_avg": 36.52,
            "net_income": 70475,
            "revenue": 278047,
            "common_shares": 1127335,
            "book_valuer_per_share": 13.82,
            "book_valuer_per_share_4q_avg": 13.55,
            "equity": 1557694,
            "current_ratio": 255.81,
            "debt_ratio": 16.8,
            "inventory_turnover_ratio": 123.94,
            "account_receivable_turnover_ratio": 1.56,
            "reinvestment_rate": null,
            "research_to_sale_ratio": 4.51,
            "price_fair": 71.72,
            "eps_avg_yearly": 2.05,
            "eps_latest_yearly": 2.52,
            "eps_growth_yearly": 46.09
        },
        "20103": {
            "year_quarter": 20103,
            "year": 2010,
            "quarter": 3,
            "eps": 0.67,
            "eps_growth_year": 169.71,
            "eps_4q": 2.33,
            "eps_4q_growth_year": 227.31,
            "roe": 4.77,
            "roe_4q": 17.06,
            "gross_profit": 120854,
            "gross_margin": 40.65,
            "gross_margin_4q_avg": 39.72,
            "net_income": 76080,
            "revenue": 297322,
            "common_shares": 1128319,
            "book_valuer_per_share": 14.49,
            "book_valuer_per_share_4q_avg": 13.93,
            "equity": 1634851,
            "current_ratio": 387.31,
            "debt_ratio": 10.23,
            "inventory_turnover_ratio": 114.7,
            "account_receivable_turnover_ratio": 1.55,
            "reinvestment_rate": null,
            "research_to_sale_ratio": 3.56,
            "price_fair": 73.3,
            "eps_avg_yearly": 2.09,
            "eps_latest_yearly": 2.68,
            "eps_growth_yearly": 44.61
        },
        "20104": {
            "year_quarter": 20104,
            "year": 2010,
            "quarter": 4,
            "eps": 0.63,
            "eps_growth_year": 36.69,
            "eps_4q": 2.51,
            "eps_4q_growth_year": 177.53,
            "roe": 4.25,
            "roe_4q": 17.84,
            "gross_profit": 122053,
            "gross_margin": 41.32,
            "gross_margin_4q_avg": 40.79,
            "net_income": 71000,
            "revenue": 295386,
            "common_shares": 1129144,
            "book_valuer_per_share": 15.11,
            "book_valuer_per_share_4q_avg": 14.35,
            "equity": 1706550,
            "current_ratio": 459.86,
            "debt_ratio": 10.12,
            "inventory_turnover_ratio": 107.83,
            "account_receivable_turnover_ratio": 1.6,
            "reinvestment_rate": 35.7,
            "research_to_sale_ratio": 3.4,
            "price_fair": 74.29,
            "eps_avg_yearly": 2.12,
            "eps_latest_yearly": 2.52,
            "eps_growth_yearly": 40.05
        },
        "20111": {
            "year_quarter": 20111,
            "year": 2011,
            "quarter": 1,
            "eps": 0.47,
            "eps_growth_year": -20.34,
            "eps_4q": 2.39,
            "eps_4q_growth_year": 72.53,
            "roe": 3.05,
            "roe_4q": 16.58,
            "gross_profit": 91623,
            "gross_margin": 34.88,
            "gross_margin_4q_avg": 39.12,
            "net_income": 52897,
            "revenue": 262655,
            "common_shares": 1133307,
            "book_valuer_per_share": 15.58,
            "book_valuer_per_share_4q_avg": 14.75,
            "equity": 1765713,
            "current_ratio": 487.38,
            "debt_ratio": 10.11,
            "inventory_turnover_ratio": 93.77,
            "account_receivable_turnover_ratio": 1.58,
            "reinvestment_rate": 36.65,
            "research_to_sale_ratio": 3.74,
            "price_fair": 73.76,
            "eps_avg_yearly": 2.11,
            "eps_latest_yearly": 1.88,
            "eps_growth_yearly": 31.19
        },
        "20112": {
            "year_quarter": 20112,
            "year": 2011,
            "quarter": 2,
            "eps": 0.49,
            "eps_growth_year": -21.66,
            "eps_4q": 2.25,
            "eps_4q_growth_year": 18.76,
            "roe": 3.26,
            "roe_4q": 15.329999999999998,
            "gross_profit": 95897,
            "gross_margin": 35.9,
            "gross_margin_4q_avg": 38.19,
            "net_income": 55520,
            "revenue": 267112,
            "common_shares": 1133624,
            "book_valuer_per_share": 14.49,
            "book_valuer_per_share_4q_avg": 14.92,
            "equity": 1642768,
            "current_ratio": 289.37,
            "debt_ratio": 17.27,
            "inventory_turnover_ratio": 83.13,
            "account_receivable_turnover_ratio": 1.59,
            "reinvestment_rate": 39.57,
            "research_to_sale_ratio": 4.16,
            "price_fair": 71.84,
            "eps_avg_yearly": 2.05,
            "eps_latest_yearly": 1.96,
            "eps_growth_yearly": 32.61
        },
        "20113": {
            "year_quarter": 20113,
            "year": 2011,
            "quarter": 3,
            "eps": 0.38,
            "eps_growth_year": -43.97,
            "eps_4q": 1.96,
            "eps_4q_growth_year": -15.84,
            "roe": 2.57,
            "roe_4q": 13.129999999999999,
            "gross_profit": 83229,
            "gross_margin": 32.28,
            "gross_margin_4q_avg": 36.1,
            "net_income": 42834,
            "revenue": 257833,
            "common_shares": 1133854,
            "book_valuer_per_share": 14.86,
            "book_valuer_per_share_4q_avg": 15.01,
            "equity": 1684406,
            "current_ratio": 476.63,
            "debt_ratio": 10.3,
            "inventory_turnover_ratio": 85.95,
            "account_receivable_turnover_ratio": 1.5,
            "reinvestment_rate": 28.76,
            "research_to_sale_ratio": 4.17,
            "price_fair": 69.04,
            "eps_avg_yearly": 1.97,
            "eps_latest_yearly": 1.52,
            "eps_growth_yearly": 27.34
        },
        "20114": {
            "year_quarter": 20114,
            "year": 2011,
            "quarter": 4,
            "eps": 0.23,
            "eps_growth_year": -63.75,
            "eps_4q": 1.58,
            "eps_4q_growth_year": -37.13,
            "roe": 1.51,
            "roe_4q": 10.39,
            "gross_profit": 73654,
            "gross_margin": 29.89,
            "gross_margin_4q_avg": 33.24,
            "net_income": 25541,
            "revenue": 246401,
            "common_shares": 1131984,
            "book_valuer_per_share": 15.14,
            "book_valuer_per_share_4q_avg": 15.02,
            "equity": 1696231,
            "current_ratio": 404.1,
            "debt_ratio": 12.06,
            "inventory_turnover_ratio": 79.94,
            "account_receivable_turnover_ratio": 1.69,
            "reinvestment_rate": 24.94,
            "research_to_sale_ratio": 5.55,
            "price_fair": 44.46,
            "eps_avg_yearly": 1.83,
            "eps_latest_yearly": 0.92,
            "eps_growth_yearly": 14.26
        },
        "20121": {
            "year_quarter": 20121,
            "year": 2012,
            "quarter": 1,
            "eps": 0.37,
            "eps_growth_year": -21.28,
            "eps_4q": 1.48,
            "eps_4q_growth_year": -38.12,
            "roe": 2.39,
            "roe_4q": 9.73,
            "gross_profit": 88218,
            "gross_margin": 34.82,
            "gross_margin_4q_avg": 33.22,
            "net_income": 41035,
            "revenue": 253333,
            "common_shares": 1116817,
            "book_valuer_per_share": 15.53,
            "book_valuer_per_share_4q_avg": 15.01,
            "equity": 1734153,
            "current_ratio": 503.56,
            "debt_ratio": 9.88,
            "inventory_turnover_ratio": 74.9,
            "account_receivable_turnover_ratio": 1.74,
            "reinvestment_rate": 24.14,
            "research_to_sale_ratio": 4.67,
            "price_fair": 62.3,
            "eps_avg_yearly": 1.78,
            "eps_latest_yearly": 1.48,
            "eps_growth_yearly": 36.13
        },
        "20122": {
            "year_quarter": 20122,
            "year": 2012,
            "quarter": 2,
            "eps": 0.42,
            "eps_growth_year": -14.8,
            "eps_4q": 1.35,
            "eps_4q_growth_year": -40.14,
            "roe": 2.85,
            "roe_4q": 9.32,
            "gross_profit": 101689,
            "gross_margin": 36.13,
            "gross_margin_4q_avg": 33.28,
            "net_income": 49001,
            "revenue": 281482,
            "common_shares": 1118562,
            "book_valuer_per_share": 15.28,
            "book_valuer_per_share_4q_avg": 15.2,
            "equity": 1709509,
            "current_ratio": 354.12,
            "debt_ratio": 13.75,
            "inventory_turnover_ratio": 79.82,
            "account_receivable_turnover_ratio": 1.71,
            "reinvestment_rate": 20.89,
            "research_to_sale_ratio": 4.38,
            "price_fair": 59.68,
            "eps_avg_yearly": 1.71,
            "eps_latest_yearly": 1.68,
            "eps_growth_yearly": 33.47
        },
        "20123": {
            "year_quarter": 20123,
            "year": 2012,
            "quarter": 3,
            "eps": 0.26,
            "eps_growth_year": -30.17,
            "eps_4q": 1.25,
            "eps_4q_growth_year": -36.33,
            "roe": 1.79,
            "roe_4q": 8.540000000000001,
            "gross_profit": 74712,
            "gross_margin": 29.83,
            "gross_margin_4q_avg": 32.67,
            "net_income": 30978,
            "revenue": 250459,
            "common_shares": 1174268,
            "book_valuer_per_share": 14.84,
            "book_valuer_per_share_4q_avg": 15.2,
            "equity": 1742337,
            "current_ratio": 539.39,
            "debt_ratio": 9.12,
            "inventory_turnover_ratio": 74.05,
            "account_receivable_turnover_ratio": 1.56,
            "reinvestment_rate": -1.51,
            "research_to_sale_ratio": 4.63,
            "price_fair": 52.07,
            "eps_avg_yearly": 1.58,
            "eps_latest_yearly": 1.04,
            "eps_growth_yearly": 22.9
        },
        "20124": {
            "year_quarter": 20124,
            "year": 2012,
            "quarter": 4,
            "eps": 0.26,
            "eps_growth_year": 13.44,
            "eps_4q": 1.29,
            "eps_4q_growth_year": -18.53,
            "roe": 1.73,
            "roe_4q": 8.76,
            "gross_profit": 77802,
            "gross_margin": 30.02,
            "gross_margin_4q_avg": 32.7,
            "net_income": 30474,
            "revenue": 259169,
            "common_shares": 1178618,
            "book_valuer_per_share": 15.11,
            "book_valuer_per_share_4q_avg": 15.19,
            "equity": 1780627,
            "current_ratio": 590.78,
            "debt_ratio": 8.94,
            "inventory_turnover_ratio": 72.36,
            "account_receivable_turnover_ratio": 1.59,
            "reinvestment_rate": -11.18,
            "research_to_sale_ratio": 4.4,
            "price_fair": 55.21,
            "eps_avg_yearly": 1.58,
            "eps_latest_yearly": 1.04,
            "eps_growth_yearly": 38.57
        },
        "20131": {
            "year_quarter": 20131,
            "year": 2013,
            "quarter": 1,
            "eps": 0.22,
            "eps_growth_year": -40.54,
            "eps_4q": 1.16,
            "eps_4q_growth_year": -21.62,
            "roe": 1.45,
            "roe_4q": 7.82,
            "gross_profit": 65459,
            "gross_margin": 26.61,
            "gross_margin_4q_avg": 30.65,
            "net_income": 26006,
            "revenue": 246031,
            "common_shares": 1178845,
            "book_valuer_per_share": 15.27,
            "book_valuer_per_share_4q_avg": 15.13,
            "equity": 1800333,
            "current_ratio": 584.84,
            "debt_ratio": 8.87,
            "inventory_turnover_ratio": 65.85,
            "account_receivable_turnover_ratio": 1.39,
            "reinvestment_rate": -1.41,
            "research_to_sale_ratio": 4.45,
            "price_fair": 56.35,
            "eps_avg_yearly": 1.61,
            "eps_latest_yearly": 0.88,
            "eps_growth_yearly": 51.69
        },
        "20132": {
            "year_quarter": 20132,
            "year": 2013,
            "quarter": 2,
            "eps": 0.41,
            "eps_growth_year": -1.75,
            "eps_4q": 1.16,
            "eps_4q_growth_year": -14.37,
            "roe": 2.77,
            "roe_4q": 7.739999999999999,
            "gross_profit": 96306,
            "gross_margin": 33.2,
            "gross_margin_4q_avg": 29.92,
            "net_income": 48748,
            "revenue": 290074,
            "common_shares": 1179085,
            "book_valuer_per_share": 14.59,
            "book_valuer_per_share_4q_avg": 14.95,
            "equity": 1720139,
            "current_ratio": 368.51,
            "debt_ratio": 14.79,
            "inventory_turnover_ratio": 70.41,
            "account_receivable_turnover_ratio": 1.5,
            "reinvestment_rate": -4.55,
            "research_to_sale_ratio": 3.73,
            "price_fair": 58.98,
            "eps_avg_yearly": 1.69,
            "eps_latest_yearly": 1.64,
            "eps_growth_yearly": 67.72
        },
        "20133": {
            "year_quarter": 20133,
            "year": 2013,
            "quarter": 3,
            "eps": 0.34,
            "eps_growth_year": 28.88,
            "eps_4q": 1.24,
            "eps_4q_growth_year": -0.97,
            "roe": 2.33,
            "roe_4q": 8.28,
            "gross_profit": 86728,
            "gross_margin": 30.63,
            "gross_margin_4q_avg": 30.12,
            "net_income": 40503,
            "revenue": 283152,
            "common_shares": 1179085,
            "book_valuer_per_share": 14.93,
            "book_valuer_per_share_4q_avg": 14.98,
            "equity": 1760429,
            "current_ratio": 576.28,
            "debt_ratio": 9.71,
            "inventory_turnover_ratio": 70.62,
            "account_receivable_turnover_ratio": 1.41,
            "reinvestment_rate": -6.1,
            "research_to_sale_ratio": 4.04,
            "price_fair": 59.76,
            "eps_avg_yearly": 1.71,
            "eps_latest_yearly": 1.36,
            "eps_growth_yearly": 31.64
        },
        "20134": {
            "year_quarter": 20134,
            "year": 2013,
            "quarter": 4,
            "eps": 0.07,
            "eps_growth_year": -71.14,
            "eps_4q": 1.05,
            "eps_4q_growth_year": -18.18,
            "roe": 0.5,
            "roe_4q": 7.05,
            "gross_profit": 52985,
            "gross_margin": 20.76,
            "gross_margin_4q_avg": 27.8,
            "net_income": 8802,
            "revenue": 255242,
            "common_shares": 1179685,
            "book_valuer_per_share": 15,
            "book_valuer_per_share_4q_avg": 14.95,
            "equity": 1769822,
            "current_ratio": 765.5,
            "debt_ratio": 7.58,
            "inventory_turnover_ratio": 66.61,
            "account_receivable_turnover_ratio": 1.45,
            "reinvestment_rate": -3.04,
            "research_to_sale_ratio": 3.04,
            "price_fair": 4.83,
            "eps_avg_yearly": 1.61,
            "eps_latest_yearly": 0.28,
            "eps_growth_yearly": -9.22
        },
        "20141": {
            "year_quarter": 20141,
            "year": 2014,
            "quarter": 1,
            "eps": 0.14,
            "eps_growth_year": -36.36,
            "eps_4q": 0.97,
            "eps_4q_growth_year": -16.38,
            "roe": 0.91,
            "roe_4q": 6.51,
            "gross_profit": 51090,
            "gross_margin": 21.52,
            "gross_margin_4q_avg": 26.53,
            "net_income": 16244,
            "revenue": 237425,
            "common_shares": 1180810,
            "book_valuer_per_share": 15.14,
            "book_valuer_per_share_4q_avg": 14.92,
            "equity": 1787266,
            "current_ratio": 764.57,
            "debt_ratio": 7.8,
            "inventory_turnover_ratio": 61.42,
            "account_receivable_turnover_ratio": 1.42,
            "reinvestment_rate": -13.32,
            "research_to_sale_ratio": 4.41,
            "price_fair": 28.03,
            "eps_avg_yearly": 1.5,
            "eps_latest_yearly": 0.56,
            "eps_growth_yearly": 8.72
        },
        "20142": {
            "year_quarter": 20142,
            "year": 2014,
            "quarter": 2,
            "eps": 0.3,
            "eps_growth_year": -26.83,
            "eps_4q": 0.86,
            "eps_4q_growth_year": -25.8,
            "roe": 2.05,
            "roe_4q": 5.79,
            "gross_profit": 83645,
            "gross_margin": 28.47,
            "gross_margin_4q_avg": 25.35,
            "net_income": 35806,
            "revenue": 293774,
            "common_shares": 1182420,
            "book_valuer_per_share": 14.44,
            "book_valuer_per_share_4q_avg": 14.88,
            "equity": 1707743,
            "current_ratio": 308.75,
            "debt_ratio": 17.63,
            "inventory_turnover_ratio": 67.28,
            "account_receivable_turnover_ratio": 1.5,
            "reinvestment_rate": -7.12,
            "research_to_sale_ratio": 4.39,
            "price_fair": 49.53,
            "eps_avg_yearly": 1.42,
            "eps_latest_yearly": 1.2,
            "eps_growth_yearly": 35.6
        },
        "20143": {
            "year_quarter": 20143,
            "year": 2014,
            "quarter": 3,
            "eps": 0.62,
            "eps_growth_year": 82.35,
            "eps_4q": 1.13,
            "eps_4q_growth_year": -8.37,
            "roe": 4.2,
            "roe_4q": 7.66,
            "gross_profit": 134689,
            "gross_margin": 33.72,
            "gross_margin_4q_avg": 26.12,
            "net_income": 73293,
            "revenue": 399397,
            "common_shares": 1184520,
            "book_valuer_per_share": 15.05,
            "book_valuer_per_share_4q_avg": 14.91,
            "equity": 1783118,
            "current_ratio": 329.02,
            "debt_ratio": 13.59,
            "inventory_turnover_ratio": 77.01,
            "account_receivable_turnover_ratio": 1.62,
            "reinvestment_rate": 19.18,
            "research_to_sale_ratio": 4.18,
            "price_fair": 49.09,
            "eps_avg_yearly": 1.4,
            "eps_latest_yearly": 2.48,
            "eps_growth_yearly": 60.67
        },
        "20144": {
            "year_quarter": 20144,
            "year": 2014,
            "quarter": 4,
            "eps": 0.67,
            "eps_growth_year": 804.12,
            "eps_4q": 1.73,
            "eps_4q_growth_year": 64.54,
            "roe": 4.39,
            "roe_4q": 11.55,
            "gross_profit": 135921,
            "gross_margin": 34.01,
            "gross_margin_4q_avg": 29.43,
            "net_income": 80089,
            "revenue": 399696,
            "common_shares": 1187218,
            "book_valuer_per_share": 15.71,
            "book_valuer_per_share_4q_avg": 15.09,
            "equity": 1865460,
            "current_ratio": 445.32,
            "debt_ratio": 10.95,
            "inventory_turnover_ratio": 73.4,
            "account_receivable_turnover_ratio": 1.43,
            "reinvestment_rate": 20.49,
            "research_to_sale_ratio": 3.12,
            "price_fair": 49.44,
            "eps_avg_yearly": 1.41,
            "eps_latest_yearly": 2.68,
            "eps_growth_yearly": 64.18
        },
        "20151": {
            "year_quarter": 20151,
            "year": 2015,
            "quarter": 1,
            "eps": 0.42,
            "eps_growth_year": 200,
            "eps_4q": 2.01,
            "eps_4q_growth_year": 107.68,
            "roe": 2.64,
            "roe_4q": 13.280000000000001,
            "gross_profit": 101239,
            "gross_margin": 29.98,
            "gross_margin_4q_avg": 31.55,
            "net_income": 49964,
            "revenue": 337636,
            "common_shares": 1189690,
            "book_valuer_per_share": 16.13,
            "book_valuer_per_share_4q_avg": 15.33,
            "equity": 1919263,
            "current_ratio": 457.88,
            "debt_ratio": 10.96,
            "inventory_turnover_ratio": 61.73,
            "account_receivable_turnover_ratio": 1.3,
            "reinvestment_rate": 23.24,
            "research_to_sale_ratio": 3.98,
            "price_fair": 49,
            "eps_avg_yearly": 1.4,
            "eps_latest_yearly": 1.68,
            "eps_growth_yearly": 61.2
        },
        "20152": {
            "year_quarter": 20152,
            "year": 2015,
            "quarter": 2,
            "eps": 0.58,
            "eps_growth_year": 93.33,
            "eps_4q": 2.28,
            "eps_4q_growth_year": 166.08,
            "roe": 3.64,
            "roe_4q": 14.870000000000001,
            "gross_profit": 128226,
            "gross_margin": 34.36,
            "gross_margin_4q_avg": 33.02,
            "net_income": 68658,
            "revenue": 373238,
            "common_shares": 1192580,
            "book_valuer_per_share": 15.51,
            "book_valuer_per_share_4q_avg": 15.6,
            "equity": 1849646,
            "current_ratio": 258.37,
            "debt_ratio": 18.07,
            "inventory_turnover_ratio": 65.44,
            "account_receivable_turnover_ratio": 1.49,
            "reinvestment_rate": 39.94,
            "research_to_sale_ratio": 3.68,
            "price_fair": 49.79,
            "eps_avg_yearly": 1.42,
            "eps_latest_yearly": 2.32,
            "eps_growth_yearly": 69.66
        },
        "20153": {
            "year_quarter": 20153,
            "year": 2015,
            "quarter": 3,
            "eps": 0.65,
            "eps_growth_year": 4.84,
            "eps_4q": 2.32,
            "eps_4q_growth_year": 104.58,
            "roe": 4.12,
            "roe_4q": 14.79,
            "gross_profit": 143394,
            "gross_margin": 34.86,
            "gross_margin_4q_avg": 33.3,
            "net_income": 77905,
            "revenue": 411370,
            "common_shares": 1193950,
            "book_valuer_per_share": 16.16,
            "book_valuer_per_share_4q_avg": 15.88,
            "equity": 1929459,
            "current_ratio": 406.17,
            "debt_ratio": 11.93,
            "inventory_turnover_ratio": 80.76,
            "account_receivable_turnover_ratio": 1.43,
            "reinvestment_rate": 33.62,
            "research_to_sale_ratio": 4.19,
            "price_fair": 52.15,
            "eps_avg_yearly": 1.49,
            "eps_latest_yearly": 2.6,
            "eps_growth_yearly": 78.29
        },
        "20154": {
            "year_quarter": 20154,
            "year": 2015,
            "quarter": 4,
            "eps": 0.56,
            "eps_growth_year": -17.2,
            "eps_4q": 2.2,
            "eps_4q_growth_year": 27.2,
            "roe": 3.4,
            "roe_4q": 13.8,
            "gross_profit": 129700,
            "gross_margin": 32.16,
            "gross_margin_4q_avg": 32.84,
            "net_income": 66830,
            "revenue": 403263,
            "common_shares": 1196478,
            "book_valuer_per_share": 16.71,
            "book_valuer_per_share_4q_avg": 16.13,
            "equity": 1999072,
            "current_ratio": 456.72,
            "debt_ratio": 11.5,
            "inventory_turnover_ratio": 85.72,
            "account_receivable_turnover_ratio": 1.47,
            "reinvestment_rate": 20.12,
            "research_to_sale_ratio": 4.19,
            "price_fair": 55.04,
            "eps_avg_yearly": 1.57,
            "eps_latest_yearly": 2.24,
            "eps_growth_yearly": 84.7
        },
        "20161": {
            "year_quarter": 20161,
            "year": 2016,
            "quarter": 1,
            "eps": 0.32,
            "eps_growth_year": -23.81,
            "eps_4q": 2.08,
            "eps_4q_growth_year": 3.7,
            "roe": 1.87,
            "roe_4q": 13.030000000000001,
            "gross_profit": 82874,
            "gross_margin": 24.23,
            "gross_margin_4q_avg": 31.4,
            "net_income": 37820,
            "revenue": 342093,
            "common_shares": 1205110,
            "book_valuer_per_share": 17,
            "book_valuer_per_share_4q_avg": 16.35,
            "equity": 2048641,
            "current_ratio": 468.68,
            "debt_ratio": 11.51,
            "inventory_turnover_ratio": 76.48,
            "account_receivable_turnover_ratio": 1.52,
            "reinvestment_rate": 18.27,
            "research_to_sale_ratio": 4.11,
            "price_fair": 54.6,
            "eps_avg_yearly": 1.56,
            "eps_latest_yearly": 1.28,
            "eps_growth_yearly": 58.77
        },
        "20162": {
            "year_quarter": 20162,
            "year": 2016,
            "quarter": 2,
            "eps": 0.59,
            "eps_growth_year": 1.72,
            "eps_4q": 2.11,
            "eps_4q_growth_year": -7.61,
            "roe": 3.57,
            "roe_4q": 12.96,
            "gross_profit": 132235,
            "gross_margin": 32.89,
            "gross_margin_4q_avg": 31.04,
            "net_income": 71524,
            "revenue": 402096,
            "common_shares": 1205805,
            "book_valuer_per_share": 16.2,
            "book_valuer_per_share_4q_avg": 16.52,
            "equity": 1953046,
            "current_ratio": 255.97,
            "debt_ratio": 19.24,
            "inventory_turnover_ratio": 74.76,
            "account_receivable_turnover_ratio": 1.67,
            "reinvestment_rate": 30.38,
            "research_to_sale_ratio": 4.48,
            "price_fair": 56.09,
            "eps_avg_yearly": 1.6,
            "eps_latest_yearly": 2.36,
            "eps_growth_yearly": 76.48
        },
        "20163": {
            "year_quarter": 20163,
            "year": 2016,
            "quarter": 3,
            "eps": 0.47,
            "eps_growth_year": -27.69,
            "eps_4q": 1.93,
            "eps_4q_growth_year": -16.85,
            "roe": 2.83,
            "roe_4q": 11.67,
            "gross_profit": 108886,
            "gross_margin": 27.4,
            "gross_margin_4q_avg": 29.17,
            "net_income": 56114,
            "revenue": 397342,
            "common_shares": 1205805,
            "book_valuer_per_share": 16.66,
            "book_valuer_per_share_4q_avg": 16.64,
            "equity": 2009160,
            "current_ratio": 390.85,
            "debt_ratio": 12.07,
            "inventory_turnover_ratio": 78.33,
            "account_receivable_turnover_ratio": 1.45,
            "reinvestment_rate": 31.65,
            "research_to_sale_ratio": 3.85,
            "price_fair": 57.93,
            "eps_avg_yearly": 1.66,
            "eps_latest_yearly": 1.88,
            "eps_growth_yearly": 80.92
        },
        "20164": {
            "year_quarter": 20164,
            "year": 2016,
            "quarter": 4,
            "eps": 0.2,
            "eps_growth_year": -64.38,
            "eps_4q": 1.57,
            "eps_4q_growth_year": -28.62,
            "roe": 1.19,
            "roe_4q": 9.46,
            "gross_profit": 74486,
            "gross_margin": 20.42,
            "gross_margin_4q_avg": 26.24,
            "net_income": 23992,
            "revenue": 364770,
            "common_shares": 1205805,
            "book_valuer_per_share": 16.85,
            "book_valuer_per_share_4q_avg": 16.68,
            "equity": 2032264,
            "current_ratio": 540.58,
            "debt_ratio": 9.78,
            "inventory_turnover_ratio": 80.42,
            "account_receivable_turnover_ratio": 1.35,
            "reinvestment_rate": 22.7,
            "research_to_sale_ratio": 4.5,
            "price_fair": 57.4,
            "eps_avg_yearly": 1.64,
            "eps_latest_yearly": 0.8,
            "eps_growth_yearly": 66.56
        },
        "20171": {
            "year_quarter": 20171,
            "year": 2017,
            "quarter": 1,
            "eps": 0.02,
            "eps_growth_year": -93.75,
            "eps_4q": 1.28,
            "eps_4q_growth_year": -38.51,
            "roe": 0.14,
            "roe_4q": 7.73,
            "gross_profit": 39684,
            "gross_margin": 13.57,
            "gross_margin_4q_avg": 23.57,
            "net_income": 2936,
            "revenue": 292538,
            "common_shares": 1205805,
            "book_valuer_per_share": 16.88,
            "book_valuer_per_share_4q_avg": 16.65,
            "equity": 2035200,
            "current_ratio": 580.46,
            "debt_ratio": 9.26,
            "inventory_turnover_ratio": 70.49,
            "account_receivable_turnover_ratio": 1.3,
            "reinvestment_rate": 18.73,
            "research_to_sale_ratio": 4.37,
            "price_fair": 55.65,
            "eps_avg_yearly": 1.59,
            "eps_latest_yearly": 0.08,
            "eps_growth_yearly": 47.91
        },
        "20172": {
            "year_quarter": 20172,
            "year": 2017,
            "quarter": 2,
            "eps": -0.1,
            "eps_growth_year": -116.95,
            "eps_4q": 0.58,
            "eps_4q_growth_year": -72.43,
            "roe": -0.64,
            "roe_4q": 3.52,
            "gross_profit": 43884,
            "gross_margin": 14.41,
            "gross_margin_4q_avg": 18.95,
            "net_income": -13004,
            "revenue": 304553,
            "common_shares": 1205805,
            "book_valuer_per_share": 16.77,
            "book_valuer_per_share_4q_avg": 16.79,
            "equity": 2022196,
            "current_ratio": 527.16,
            "debt_ratio": 10.2,
            "inventory_turnover_ratio": 78.49,
            "account_receivable_turnover_ratio": 1.6,
            "reinvestment_rate": 26.58,
            "research_to_sale_ratio": 4.63,
            "price_fair": 55.53,
            "eps_avg_yearly": 1.59,
            "eps_latest_yearly": 0.08,
            "eps_growth_yearly": 28.07
        }
    },
    "months": {
        "2007-05": {
            "month": "2007-05",
            "price": "47.61",
            "revenue": 56822
        },
        "2007-06": {
            "month": "2007-06",
            "price": "55.43",
            "revenue": 52477
        },
        "2007-07": {
            "month": "2007-07",
            "price": "51.62",
            "revenue": 57216
        },
        "2007-08": {
            "month": "2007-08",
            "price": "41.43",
            "revenue": 58095
        },
        "2007-09": {
            "month": "2007-09",
            "price": "36.24",
            "revenue": 67254
        },
        "2007-10": {
            "month": "2007-10",
            "price": "33.94",
            "revenue": 67342
        },
        "2007-11": {
            "month": "2007-11",
            "price": "27.24",
            "revenue": 64927
        },
        "2007-12": {
            "month": "2007-12",
            "price": "25.07",
            "revenue": 74896
        },
        "2008-01": {
            "month": "2008-01",
            "price": "24.04",
            "revenue": 66365
        },
        "2008-02": {
            "month": "2008-02",
            "price": "23.53",
            "revenue": 62693
        },
        "2008-03": {
            "month": "2008-03",
            "price": "27.59",
            "revenue": 75841
        },
        "2008-04": {
            "month": "2008-04",
            "price": "30.34",
            "revenue": 75030
        },
        "2008-05": {
            "month": "2008-05",
            "price": "32.93",
            "revenue": 75885
        },
        "2008-06": {
            "month": "2008-06",
            "price": "30.44",
            "revenue": 75194
        },
        "2008-07": {
            "month": "2008-07",
            "price": "27.17",
            "revenue": 71945
        },
        "2008-08": {
            "month": "2008-08",
            "price": "24.04",
            "revenue": 72079
        },
        "2008-09": {
            "month": "2008-09",
            "price": "18.44",
            "revenue": 81050
        },
        "2008-10": {
            "month": "2008-10",
            "price": "14.28",
            "revenue": 82492
        },
        "2008-11": {
            "month": "2008-11",
            "price": "13.26",
            "revenue": 71801
        },
        "2008-12": {
            "month": "2008-12",
            "price": "11.51",
            "revenue": 51881
        },
        "2009-01": {
            "month": "2009-01",
            "price": "11.62",
            "revenue": 40200
        },
        "2009-02": {
            "month": "2009-02",
            "price": "11.03",
            "revenue": 45762
        },
        "2009-03": {
            "month": "2009-03",
            "price": "12.90",
            "revenue": 54609
        },
        "2009-04": {
            "month": "2009-04",
            "price": "14.42",
            "revenue": 54816
        },
        "2009-05": {
            "month": "2009-05",
            "price": "14.39",
            "revenue": 55007
        },
        "2009-06": {
            "month": "2009-06",
            "price": "13.55",
            "revenue": 56505
        },
        "2009-07": {
            "month": "2009-07",
            "price": "14.00",
            "revenue": 58305
        },
        "2009-08": {
            "month": "2009-08",
            "price": "15.07",
            "revenue": 64968
        },
        "2009-09": {
            "month": "2009-09",
            "price": "16.21",
            "revenue": 71332
        },
        "2009-10": {
            "month": "2009-10",
            "price": "18.15",
            "revenue": 74474
        },
        "2009-11": {
            "month": "2009-11",
            "price": "17.23",
            "revenue": 79569
        },
        "2009-12": {
            "month": "2009-12",
            "price": "20.46",
            "revenue": 86390
        },
        "2010-01": {
            "month": "2010-01",
            "price": "21.50",
            "revenue": 81334
        },
        "2010-02": {
            "month": "2010-02",
            "price": "18.24",
            "revenue": 78314
        },
        "2010-03": {
            "month": "2010-03",
            "price": "21.09",
            "revenue": 84437
        },
        "2010-04": {
            "month": "2010-04",
            "price": "23.07",
            "revenue": 87056
        },
        "2010-05": {
            "month": "2010-05",
            "price": "23.64",
            "revenue": 89351
        },
        "2010-06": {
            "month": "2010-06",
            "price": "23.87",
            "revenue": 101640
        },
        "2010-07": {
            "month": "2010-07",
            "price": "24.54",
            "revenue": 101736
        },
        "2010-08": {
            "month": "2010-08",
            "price": "23.93",
            "revenue": 97011
        },
        "2010-09": {
            "month": "2010-09",
            "price": "22.77",
            "revenue": 98575
        },
        "2010-10": {
            "month": "2010-10",
            "price": "22.76",
            "revenue": 98978
        },
        "2010-11": {
            "month": "2010-11",
            "price": "21.13",
            "revenue": 97629
        },
        "2010-12": {
            "month": "2010-12",
            "price": "22.52",
            "revenue": 98779
        },
        "2011-01": {
            "month": "2011-01",
            "price": "22.83",
            "revenue": 94917
        },
        "2011-02": {
            "month": "2011-02",
            "price": "21.80",
            "revenue": 80390
        },
        "2011-03": {
            "month": "2011-03",
            "price": "20.61",
            "revenue": 87348
        },
        "2011-04": {
            "month": "2011-04",
            "price": "20.84",
            "revenue": 84966
        },
        "2011-05": {
            "month": "2011-05",
            "price": "20.50",
            "revenue": 92336
        },
        "2011-06": {
            "month": "2011-06",
            "price": "20.01",
            "revenue": 89810
        },
        "2011-07": {
            "month": "2011-07",
            "price": "17.71",
            "revenue": 85768
        },
        "2011-08": {
            "month": "2011-08",
            "price": "14.91",
            "revenue": 87559
        },
        "2011-09": {
            "month": "2011-09",
            "price": "15.27",
            "revenue": 84506
        },
        "2011-10": {
            "month": "2011-10",
            "price": "14.94",
            "revenue": 87269
        },
        "2011-11": {
            "month": "2011-11",
            "price": "14.37",
            "revenue": 83375
        },
        "2011-12": {
            "month": "2011-12",
            "price": "13.50",
            "revenue": 75757
        },
        "2012-01": {
            "month": "2012-01",
            "price": "14.27",
            "revenue": 75901
        },
        "2012-02": {
            "month": "2012-02",
            "price": "19.18",
            "revenue": 82922
        },
        "2012-03": {
            "month": "2012-03",
            "price": "22.23",
            "revenue": 94510
        },
        "2012-04": {
            "month": "2012-04",
            "price": "20.41",
            "revenue": 92885
        },
        "2012-05": {
            "month": "2012-05",
            "price": "20.55",
            "revenue": 95113
        },
        "2012-06": {
            "month": "2012-06",
            "price": "19.31",
            "revenue": 93484
        },
        "2012-07": {
            "month": "2012-07",
            "price": "19.67",
            "revenue": 86190
        },
        "2012-08": {
            "month": "2012-08",
            "price": "19.85",
            "revenue": 80811
        },
        "2012-09": {
            "month": "2012-09",
            "price": "19.35",
            "revenue": 83458
        },
        "2012-10": {
            "month": "2012-10",
            "price": "16.58",
            "revenue": 84296
        },
        "2012-11": {
            "month": "2012-11",
            "price": "15.34",
            "revenue": 85872
        },
        "2012-12": {
            "month": "2012-12",
            "price": "16.10",
            "revenue": 89001
        },
        "2013-01": {
            "month": "2013-01",
            "price": "17.34",
            "revenue": 84209
        },
        "2013-02": {
            "month": "2013-02",
            "price": "17.34",
            "revenue": 78320
        },
        "2013-03": {
            "month": "2013-03",
            "price": "17.06",
            "revenue": 83502
        },
        "2013-04": {
            "month": "2013-04",
            "price": "16.88",
            "revenue": 91482
        },
        "2013-05": {
            "month": "2013-05",
            "price": "17.40",
            "revenue": 103581
        },
        "2013-06": {
            "month": "2013-06",
            "price": "17.01",
            "revenue": 95011
        },
        "2013-07": {
            "month": "2013-07",
            "price": "17.01",
            "revenue": 97831
        },
        "2013-08": {
            "month": "2013-08",
            "price": "15.95",
            "revenue": 92763
        },
        "2013-09": {
            "month": "2013-09",
            "price": "16.24",
            "revenue": 92558
        },
        "2013-10": {
            "month": "2013-10",
            "price": "16.01",
            "revenue": 92082
        },
        "2013-11": {
            "month": "2013-11",
            "price": "15.64",
            "revenue": 80415
        },
        "2013-12": {
            "month": "2013-12",
            "price": "16.02",
            "revenue": 82745
        },
        "2014-01": {
            "month": "2014-01",
            "price": "17.00",
            "revenue": 76248
        },
        "2014-02": {
            "month": "2014-02",
            "price": "17.50",
            "revenue": 77173
        },
        "2014-03": {
            "month": "2014-03",
            "price": "17.71",
            "revenue": 84004
        },
        "2014-04": {
            "month": "2014-04",
            "price": "17.75",
            "revenue": 88793
        },
        "2014-05": {
            "month": "2014-05",
            "price": "17.45",
            "revenue": 94477
        },
        "2014-06": {
            "month": "2014-06",
            "price": "18.52",
            "revenue": 110504
        },
        "2014-07": {
            "month": "2014-07",
            "price": "18.32",
            "revenue": 130096
        },
        "2014-08": {
            "month": "2014-08",
            "price": "17.89",
            "revenue": 132460
        },
        "2014-09": {
            "month": "2014-09",
            "price": "19.19",
            "revenue": 136841
        },
        "2014-10": {
            "month": "2014-10",
            "price": "19.11",
            "revenue": 137479
        },
        "2014-11": {
            "month": "2014-11",
            "price": "19.54",
            "revenue": 133128
        },
        "2014-12": {
            "month": "2014-12",
            "price": "20.82",
            "revenue": 129089
        },
        "2015-01": {
            "month": "2015-01",
            "price": "21.22",
            "revenue": 118686
        },
        "2015-02": {
            "month": "2015-02",
            "price": "20.50",
            "revenue": 105286
        },
        "2015-03": {
            "month": "2015-03",
            "price": "22.00",
            "revenue": 113664
        },
        "2015-04": {
            "month": "2015-04",
            "price": "23.15",
            "revenue": 114610
        },
        "2015-05": {
            "month": "2015-05",
            "price": "22.22",
            "revenue": 121768
        },
        "2015-06": {
            "month": "2015-06",
            "price": "21.68",
            "revenue": 136860
        },
        "2015-07": {
            "month": "2015-07",
            "price": "20.10",
            "revenue": 137655
        },
        "2015-08": {
            "month": "2015-08",
            "price": "17.65",
            "revenue": 133226
        },
        "2015-09": {
            "month": "2015-09",
            "price": "18.62",
            "revenue": 140489
        },
        "2015-10": {
            "month": "2015-10",
            "price": "20.53",
            "revenue": 139086
        },
        "2015-11": {
            "month": "2015-11",
            "price": "21.46",
            "revenue": 134170
        },
        "2015-12": {
            "month": "2015-12",
            "price": "20.58",
            "revenue": 130007
        },
        "2016-01": {
            "month": "2016-01",
            "price": "18.70",
            "revenue": 110454
        },
        "2016-02": {
            "month": "2016-02",
            "price": "19.28",
            "revenue": 106289
        },
        "2016-03": {
            "month": "2016-03",
            "price": "20.66",
            "revenue": 125350
        },
        "2016-04": {
            "month": "2016-04",
            "price": "19.85",
            "revenue": 127032
        },
        "2016-05": {
            "month": "2016-05",
            "price": "18.30",
            "revenue": 136516
        },
        "2016-06": {
            "month": "2016-06",
            "price": "18.54",
            "revenue": 138548
        },
        "2016-07": {
            "month": "2016-07",
            "price": "20.42",
            "revenue": 134431
        },
        "2016-08": {
            "month": "2016-08",
            "price": "23.66",
            "revenue": 131125
        },
        "2016-09": {
            "month": "2016-09",
            "price": "23.39",
            "revenue": 131786
        },
        "2016-10": {
            "month": "2016-10",
            "price": "23.18",
            "revenue": 120057
        },
        "2016-11": {
            "month": "2016-11",
            "price": "23.24",
            "revenue": 123073
        },
        "2016-12": {
            "month": "2016-12",
            "price": "23.45",
            "revenue": 121640
        },
        "2017-01": {
            "month": "2017-01",
            "price": "23.42",
            "revenue": 98457
        },
        "2017-02": {
            "month": "2017-02",
            "price": "23.49",
            "revenue": 96027
        },
        "2017-03": {
            "month": "2017-03",
            "price": "23.62",
            "revenue": 98054
        },
        "2017-04": {
            "month": "2017-04",
            "price": "23.63",
            "revenue": 93006
        },
        "2017-05": {
            "month": "2017-05",
            "price": "23.66",
            "revenue": 107289
        },
        "2017-06": {
            "month": "2017-06",
            "price": "23.74",
            "revenue": 104258
        },
        "2017-07": {
            "month": "2017-07",
            "price": "23.81",
            "revenue": 102023
        },
        "2017-08": {
            "month": "2017-08",
            "price": "23.82",
            "revenue": 112287
        }
    }
}
