{
    "summary": {
        "stock_name": "昇陽光電",
        "stock_id": "3561",
        "category": "光電",
        "main_business": "太陽能電池",
        "website_url": "",
        "ceo": "張錦龍",
        "pe_ratio": -5,
        "report_year_from": 2006,
        "report_year_to": 2018,
        "age": 17,
        "eps_negative_percentage": 58,
        "eps_growth_avg": {
            "last_all": -13.91,
            "last_2y": null,
            "last_4y": -100,
            "last_8y": -33.33,
            "last_12y": null,
            "last_16y": null,
            "last_20y": null,
            "at_2006_last_3y": null,
            "at_2007_last_3y": null,
            "at_2008_last_3y": null,
            "at_2009_last_3y": null,
            "at_2010_last_3y": null,
            "at_2011_last_3y": 7.62,
            "at_2012_last_3y": -23.18,
            "at_2013_last_3y": 0,
            "at_2014_last_3y": -100,
            "at_2015_last_3y": -100,
            "at_2016_last_3y": -100,
            "at_2017_last_3y": -100,
            "at_2018_last_3y": -100,
            "at_2019_last_3y": -100,
            "at_2020_last_3y": -100,
            "at_2021_last_3y": -100,
            "at_2022_last_3y": -100,
            "at_2023_last_3y": -100,
            "at_2006_last_all": null,
            "at_2007_last_all": null,
            "at_2008_last_all": null,
            "at_2009_last_all": 15.23,
            "at_2010_last_all": 43.49,
            "at_2011_last_all": 7.62,
            "at_2012_last_all": 7.62,
            "at_2013_last_all": 7.62,
            "at_2014_last_all": 7.62,
            "at_2015_last_all": -13.91,
            "at_2016_last_all": -13.91,
            "at_2017_last_all": -13.91,
            "at_2018_last_all": -13.91,
            "at_2019_last_all": -13.91,
            "at_2020_last_all": -13.91,
            "at_2021_last_all": -13.91,
            "at_2022_last_all": -13.91,
            "at_2023_last_all": -13.91
        },
        "latest_eps": -2.02,
        "latest_price": 10.5,
        "latest_roe": -10.83,
        "latest_gross_margin": -4.85,
        "latest_equity": 7511520,
        "latest_revenue": 1119308,
        "latest_gross_profit": -54337,
        "latest_net_income": -221560,
        "latest_debt_ratio": 40.56,
        "latest_current_ratio": 111.46,
        "latest_account_receivable_turnover_ratio": 2.36,
        "latest_inventory_turnover_ratio": 1,
        "latest_reinvestment_rate": null,
        "latest_research_to_sale_ratio": 1.7
    },
    "eps_dividends": {
        "2001": {
            "cash": 0,
            "stock": 0,
            "eps": 0
        },
        "2002": {
            "cash": 0,
            "stock": 0,
            "eps": 0
        },
        "2003": {
            "cash": 0,
            "stock": 0,
            "eps": 0
        },
        "2004": {
            "cash": 0,
            "stock": 0,
            "eps": 0
        },
        "2005": {
            "cash": 0,
            "stock": 0,
            "eps": 0
        },
        "2006": {
            "cash": 0,
            "stock": 0,
            "eps": 0
        },
        "2007": {
            "cash": 0,
            "stock": 0,
            "eps": 1.6
        },
        "2008": {
            "cash": 1.02,
            "stock": 0.51,
            "eps": 4.07
        },
        "2009": {
            "cash": 0.3,
            "stock": 1.2,
            "eps": 1.24
        },
        "2010": {
            "cash": 0.1,
            "stock": 0.8,
            "eps": 8.49
        },
        "2011": {
            "cash": 3,
            "stock": 0.5,
            "eps": -5.17
        },
        "2012": {
            "cash": 0,
            "stock": 0,
            "eps": -6.67
        },
        "2013": {
            "cash": 0,
            "stock": 0,
            "eps": -1.18
        },
        "2014": {
            "cash": 0,
            "stock": 0,
            "eps": 0.45
        },
        "2015": {
            "cash": 0.1,
            "stock": 0,
            "eps": -0.91
        },
        "2016": {
            "cash": 0,
            "stock": 0,
            "eps": -1.3
        },
        "2017": {
            "cash": 0,
            "stock": 0,
            "eps": -2.5
        },
        "2018": {
            "cash": 0,
            "stock": 0,
            "eps": -1.17
        }
    },
    "dividends": {
        "2008-03-17": {
            "cash": 1.02,
            "stock": 0.51
        },
        "2009-04-01": {
            "cash": 0.3,
            "stock": 1.2
        },
        "2010-05-13": {
            "cash": 0.1,
            "stock": 0.8
        },
        "2011-06-28": {
            "cash": 3,
            "stock": 0.5
        },
        "2015-09-18": {
            "cash": 0.1,
            "stock": 0
        }
    },
    "prices": {
        "200101": "無",
        "200102": "無",
        "200103": "無",
        "200104": "無",
        "200105": "無",
        "200106": "無",
        "200107": "無",
        "200108": "無",
        "200109": "無",
        "200110": "無",
        "200111": "無",
        "200112": "無",
        "200201": "無",
        "200202": "無",
        "200203": "無",
        "200204": "無",
        "200205": "無",
        "200206": "無",
        "200207": "無",
        "200208": "無",
        "200209": "無",
        "200210": "無",
        "200211": "無",
        "200212": "無",
        "200301": "無",
        "200302": "無",
        "200303": "無",
        "200304": "無",
        "200305": "無",
        "200306": "無",
        "200307": "無",
        "200308": "無",
        "200309": "無",
        "200310": "無",
        "200311": "無",
        "200312": "無",
        "200401": "無",
        "200402": "無",
        "200403": "無",
        "200404": "無",
        "200405": "無",
        "200406": "無",
        "200407": "無",
        "200408": "無",
        "200409": "無",
        "200410": "無",
        "200411": "無",
        "200412": "無",
        "200501": "無",
        "200502": "無",
        "200503": "無",
        "200504": "無",
        "200505": "無",
        "200506": "無",
        "200507": "無",
        "200508": "無",
        "200509": "無",
        "200510": "無",
        "200511": "無",
        "200512": "無",
        "200601": "無",
        "200602": "無",
        "200603": "無",
        "200604": "無",
        "200605": "無",
        "200606": "無",
        "200607": "無",
        "200608": "無",
        "200609": "無",
        "200610": "無",
        "200611": "無",
        "200612": "無",
        "200701": "無",
        "200702": "無",
        "200703": "無",
        "200704": "無",
        "200705": "無",
        "200706": "127.10",
        "200707": "121.38",
        "200708": "112.41",
        "200709": "87.77",
        "200710": "92.49",
        "200711": "87.28",
        "200712": "74.95",
        "200801": "65.10",
        "200802": "54.88",
        "200803": "60.24",
        "200804": "71.40",
        "200805": "79.58",
        "200806": "63.95",
        "200807": "65.34",
        "200808": "74.01",
        "200809": "73.72",
        "200810": "60.36",
        "200811": "32.91",
        "200812": "27.52",
        "200901": "26.26",
        "200902": "23.75",
        "200903": "23.86",
        "200904": "25.94",
        "200905": "25.16",
        "200906": "23.80",
        "200907": "24.95",
        "200908": "23.23",
        "200909": "21.04",
        "200910": "23.51",
        "200911": "35.92",
        "200912": "53.79",
        "201001": "57.56",
        "201002": "60.59",
        "201003": "68.32",
        "201004": "73.03",
        "201005": "63.12",
        "201006": "62.13",
        "201007": "83.41",
        "201008": "90.93",
        "201009": "93.45",
        "201010": "77.69",
        "201011": "82.77",
        "201012": "78.78",
        "201101": "75.68",
        "201102": "85.01",
        "201103": "87.62",
        "201104": "77.11",
        "201105": "60.96",
        "201106": "59.44",
        "201107": "62.96",
        "201108": "47.04",
        "201109": "31.94",
        "201110": "31.18",
        "201111": "25.51",
        "201112": "28.15",
        "201201": "30.22",
        "201202": "38.54",
        "201203": "36.74",
        "201204": "35.25",
        "201205": "32.04",
        "201206": "31.37",
        "201207": "24.02",
        "201208": "18.99",
        "201209": "21.11",
        "201210": "17.53",
        "201211": "16.47",
        "201212": "18.84",
        "201301": "20.75",
        "201302": "21.24",
        "201303": "21.04",
        "201304": "20.84",
        "201305": "22.20",
        "201306": "19.68",
        "201307": "18.82",
        "201308": "17.85",
        "201309": "19.49",
        "201310": "23.70",
        "201311": "25.55",
        "201312": "26.53",
        "201401": "27.44",
        "201402": "24.02",
        "201403": "23.16",
        "201404": "23.49",
        "201405": "24.10",
        "201406": "25.22",
        "201407": "23.33",
        "201408": "21.21",
        "201409": "22.30",
        "201410": "19.92",
        "201411": "18.32",
        "201412": "19.50",
        "201501": "19.16",
        "201502": "19.39",
        "201503": "19.78",
        "201504": "20.18",
        "201505": "18.44",
        "201506": "17.52",
        "201507": "18.88",
        "201508": "13.47",
        "201509": "14.54",
        "201510": "16.83",
        "201511": "18.27",
        "201512": "20.17",
        "201601": "18.82",
        "201602": "19.00",
        "201603": "19.02",
        "201604": "17.70",
        "201605": "17.79",
        "201606": "18.55",
        "201607": "18.40",
        "201608": "16.05",
        "201609": "15.62",
        "201610": "16.03",
        "201611": "14.51",
        "201612": "14.67",
        "201701": "14.77",
        "201702": "14.84",
        "201703": "14.57",
        "201704": "13.03",
        "201705": "12.93",
        "201706": "12.77",
        "201707": "12.87",
        "201708": "12.83",
        "201709": "13.29",
        "201710": "15.22",
        "201711": "15.13",
        "201712": "14.02",
        "201801": "14.99",
        "201802": "13.87",
        "201803": "13.86",
        "201804": "13.41",
        "201805": "12.96",
        "201806": "11.68",
        "201807": "10.56",
        "201808": "10.47",
        "201809": "10.85",
        "201810": "無",
        "201811": "無",
        "201812": "無",
        "201901": "無",
        "201902": "無",
        "201903": "無",
        "201904": "無",
        "201905": "無",
        "201906": "無",
        "201907": "無",
        "201908": "無",
        "201909": "無",
        "201910": "無",
        "201911": "無",
        "201912": "無",
        "202001": "無",
        "202002": "無",
        "202003": "無",
        "202004": "無",
        "202005": "無",
        "202006": "無",
        "202007": "無",
        "202008": "無",
        "202009": "無",
        "202010": "無",
        "202011": "無",
        "202012": "無",
        "202101": "無",
        "202102": "無",
        "202103": "無",
        "202104": "無",
        "202105": "無",
        "202106": "無",
        "202107": "無",
        "202108": "無",
        "202109": "無",
        "202110": "無",
        "202111": "無",
        "202112": "無",
        "202201": "無",
        "202202": "無",
        "202203": "無",
        "202204": "無",
        "202205": "無",
        "202206": "無",
        "202207": "無",
        "202208": "無",
        "202209": "無",
        "202210": "無",
        "202211": "無",
        "202212": "無",
        "202301": "無",
        "202302": "無",
        "202303": "無",
        "202304": "無",
        "202305": "無"
    },
    "quarters": {
        "20011": {
            "year_quarter": 20011,
            "year": 2001,
            "quarter": 1,
            "eps": null,
            "eps_growth_year": null,
            "eps_4q": null,
            "eps_4q_growth_year": null,
            "roe": null,
            "roe_4q": 0,
            "gross_profit": null,
            "gross_margin": null,
            "gross_margin_4q_avg": 0,
            "net_income": null,
            "revenue": null,
            "common_shares": null,
            "book_valuer_per_share": null,
            "book_valuer_per_share_4q_avg": 0,
            "equity": null,
            "current_ratio": null,
            "debt_ratio": null,
            "inventory_turnover_ratio": null,
            "account_receivable_turnover_ratio": null,
            "reinvestment_rate": null,
            "research_to_sale_ratio": null,
            "price_fair": 0,
            "eps_avg_yearly": 0,
            "eps_latest_yearly": 0,
            "eps_growth_yearly": 0
        },
        "20012": {
            "year_quarter": 20012,
            "year": 2001,
            "quarter": 2,
            "eps": null,
            "eps_growth_year": null,
            "eps_4q": null,
            "eps_4q_growth_year": null,
            "roe": null,
            "roe_4q": 0,
            "gross_profit": null,
            "gross_margin": null,
            "gross_margin_4q_avg": 0,
            "net_income": null,
            "revenue": null,
            "common_shares": null,
            "book_valuer_per_share": null,
            "book_valuer_per_share_4q_avg": 0,
            "equity": null,
            "current_ratio": null,
            "debt_ratio": null,
            "inventory_turnover_ratio": null,
            "account_receivable_turnover_ratio": null,
            "reinvestment_rate": null,
            "research_to_sale_ratio": null,
            "price_fair": 0,
            "eps_avg_yearly": 0,
            "eps_latest_yearly": 0,
            "eps_growth_yearly": 0
        },
        "20013": {
            "year_quarter": 20013,
            "year": 2001,
            "quarter": 3,
            "eps": null,
            "eps_growth_year": null,
            "eps_4q": null,
            "eps_4q_growth_year": null,
            "roe": null,
            "roe_4q": 0,
            "gross_profit": null,
            "gross_margin": null,
            "gross_margin_4q_avg": 0,
            "net_income": null,
            "revenue": null,
            "common_shares": null,
            "book_valuer_per_share": null,
            "book_valuer_per_share_4q_avg": 0,
            "equity": null,
            "current_ratio": null,
            "debt_ratio": null,
            "inventory_turnover_ratio": null,
            "account_receivable_turnover_ratio": null,
            "reinvestment_rate": null,
            "research_to_sale_ratio": null,
            "price_fair": 0,
            "eps_avg_yearly": 0,
            "eps_latest_yearly": 0,
            "eps_growth_yearly": 0
        },
        "20014": {
            "year_quarter": 20014,
            "year": 2001,
            "quarter": 4,
            "eps": null,
            "eps_growth_year": null,
            "eps_4q": null,
            "eps_4q_growth_year": null,
            "roe": null,
            "roe_4q": 0,
            "gross_profit": null,
            "gross_margin": null,
            "gross_margin_4q_avg": 0,
            "net_income": null,
            "revenue": null,
            "common_shares": null,
            "book_valuer_per_share": null,
            "book_valuer_per_share_4q_avg": 0,
            "equity": null,
            "current_ratio": null,
            "debt_ratio": null,
            "inventory_turnover_ratio": null,
            "account_receivable_turnover_ratio": null,
            "reinvestment_rate": null,
            "research_to_sale_ratio": null,
            "price_fair": 0,
            "eps_avg_yearly": 0,
            "eps_latest_yearly": 0,
            "eps_growth_yearly": 0
        },
        "20021": {
            "year_quarter": 20021,
            "year": 2002,
            "quarter": 1,
            "eps": null,
            "eps_growth_year": null,
            "eps_4q": null,
            "eps_4q_growth_year": null,
            "roe": null,
            "roe_4q": 0,
            "gross_profit": null,
            "gross_margin": null,
            "gross_margin_4q_avg": 0,
            "net_income": null,
            "revenue": null,
            "common_shares": null,
            "book_valuer_per_share": null,
            "book_valuer_per_share_4q_avg": 0,
            "equity": null,
            "current_ratio": null,
            "debt_ratio": null,
            "inventory_turnover_ratio": null,
            "account_receivable_turnover_ratio": null,
            "reinvestment_rate": null,
            "research_to_sale_ratio": null,
            "price_fair": 0,
            "eps_avg_yearly": 0,
            "eps_latest_yearly": 0,
            "eps_growth_yearly": 0
        },
        "20022": {
            "year_quarter": 20022,
            "year": 2002,
            "quarter": 2,
            "eps": null,
            "eps_growth_year": null,
            "eps_4q": null,
            "eps_4q_growth_year": null,
            "roe": null,
            "roe_4q": 0,
            "gross_profit": null,
            "gross_margin": null,
            "gross_margin_4q_avg": 0,
            "net_income": null,
            "revenue": null,
            "common_shares": null,
            "book_valuer_per_share": null,
            "book_valuer_per_share_4q_avg": 0,
            "equity": null,
            "current_ratio": null,
            "debt_ratio": null,
            "inventory_turnover_ratio": null,
            "account_receivable_turnover_ratio": null,
            "reinvestment_rate": null,
            "research_to_sale_ratio": null,
            "price_fair": 0,
            "eps_avg_yearly": 0,
            "eps_latest_yearly": 0,
            "eps_growth_yearly": 0
        },
        "20023": {
            "year_quarter": 20023,
            "year": 2002,
            "quarter": 3,
            "eps": null,
            "eps_growth_year": null,
            "eps_4q": null,
            "eps_4q_growth_year": null,
            "roe": null,
            "roe_4q": 0,
            "gross_profit": null,
            "gross_margin": null,
            "gross_margin_4q_avg": 0,
            "net_income": null,
            "revenue": null,
            "common_shares": null,
            "book_valuer_per_share": null,
            "book_valuer_per_share_4q_avg": 0,
            "equity": null,
            "current_ratio": null,
            "debt_ratio": null,
            "inventory_turnover_ratio": null,
            "account_receivable_turnover_ratio": null,
            "reinvestment_rate": null,
            "research_to_sale_ratio": null,
            "price_fair": 0,
            "eps_avg_yearly": 0,
            "eps_latest_yearly": 0,
            "eps_growth_yearly": 0
        },
        "20024": {
            "year_quarter": 20024,
            "year": 2002,
            "quarter": 4,
            "eps": null,
            "eps_growth_year": null,
            "eps_4q": null,
            "eps_4q_growth_year": null,
            "roe": null,
            "roe_4q": 0,
            "gross_profit": null,
            "gross_margin": null,
            "gross_margin_4q_avg": 0,
            "net_income": null,
            "revenue": null,
            "common_shares": null,
            "book_valuer_per_share": null,
            "book_valuer_per_share_4q_avg": 0,
            "equity": null,
            "current_ratio": null,
            "debt_ratio": null,
            "inventory_turnover_ratio": null,
            "account_receivable_turnover_ratio": null,
            "reinvestment_rate": null,
            "research_to_sale_ratio": null,
            "price_fair": 0,
            "eps_avg_yearly": 0,
            "eps_latest_yearly": 0,
            "eps_growth_yearly": 0
        },
        "20031": {
            "year_quarter": 20031,
            "year": 2003,
            "quarter": 1,
            "eps": null,
            "eps_growth_year": null,
            "eps_4q": null,
            "eps_4q_growth_year": null,
            "roe": null,
            "roe_4q": 0,
            "gross_profit": null,
            "gross_margin": null,
            "gross_margin_4q_avg": 0,
            "net_income": null,
            "revenue": null,
            "common_shares": null,
            "book_valuer_per_share": null,
            "book_valuer_per_share_4q_avg": 0,
            "equity": null,
            "current_ratio": null,
            "debt_ratio": null,
            "inventory_turnover_ratio": null,
            "account_receivable_turnover_ratio": null,
            "reinvestment_rate": null,
            "research_to_sale_ratio": null,
            "price_fair": 0,
            "eps_avg_yearly": 0,
            "eps_latest_yearly": 0,
            "eps_growth_yearly": 0
        },
        "20032": {
            "year_quarter": 20032,
            "year": 2003,
            "quarter": 2,
            "eps": null,
            "eps_growth_year": null,
            "eps_4q": null,
            "eps_4q_growth_year": null,
            "roe": null,
            "roe_4q": 0,
            "gross_profit": null,
            "gross_margin": null,
            "gross_margin_4q_avg": 0,
            "net_income": null,
            "revenue": null,
            "common_shares": null,
            "book_valuer_per_share": null,
            "book_valuer_per_share_4q_avg": 0,
            "equity": null,
            "current_ratio": null,
            "debt_ratio": null,
            "inventory_turnover_ratio": null,
            "account_receivable_turnover_ratio": null,
            "reinvestment_rate": null,
            "research_to_sale_ratio": null,
            "price_fair": 0,
            "eps_avg_yearly": 0,
            "eps_latest_yearly": 0,
            "eps_growth_yearly": 0
        },
        "20033": {
            "year_quarter": 20033,
            "year": 2003,
            "quarter": 3,
            "eps": null,
            "eps_growth_year": null,
            "eps_4q": null,
            "eps_4q_growth_year": null,
            "roe": null,
            "roe_4q": 0,
            "gross_profit": null,
            "gross_margin": null,
            "gross_margin_4q_avg": 0,
            "net_income": null,
            "revenue": null,
            "common_shares": null,
            "book_valuer_per_share": null,
            "book_valuer_per_share_4q_avg": 0,
            "equity": null,
            "current_ratio": null,
            "debt_ratio": null,
            "inventory_turnover_ratio": null,
            "account_receivable_turnover_ratio": null,
            "reinvestment_rate": null,
            "research_to_sale_ratio": null,
            "price_fair": 0,
            "eps_avg_yearly": 0,
            "eps_latest_yearly": 0,
            "eps_growth_yearly": 0
        },
        "20034": {
            "year_quarter": 20034,
            "year": 2003,
            "quarter": 4,
            "eps": null,
            "eps_growth_year": null,
            "eps_4q": null,
            "eps_4q_growth_year": null,
            "roe": null,
            "roe_4q": 0,
            "gross_profit": null,
            "gross_margin": null,
            "gross_margin_4q_avg": 0,
            "net_income": null,
            "revenue": null,
            "common_shares": null,
            "book_valuer_per_share": null,
            "book_valuer_per_share_4q_avg": 0,
            "equity": null,
            "current_ratio": null,
            "debt_ratio": null,
            "inventory_turnover_ratio": null,
            "account_receivable_turnover_ratio": null,
            "reinvestment_rate": null,
            "research_to_sale_ratio": null,
            "price_fair": 0,
            "eps_avg_yearly": 0,
            "eps_latest_yearly": 0,
            "eps_growth_yearly": 0
        },
        "20041": {
            "year_quarter": 20041,
            "year": 2004,
            "quarter": 1,
            "eps": null,
            "eps_growth_year": null,
            "eps_4q": null,
            "eps_4q_growth_year": null,
            "roe": null,
            "roe_4q": 0,
            "gross_profit": null,
            "gross_margin": null,
            "gross_margin_4q_avg": 0,
            "net_income": null,
            "revenue": null,
            "common_shares": null,
            "book_valuer_per_share": null,
            "book_valuer_per_share_4q_avg": 0,
            "equity": null,
            "current_ratio": null,
            "debt_ratio": null,
            "inventory_turnover_ratio": null,
            "account_receivable_turnover_ratio": null,
            "reinvestment_rate": null,
            "research_to_sale_ratio": null,
            "price_fair": 0,
            "eps_avg_yearly": 0,
            "eps_latest_yearly": 0,
            "eps_growth_yearly": 0
        },
        "20042": {
            "year_quarter": 20042,
            "year": 2004,
            "quarter": 2,
            "eps": null,
            "eps_growth_year": null,
            "eps_4q": null,
            "eps_4q_growth_year": null,
            "roe": null,
            "roe_4q": 0,
            "gross_profit": null,
            "gross_margin": null,
            "gross_margin_4q_avg": 0,
            "net_income": null,
            "revenue": null,
            "common_shares": null,
            "book_valuer_per_share": null,
            "book_valuer_per_share_4q_avg": 0,
            "equity": null,
            "current_ratio": null,
            "debt_ratio": null,
            "inventory_turnover_ratio": null,
            "account_receivable_turnover_ratio": null,
            "reinvestment_rate": null,
            "research_to_sale_ratio": null,
            "price_fair": 0,
            "eps_avg_yearly": 0,
            "eps_latest_yearly": 0,
            "eps_growth_yearly": 0
        },
        "20043": {
            "year_quarter": 20043,
            "year": 2004,
            "quarter": 3,
            "eps": null,
            "eps_growth_year": null,
            "eps_4q": null,
            "eps_4q_growth_year": null,
            "roe": null,
            "roe_4q": 0,
            "gross_profit": null,
            "gross_margin": null,
            "gross_margin_4q_avg": 0,
            "net_income": null,
            "revenue": null,
            "common_shares": null,
            "book_valuer_per_share": null,
            "book_valuer_per_share_4q_avg": 0,
            "equity": null,
            "current_ratio": null,
            "debt_ratio": null,
            "inventory_turnover_ratio": null,
            "account_receivable_turnover_ratio": null,
            "reinvestment_rate": null,
            "research_to_sale_ratio": null,
            "price_fair": 0,
            "eps_avg_yearly": 0,
            "eps_latest_yearly": 0,
            "eps_growth_yearly": 0
        },
        "20044": {
            "year_quarter": 20044,
            "year": 2004,
            "quarter": 4,
            "eps": null,
            "eps_growth_year": null,
            "eps_4q": null,
            "eps_4q_growth_year": null,
            "roe": null,
            "roe_4q": 0,
            "gross_profit": null,
            "gross_margin": null,
            "gross_margin_4q_avg": 0,
            "net_income": null,
            "revenue": null,
            "common_shares": null,
            "book_valuer_per_share": null,
            "book_valuer_per_share_4q_avg": 0,
            "equity": null,
            "current_ratio": null,
            "debt_ratio": null,
            "inventory_turnover_ratio": null,
            "account_receivable_turnover_ratio": null,
            "reinvestment_rate": null,
            "research_to_sale_ratio": null,
            "price_fair": 0,
            "eps_avg_yearly": 0,
            "eps_latest_yearly": 0,
            "eps_growth_yearly": 0
        },
        "20051": {
            "year_quarter": 20051,
            "year": 2005,
            "quarter": 1,
            "eps": null,
            "eps_growth_year": null,
            "eps_4q": null,
            "eps_4q_growth_year": null,
            "roe": null,
            "roe_4q": 0,
            "gross_profit": null,
            "gross_margin": null,
            "gross_margin_4q_avg": 0,
            "net_income": null,
            "revenue": null,
            "common_shares": null,
            "book_valuer_per_share": null,
            "book_valuer_per_share_4q_avg": 0,
            "equity": null,
            "current_ratio": null,
            "debt_ratio": null,
            "inventory_turnover_ratio": null,
            "account_receivable_turnover_ratio": null,
            "reinvestment_rate": null,
            "research_to_sale_ratio": null,
            "price_fair": 0,
            "eps_avg_yearly": 0,
            "eps_latest_yearly": 0,
            "eps_growth_yearly": 0
        },
        "20052": {
            "year_quarter": 20052,
            "year": 2005,
            "quarter": 2,
            "eps": null,
            "eps_growth_year": null,
            "eps_4q": null,
            "eps_4q_growth_year": null,
            "roe": null,
            "roe_4q": 0,
            "gross_profit": null,
            "gross_margin": null,
            "gross_margin_4q_avg": 0,
            "net_income": null,
            "revenue": null,
            "common_shares": null,
            "book_valuer_per_share": null,
            "book_valuer_per_share_4q_avg": 0,
            "equity": null,
            "current_ratio": null,
            "debt_ratio": null,
            "inventory_turnover_ratio": null,
            "account_receivable_turnover_ratio": null,
            "reinvestment_rate": null,
            "research_to_sale_ratio": null,
            "price_fair": 0,
            "eps_avg_yearly": 0,
            "eps_latest_yearly": 0,
            "eps_growth_yearly": 0
        },
        "20053": {
            "year_quarter": 20053,
            "year": 2005,
            "quarter": 3,
            "eps": null,
            "eps_growth_year": null,
            "eps_4q": null,
            "eps_4q_growth_year": null,
            "roe": null,
            "roe_4q": 0,
            "gross_profit": null,
            "gross_margin": null,
            "gross_margin_4q_avg": 0,
            "net_income": null,
            "revenue": null,
            "common_shares": null,
            "book_valuer_per_share": null,
            "book_valuer_per_share_4q_avg": 0,
            "equity": null,
            "current_ratio": null,
            "debt_ratio": null,
            "inventory_turnover_ratio": null,
            "account_receivable_turnover_ratio": null,
            "reinvestment_rate": null,
            "research_to_sale_ratio": null,
            "price_fair": 0,
            "eps_avg_yearly": 0,
            "eps_latest_yearly": 0,
            "eps_growth_yearly": 0
        },
        "20054": {
            "year_quarter": 20054,
            "year": 2005,
            "quarter": 4,
            "eps": null,
            "eps_growth_year": null,
            "eps_4q": null,
            "eps_4q_growth_year": null,
            "roe": null,
            "roe_4q": 0,
            "gross_profit": null,
            "gross_margin": null,
            "gross_margin_4q_avg": 0,
            "net_income": null,
            "revenue": null,
            "common_shares": 600000,
            "book_valuer_per_share": 9.87,
            "book_valuer_per_share_4q_avg": 2.47,
            "equity": 592492,
            "current_ratio": 33952.85,
            "debt_ratio": 0.2,
            "inventory_turnover_ratio": null,
            "account_receivable_turnover_ratio": null,
            "reinvestment_rate": null,
            "research_to_sale_ratio": null,
            "price_fair": 0,
            "eps_avg_yearly": 0,
            "eps_latest_yearly": 0,
            "eps_growth_yearly": 0
        },
        "20061": {
            "year_quarter": 20061,
            "year": 2006,
            "quarter": 1,
            "eps": null,
            "eps_growth_year": null,
            "eps_4q": null,
            "eps_4q_growth_year": null,
            "roe": null,
            "roe_4q": 0,
            "gross_profit": null,
            "gross_margin": null,
            "gross_margin_4q_avg": 0,
            "net_income": null,
            "revenue": null,
            "common_shares": null,
            "book_valuer_per_share": null,
            "book_valuer_per_share_4q_avg": 2.47,
            "equity": null,
            "current_ratio": null,
            "debt_ratio": null,
            "inventory_turnover_ratio": null,
            "account_receivable_turnover_ratio": null,
            "reinvestment_rate": null,
            "research_to_sale_ratio": null,
            "price_fair": 0,
            "eps_avg_yearly": 0,
            "eps_latest_yearly": 0,
            "eps_growth_yearly": 0
        },
        "20062": {
            "year_quarter": 20062,
            "year": 2006,
            "quarter": 2,
            "eps": null,
            "eps_growth_year": null,
            "eps_4q": null,
            "eps_4q_growth_year": null,
            "roe": null,
            "roe_4q": 0,
            "gross_profit": null,
            "gross_margin": null,
            "gross_margin_4q_avg": 0,
            "net_income": null,
            "revenue": null,
            "common_shares": null,
            "book_valuer_per_share": null,
            "book_valuer_per_share_4q_avg": 2.47,
            "equity": null,
            "current_ratio": null,
            "debt_ratio": null,
            "inventory_turnover_ratio": null,
            "account_receivable_turnover_ratio": null,
            "reinvestment_rate": null,
            "research_to_sale_ratio": null,
            "price_fair": 0,
            "eps_avg_yearly": 0,
            "eps_latest_yearly": 0,
            "eps_growth_yearly": 0
        },
        "20063": {
            "year_quarter": 20063,
            "year": 2006,
            "quarter": 3,
            "eps": null,
            "eps_growth_year": null,
            "eps_4q": null,
            "eps_4q_growth_year": null,
            "roe": null,
            "roe_4q": 0,
            "gross_profit": null,
            "gross_margin": null,
            "gross_margin_4q_avg": 0,
            "net_income": null,
            "revenue": null,
            "common_shares": null,
            "book_valuer_per_share": null,
            "book_valuer_per_share_4q_avg": 2.47,
            "equity": null,
            "current_ratio": null,
            "debt_ratio": null,
            "inventory_turnover_ratio": null,
            "account_receivable_turnover_ratio": null,
            "reinvestment_rate": null,
            "research_to_sale_ratio": null,
            "price_fair": 0,
            "eps_avg_yearly": 0,
            "eps_latest_yearly": 0,
            "eps_growth_yearly": 0
        },
        "20064": {
            "year_quarter": 20064,
            "year": 2006,
            "quarter": 4,
            "eps": null,
            "eps_growth_year": null,
            "eps_4q": null,
            "eps_4q_growth_year": null,
            "roe": null,
            "roe_4q": 0,
            "gross_profit": null,
            "gross_margin": null,
            "gross_margin_4q_avg": 0,
            "net_income": null,
            "revenue": null,
            "common_shares": 800000,
            "book_valuer_per_share": 10.8,
            "book_valuer_per_share_4q_avg": 2.7,
            "equity": 863771,
            "current_ratio": 214.16,
            "debt_ratio": 44.9,
            "inventory_turnover_ratio": null,
            "account_receivable_turnover_ratio": null,
            "reinvestment_rate": null,
            "research_to_sale_ratio": null,
            "price_fair": 0,
            "eps_avg_yearly": 0,
            "eps_latest_yearly": 0,
            "eps_growth_yearly": 0
        },
        "20071": {
            "year_quarter": 20071,
            "year": 2007,
            "quarter": 1,
            "eps": null,
            "eps_growth_year": null,
            "eps_4q": null,
            "eps_4q_growth_year": null,
            "roe": null,
            "roe_4q": 0,
            "gross_profit": null,
            "gross_margin": null,
            "gross_margin_4q_avg": 0,
            "net_income": null,
            "revenue": null,
            "common_shares": null,
            "book_valuer_per_share": null,
            "book_valuer_per_share_4q_avg": 2.7,
            "equity": null,
            "current_ratio": null,
            "debt_ratio": null,
            "inventory_turnover_ratio": null,
            "account_receivable_turnover_ratio": null,
            "reinvestment_rate": null,
            "research_to_sale_ratio": null,
            "price_fair": 0,
            "eps_avg_yearly": 0,
            "eps_latest_yearly": 0,
            "eps_growth_yearly": 0
        },
        "20072": {
            "year_quarter": 20072,
            "year": 2007,
            "quarter": 2,
            "eps": null,
            "eps_growth_year": null,
            "eps_4q": null,
            "eps_4q_growth_year": null,
            "roe": null,
            "roe_4q": 0,
            "gross_profit": null,
            "gross_margin": null,
            "gross_margin_4q_avg": 0,
            "net_income": null,
            "revenue": null,
            "common_shares": null,
            "book_valuer_per_share": null,
            "book_valuer_per_share_4q_avg": 2.7,
            "equity": null,
            "current_ratio": null,
            "debt_ratio": null,
            "inventory_turnover_ratio": null,
            "account_receivable_turnover_ratio": null,
            "reinvestment_rate": null,
            "research_to_sale_ratio": null,
            "price_fair": 0,
            "eps_avg_yearly": 0,
            "eps_latest_yearly": 0,
            "eps_growth_yearly": 0
        },
        "20073": {
            "year_quarter": 20073,
            "year": 2007,
            "quarter": 3,
            "eps": 0.68,
            "eps_growth_year": null,
            "eps_4q": null,
            "eps_4q_growth_year": null,
            "roe": 3.66,
            "roe_4q": 3.66,
            "gross_profit": 126821,
            "gross_margin": 16.58,
            "gross_margin_4q_avg": 4.15,
            "net_income": 60431,
            "revenue": 764917,
            "common_shares": 900000,
            "book_valuer_per_share": 18.36,
            "book_valuer_per_share_4q_avg": 7.29,
            "equity": 1652399,
            "current_ratio": 178.08,
            "debt_ratio": 35.66,
            "inventory_turnover_ratio": 0.95,
            "account_receivable_turnover_ratio": null,
            "reinvestment_rate": null,
            "research_to_sale_ratio": null,
            "price_fair": 0,
            "eps_avg_yearly": 0,
            "eps_latest_yearly": 0,
            "eps_growth_yearly": 0
        },
        "20074": {
            "year_quarter": 20074,
            "year": 2007,
            "quarter": 4,
            "eps": 0.92,
            "eps_growth_year": null,
            "eps_4q": null,
            "eps_4q_growth_year": null,
            "roe": 4.85,
            "roe_4q": 8.51,
            "gross_profit": 137079,
            "gross_margin": 14.04,
            "gross_margin_4q_avg": 7.66,
            "net_income": 82201,
            "revenue": 976498,
            "common_shares": 900000,
            "book_valuer_per_share": 19.27,
            "book_valuer_per_share_4q_avg": 9.41,
            "equity": 1734599,
            "current_ratio": 104.78,
            "debt_ratio": 55.02,
            "inventory_turnover_ratio": 1.21,
            "account_receivable_turnover_ratio": null,
            "reinvestment_rate": null,
            "research_to_sale_ratio": null,
            "price_fair": 128.8,
            "eps_avg_yearly": 3.68,
            "eps_latest_yearly": 3.68,
            "eps_growth_yearly": 141.18
        },
        "20081": {
            "year_quarter": 20081,
            "year": 2008,
            "quarter": 1,
            "eps": 0.6,
            "eps_growth_year": null,
            "eps_4q": null,
            "eps_4q_growth_year": null,
            "roe": 3.08,
            "roe_4q": 11.59,
            "gross_profit": 97031,
            "gross_margin": 11.35,
            "gross_margin_4q_avg": 10.49,
            "net_income": 53755,
            "revenue": 854907,
            "common_shares": 900000,
            "book_valuer_per_share": 19.56,
            "book_valuer_per_share_4q_avg": 14.3,
            "equity": 1760607,
            "current_ratio": 99.58,
            "debt_ratio": 53.8,
            "inventory_turnover_ratio": 1.3,
            "account_receivable_turnover_ratio": null,
            "reinvestment_rate": null,
            "research_to_sale_ratio": null,
            "price_fair": 33.51,
            "eps_avg_yearly": 3.04,
            "eps_latest_yearly": 2.4,
            "eps_growth_yearly": 1.02
        },
        "20082": {
            "year_quarter": 20082,
            "year": 2008,
            "quarter": 2,
            "eps": 2.41,
            "eps_growth_year": null,
            "eps_4q": 4.5,
            "eps_4q_growth_year": null,
            "roe": 12.82,
            "roe_4q": 24.41,
            "gross_profit": 290961,
            "gross_margin": 19.8,
            "gross_margin_4q_avg": 15.44,
            "net_income": 226535,
            "revenue": 1469128,
            "common_shares": 900000,
            "book_valuer_per_share": 19.7,
            "book_valuer_per_share_4q_avg": 19.22,
            "equity": 1772815,
            "current_ratio": 74.38,
            "debt_ratio": 54.42,
            "inventory_turnover_ratio": 2.93,
            "account_receivable_turnover_ratio": null,
            "reinvestment_rate": null,
            "research_to_sale_ratio": null,
            "price_fair": 183.4,
            "eps_avg_yearly": 5.24,
            "eps_latest_yearly": 9.64,
            "eps_growth_yearly": 402.9
        },
        "20083": {
            "year_quarter": 20083,
            "year": 2008,
            "quarter": 3,
            "eps": 1.94,
            "eps_growth_year": 185.29,
            "eps_4q": 5.84,
            "eps_4q_growth_year": null,
            "roe": 9.76,
            "roe_4q": 30.509999999999998,
            "gross_profit": 233292,
            "gross_margin": 16.21,
            "gross_margin_4q_avg": 15.35,
            "net_income": 180257,
            "revenue": 1439261,
            "common_shares": 953508,
            "book_valuer_per_share": 20.14,
            "book_valuer_per_share_4q_avg": 19.67,
            "equity": 1920403,
            "current_ratio": 75.03,
            "debt_ratio": 62.76,
            "inventory_turnover_ratio": 4.5,
            "account_receivable_turnover_ratio": null,
            "reinvestment_rate": null,
            "research_to_sale_ratio": null,
            "price_fair": 205.45,
            "eps_avg_yearly": 5.87,
            "eps_latest_yearly": 7.76,
            "eps_growth_yearly": 282.68
        },
        "20084": {
            "year_quarter": 20084,
            "year": 2008,
            "quarter": 4,
            "eps": -0.88,
            "eps_growth_year": -195.65,
            "eps_4q": 3.99,
            "eps_4q_growth_year": null,
            "roe": -4.19,
            "roe_4q": 21.47,
            "gross_profit": -16482,
            "gross_margin": -1.54,
            "gross_margin_4q_avg": 11.46,
            "net_income": -83250,
            "revenue": 1073511,
            "common_shares": 1073508,
            "book_valuer_per_share": 19.14,
            "book_valuer_per_share_4q_avg": 19.64,
            "equity": 2055209,
            "current_ratio": 98.2,
            "debt_ratio": 67.6,
            "inventory_turnover_ratio": 2.84,
            "account_receivable_turnover_ratio": 8.34,
            "reinvestment_rate": null,
            "research_to_sale_ratio": null,
            "price_fair": 205.45,
            "eps_avg_yearly": 5.87,
            "eps_latest_yearly": 7.76,
            "eps_growth_yearly": 282.68
        },
        "20091": {
            "year_quarter": 20091,
            "year": 2009,
            "quarter": 1,
            "eps": 0.14,
            "eps_growth_year": -76.67,
            "eps_4q": 2.96,
            "eps_4q_growth_year": null,
            "roe": 0.72,
            "roe_4q": 19.11,
            "gross_profit": 60364,
            "gross_margin": 7.66,
            "gross_margin_4q_avg": 10.53,
            "net_income": 16048,
            "revenue": 787609,
            "common_shares": 1199998,
            "book_valuer_per_share": 19.77,
            "book_valuer_per_share_4q_avg": 19.69,
            "equity": 2372156,
            "current_ratio": 130.48,
            "debt_ratio": 61.47,
            "inventory_turnover_ratio": 1.44,
            "account_receivable_turnover_ratio": 27.29,
            "reinvestment_rate": null,
            "research_to_sale_ratio": null,
            "price_fair": 205.45,
            "eps_avg_yearly": 5.87,
            "eps_latest_yearly": 7.76,
            "eps_growth_yearly": 282.68
        },
        "20092": {
            "year_quarter": 20092,
            "year": 2009,
            "quarter": 2,
            "eps": -0.79,
            "eps_growth_year": -132.78,
            "eps_4q": 0.11,
            "eps_4q_growth_year": -97.59,
            "roe": -4.32,
            "roe_4q": 1.9699999999999989,
            "gross_profit": -26650,
            "gross_margin": -4.47,
            "gross_margin_4q_avg": 4.47,
            "net_income": -100058,
            "revenue": 596378,
            "common_shares": 1199998,
            "book_valuer_per_share": 18.86,
            "book_valuer_per_share_4q_avg": 19.48,
            "equity": 2263629,
            "current_ratio": 105.68,
            "debt_ratio": 64.07,
            "inventory_turnover_ratio": 1.75,
            "account_receivable_turnover_ratio": 3.63,
            "reinvestment_rate": null,
            "research_to_sale_ratio": null,
            "price_fair": 205.45,
            "eps_avg_yearly": 5.87,
            "eps_latest_yearly": 7.76,
            "eps_growth_yearly": 282.68
        },
        "20093": {
            "year_quarter": 20093,
            "year": 2009,
            "quarter": 3,
            "eps": 0.72,
            "eps_growth_year": -62.89,
            "eps_4q": -0.55,
            "eps_4q_growth_year": -109.44,
            "roe": 4.1,
            "roe_4q": -3.6900000000000013,
            "gross_profit": 152408,
            "gross_margin": 16.92,
            "gross_margin_4q_avg": 4.64,
            "net_income": 94735,
            "revenue": 900749,
            "common_shares": 1357568,
            "book_valuer_per_share": 17.37,
            "book_valuer_per_share_4q_avg": 18.79,
            "equity": 2358365,
            "current_ratio": 92.33,
            "debt_ratio": 65.95,
            "inventory_turnover_ratio": 2.21,
            "account_receivable_turnover_ratio": 2.01,
            "reinvestment_rate": null,
            "research_to_sale_ratio": null,
            "price_fair": 205.45,
            "eps_avg_yearly": 5.87,
            "eps_latest_yearly": 7.76,
            "eps_growth_yearly": 282.68
        },
        "20094": {
            "year_quarter": 20094,
            "year": 2009,
            "quarter": 4,
            "eps": 1.17,
            "eps_growth_year": null,
            "eps_4q": 1.24,
            "eps_4q_growth_year": -68.94,
            "roe": 6.36,
            "roe_4q": 6.86,
            "gross_profit": 251537,
            "gross_margin": 16.65,
            "gross_margin_4q_avg": 9.19,
            "net_income": 154938,
            "revenue": 1510417,
            "common_shares": 1357568,
            "book_valuer_per_share": 18.53,
            "book_valuer_per_share_4q_avg": 18.63,
            "equity": 2513779,
            "current_ratio": 72.57,
            "debt_ratio": 63.27,
            "inventory_turnover_ratio": 3.48,
            "account_receivable_turnover_ratio": 5.07,
            "reinvestment_rate": null,
            "research_to_sale_ratio": null,
            "price_fair": 197.12,
            "eps_avg_yearly": 5.63,
            "eps_latest_yearly": 4.68,
            "eps_growth_yearly": 276.14
        },
        "20101": {
            "year_quarter": 20101,
            "year": 2010,
            "quarter": 1,
            "eps": 1.19,
            "eps_growth_year": 750,
            "eps_4q": 2.52,
            "eps_4q_growth_year": -15.03,
            "roe": 5.99,
            "roe_4q": 12.130000000000003,
            "gross_profit": 272413,
            "gross_margin": 16.77,
            "gross_margin_4q_avg": 11.47,
            "net_income": 186848,
            "revenue": 1624657,
            "common_shares": 1357568,
            "book_valuer_per_share": 22.75,
            "book_valuer_per_share_4q_avg": 19.38,
            "equity": 3722628,
            "current_ratio": 129.73,
            "debt_ratio": 46.12,
            "inventory_turnover_ratio": 4.61,
            "account_receivable_turnover_ratio": 2.56,
            "reinvestment_rate": null,
            "research_to_sale_ratio": 0.49,
            "price_fair": 192.03,
            "eps_avg_yearly": 5.49,
            "eps_latest_yearly": 4.76,
            "eps_growth_yearly": 231.26
        },
        "20102": {
            "year_quarter": 20102,
            "year": 2010,
            "quarter": 2,
            "eps": 1.76,
            "eps_growth_year": null,
            "eps_4q": 4.73,
            "eps_4q_growth_year": 4266.63,
            "roe": 6.7,
            "roe_4q": 23.15,
            "gross_profit": 348135,
            "gross_margin": 18.01,
            "gross_margin_4q_avg": 17.09,
            "net_income": 257575,
            "revenue": 1933157,
            "common_shares": 1357568,
            "book_valuer_per_share": 24.22,
            "book_valuer_per_share_4q_avg": 20.72,
            "equity": 3964094,
            "current_ratio": 106.82,
            "debt_ratio": 50.24,
            "inventory_turnover_ratio": 5.61,
            "account_receivable_turnover_ratio": 3.06,
            "reinvestment_rate": null,
            "research_to_sale_ratio": 0.49,
            "price_fair": 199.8,
            "eps_avg_yearly": 5.71,
            "eps_latest_yearly": 7.04,
            "eps_growth_yearly": 225.59
        },
        "20103": {
            "year_quarter": 20103,
            "year": 2010,
            "quarter": 3,
            "eps": 2.99,
            "eps_growth_year": 315.15,
            "eps_4q": 7.02,
            "eps_4q_growth_year": null,
            "roe": 10.37,
            "roe_4q": 29.42,
            "gross_profit": 588505,
            "gross_margin": 17.15,
            "gross_margin_4q_avg": 17.15,
            "net_income": 444930,
            "revenue": 3431335,
            "common_shares": 1488502,
            "book_valuer_per_share": 25.82,
            "book_valuer_per_share_4q_avg": 22.83,
            "equity": 4618066,
            "current_ratio": 111.98,
            "debt_ratio": 50.26,
            "inventory_turnover_ratio": 8.03,
            "account_receivable_turnover_ratio": 4.39,
            "reinvestment_rate": null,
            "research_to_sale_ratio": 0.45,
            "price_fair": 227.15,
            "eps_avg_yearly": 6.49,
            "eps_latest_yearly": 11.96,
            "eps_growth_yearly": 232.34
        },
        "20104": {
            "year_quarter": 20104,
            "year": 2010,
            "quarter": 4,
            "eps": 2.55,
            "eps_growth_year": 117.84,
            "eps_4q": 7.02,
            "eps_4q_growth_year": 466.51,
            "roe": 7.57,
            "roe_4q": 30.629999999999995,
            "gross_profit": 618910,
            "gross_margin": 15.18,
            "gross_margin_4q_avg": 16.78,
            "net_income": 506813,
            "revenue": 4077009,
            "common_shares": 1988502,
            "book_valuer_per_share": 38.37,
            "book_valuer_per_share_4q_avg": 27.79,
            "equity": 8779951,
            "current_ratio": 186.96,
            "debt_ratio": 39.07,
            "inventory_turnover_ratio": 5.41,
            "account_receivable_turnover_ratio": 3.4,
            "reinvestment_rate": null,
            "research_to_sale_ratio": 0.25,
            "price_fair": 241.58,
            "eps_avg_yearly": 6.9,
            "eps_latest_yearly": 10.2,
            "eps_growth_yearly": 199.98
        },
        "20111": {
            "year_quarter": 20111,
            "year": 2011,
            "quarter": 1,
            "eps": 1.08,
            "eps_growth_year": -9.24,
            "eps_4q": 7.36,
            "eps_4q_growth_year": 192.32,
            "roe": 2.84,
            "roe_4q": 27.48,
            "gross_profit": 394608,
            "gross_margin": 7.97,
            "gross_margin_4q_avg": 14.58,
            "net_income": 253151,
            "revenue": 4952900,
            "common_shares": 1988502,
            "book_valuer_per_share": 39.55,
            "book_valuer_per_share_4q_avg": 31.99,
            "equity": 9052422,
            "current_ratio": 138.04,
            "debt_ratio": 41.21,
            "inventory_turnover_ratio": 4.93,
            "account_receivable_turnover_ratio": 2.39,
            "reinvestment_rate": null,
            "research_to_sale_ratio": 0.21,
            "price_fair": 232.54,
            "eps_avg_yearly": 6.64,
            "eps_latest_yearly": 4.32,
            "eps_growth_yearly": 156.92
        },
        "20112": {
            "year_quarter": 20112,
            "year": 2011,
            "quarter": 2,
            "eps": -3.16,
            "eps_growth_year": -280.11,
            "eps_4q": 1.93,
            "eps_4q_growth_year": -59.3,
            "roe": -8.12,
            "roe_4q": 12.66,
            "gross_profit": -620384,
            "gross_margin": -20.96,
            "gross_margin_4q_avg": 4.84,
            "net_income": -749786,
            "revenue": 2959811,
            "common_shares": 2243233,
            "book_valuer_per_share": 37.01,
            "book_valuer_per_share_4q_avg": 35.19,
            "equity": 9412638,
            "current_ratio": 95.15,
            "debt_ratio": 44.4,
            "inventory_turnover_ratio": 4.23,
            "account_receivable_turnover_ratio": 1.25,
            "reinvestment_rate": 654.08,
            "research_to_sale_ratio": 0.46,
            "price_fair": 232.54,
            "eps_avg_yearly": 6.64,
            "eps_latest_yearly": 4.32,
            "eps_growth_yearly": 156.92
        },
        "20113": {
            "year_quarter": 20113,
            "year": 2011,
            "quarter": 3,
            "eps": -0.35,
            "eps_growth_year": -111.75,
            "eps_4q": -0.3,
            "eps_4q_growth_year": -104.32,
            "roe": -0.93,
            "roe_4q": 1.3600000000000012,
            "gross_profit": 73011,
            "gross_margin": 2.56,
            "gross_margin_4q_avg": 1.19,
            "net_income": -83887,
            "revenue": 2851182,
            "common_shares": 2370394,
            "book_valuer_per_share": 32.25,
            "book_valuer_per_share_4q_avg": 36.8,
            "equity": 8612662,
            "current_ratio": 113.09,
            "debt_ratio": 48.1,
            "inventory_turnover_ratio": 3.83,
            "account_receivable_turnover_ratio": 1.45,
            "reinvestment_rate": 667.45,
            "research_to_sale_ratio": 0.59,
            "price_fair": 232.54,
            "eps_avg_yearly": 6.64,
            "eps_latest_yearly": 4.32,
            "eps_growth_yearly": 156.92
        },
        "20114": {
            "year_quarter": 20114,
            "year": 2011,
            "quarter": 4,
            "eps": -2.74,
            "eps_growth_year": -207.42,
            "eps_4q": -5.18,
            "eps_4q_growth_year": -173.76,
            "roe": -7.88,
            "roe_4q": -14.09,
            "gross_profit": -393952,
            "gross_margin": -27.78,
            "gross_margin_4q_avg": -9.55,
            "net_income": -648757,
            "revenue": 1418139,
            "common_shares": 2370394,
            "book_valuer_per_share": 29.43,
            "book_valuer_per_share_4q_avg": 34.56,
            "equity": 7860838,
            "current_ratio": 120.15,
            "debt_ratio": 48.88,
            "inventory_turnover_ratio": 2.83,
            "account_receivable_turnover_ratio": 1.08,
            "reinvestment_rate": 1302.62,
            "research_to_sale_ratio": 0.86,
            "price_fair": 244.07,
            "eps_avg_yearly": 6.97,
            "eps_latest_yearly": 4.32,
            "eps_growth_yearly": 158.67
        },
        "20121": {
            "year_quarter": 20121,
            "year": 2012,
            "quarter": 1,
            "eps": -0.8,
            "eps_growth_year": -174.07,
            "eps_4q": -7.12,
            "eps_4q_growth_year": -196.7,
            "roe": -2.63,
            "roe_4q": -19.56,
            "gross_profit": -50714,
            "gross_margin": -3,
            "gross_margin_4q_avg": -12.3,
            "net_income": -205150,
            "revenue": 1691931,
            "common_shares": 2370394,
            "book_valuer_per_share": 29.06,
            "book_valuer_per_share_4q_avg": 31.94,
            "equity": 7759390,
            "current_ratio": 123.97,
            "debt_ratio": 50.5,
            "inventory_turnover_ratio": 3.14,
            "account_receivable_turnover_ratio": 1.68,
            "reinvestment_rate": 1989.33,
            "research_to_sale_ratio": 0.73,
            "price_fair": 264.08,
            "eps_avg_yearly": 7.55,
            "eps_latest_yearly": 4.32,
            "eps_growth_yearly": 195.9
        },
        "20122": {
            "year_quarter": 20122,
            "year": 2012,
            "quarter": 2,
            "eps": -1.7,
            "eps_growth_year": null,
            "eps_4q": -5.62,
            "eps_4q_growth_year": -391.9,
            "roe": -5.42,
            "roe_4q": -16.86,
            "gross_profit": 41738,
            "gross_margin": 1.91,
            "gross_margin_4q_avg": -6.58,
            "net_income": -405892,
            "revenue": 2187837,
            "common_shares": 2390394,
            "book_valuer_per_share": 27.04,
            "book_valuer_per_share_4q_avg": 29.45,
            "equity": 7221590,
            "current_ratio": 118.98,
            "debt_ratio": 51.98,
            "inventory_turnover_ratio": 3.94,
            "account_receivable_turnover_ratio": 1.65,
            "reinvestment_rate": null,
            "research_to_sale_ratio": 0.5,
            "price_fair": 253.6,
            "eps_avg_yearly": 7.25,
            "eps_latest_yearly": 4.32,
            "eps_growth_yearly": 51.5
        },
        "20123": {
            "year_quarter": 20123,
            "year": 2012,
            "quarter": 3,
            "eps": -1.62,
            "eps_growth_year": null,
            "eps_4q": -5.98,
            "eps_4q_growth_year": null,
            "roe": -6.18,
            "roe_4q": -22.11,
            "gross_profit": -263836,
            "gross_margin": -20.61,
            "gross_margin_4q_avg": -12.37,
            "net_income": -467271,
            "revenue": 1279941,
            "common_shares": 2890394,
            "book_valuer_per_share": 24.92,
            "book_valuer_per_share_4q_avg": 27.61,
            "equity": 7901193,
            "current_ratio": 175.04,
            "debt_ratio": 44.72,
            "inventory_turnover_ratio": 2.74,
            "account_receivable_turnover_ratio": 1.18,
            "reinvestment_rate": null,
            "research_to_sale_ratio": 0.9,
            "price_fair": 250.6,
            "eps_avg_yearly": 7.16,
            "eps_latest_yearly": 4.32,
            "eps_growth_yearly": 73.09
        },
        "20124": {
            "year_quarter": 20124,
            "year": 2012,
            "quarter": 4,
            "eps": -2.55,
            "eps_growth_year": null,
            "eps_4q": -6.28,
            "eps_4q_growth_year": null,
            "roe": -9.87,
            "roe_4q": -24.099999999999998,
            "gross_profit": -260795,
            "gross_margin": -25.95,
            "gross_margin_4q_avg": -11.91,
            "net_income": -738058,
            "revenue": 1005050,
            "common_shares": 2890394,
            "book_valuer_per_share": 22.25,
            "book_valuer_per_share_4q_avg": 25.82,
            "equity": 7053783,
            "current_ratio": 133.19,
            "debt_ratio": 46.03,
            "inventory_turnover_ratio": 2.51,
            "account_receivable_turnover_ratio": 1.35,
            "reinvestment_rate": null,
            "research_to_sale_ratio": 1.19,
            "price_fair": 250.6,
            "eps_avg_yearly": 7.16,
            "eps_latest_yearly": 4.32,
            "eps_growth_yearly": 73.09
        },
        "20131": {
            "year_quarter": 20131,
            "year": 2013,
            "quarter": 1,
            "eps": -0.95,
            "eps_growth_year": null,
            "eps_4q": -5.96,
            "eps_4q_growth_year": null,
            "roe": -4.29,
            "roe_4q": -25.759999999999998,
            "gross_profit": -117378,
            "gross_margin": -10.59,
            "gross_margin_4q_avg": -13.81,
            "net_income": -298794,
            "revenue": 1108042,
            "common_shares": 3203694,
            "book_valuer_per_share": 21.48,
            "book_valuer_per_share_4q_avg": 23.92,
            "equity": 6879995,
            "current_ratio": 122.34,
            "debt_ratio": 48.06,
            "inventory_turnover_ratio": 2.52,
            "account_receivable_turnover_ratio": 1.4,
            "reinvestment_rate": null,
            "research_to_sale_ratio": 1.11,
            "price_fair": 250.6,
            "eps_avg_yearly": 7.16,
            "eps_latest_yearly": 4.32,
            "eps_growth_yearly": 73.09
        },
        "20132": {
            "year_quarter": 20132,
            "year": 2013,
            "quarter": 2,
            "eps": -0.44,
            "eps_growth_year": null,
            "eps_4q": -5.13,
            "eps_4q_growth_year": null,
            "roe": -2.06,
            "roe_4q": -22.4,
            "gross_profit": 101498,
            "gross_margin": 6.33,
            "gross_margin_4q_avg": -12.71,
            "net_income": -140205,
            "revenue": 1603157,
            "common_shares": 3203694,
            "book_valuer_per_share": 21.02,
            "book_valuer_per_share_4q_avg": 22.42,
            "equity": 6730132,
            "current_ratio": 144.95,
            "debt_ratio": 47.16,
            "inventory_turnover_ratio": 3,
            "account_receivable_turnover_ratio": 1.82,
            "reinvestment_rate": null,
            "research_to_sale_ratio": 0.87,
            "price_fair": 250.6,
            "eps_avg_yearly": 7.16,
            "eps_latest_yearly": 4.32,
            "eps_growth_yearly": 73.09
        },
        "20133": {
            "year_quarter": 20133,
            "year": 2013,
            "quarter": 3,
            "eps": 0.22,
            "eps_growth_year": null,
            "eps_4q": -3.45,
            "eps_4q_growth_year": null,
            "roe": 1.06,
            "roe_4q": -15.16,
            "gross_profit": 193567,
            "gross_margin": 9.76,
            "gross_margin_4q_avg": -5.11,
            "net_income": 71843,
            "revenue": 1983431,
            "common_shares": 3201894,
            "book_valuer_per_share": 21.31,
            "book_valuer_per_share_4q_avg": 21.52,
            "equity": 6822877,
            "current_ratio": 102.7,
            "debt_ratio": 46.61,
            "inventory_turnover_ratio": 3.4,
            "account_receivable_turnover_ratio": 1.85,
            "reinvestment_rate": null,
            "research_to_sale_ratio": 0.69,
            "price_fair": 250.6,
            "eps_avg_yearly": 7.16,
            "eps_latest_yearly": 4.32,
            "eps_growth_yearly": 73.09
        },
        "20134": {
            "year_quarter": 20134,
            "year": 2013,
            "quarter": 4,
            "eps": -0.01,
            "eps_growth_year": null,
            "eps_4q": -1.15,
            "eps_4q_growth_year": null,
            "roe": -0.04,
            "roe_4q": -5.33,
            "gross_profit": 198907,
            "gross_margin": 8.55,
            "gross_margin_4q_avg": 3.51,
            "net_income": -2527,
            "revenue": 2326051,
            "common_shares": 3216944,
            "book_valuer_per_share": 22.01,
            "book_valuer_per_share_4q_avg": 21.46,
            "equity": 7080067,
            "current_ratio": 124.12,
            "debt_ratio": 44.51,
            "inventory_turnover_ratio": 3.32,
            "account_receivable_turnover_ratio": 1.78,
            "reinvestment_rate": null,
            "research_to_sale_ratio": 0.76,
            "price_fair": 267.96,
            "eps_avg_yearly": 7.66,
            "eps_latest_yearly": 4.32,
            "eps_growth_yearly": 37.71
        },
        "20141": {
            "year_quarter": 20141,
            "year": 2014,
            "quarter": 1,
            "eps": 0.46,
            "eps_growth_year": null,
            "eps_4q": 0.22,
            "eps_4q_growth_year": null,
            "roe": 1.98,
            "roe_4q": 0.94,
            "gross_profit": 272401,
            "gross_margin": 10.26,
            "gross_margin_4q_avg": 8.73,
            "net_income": 152236,
            "revenue": 2655814,
            "common_shares": 3715844,
            "book_valuer_per_share": 22.34,
            "book_valuer_per_share_4q_avg": 21.67,
            "equity": 8301895,
            "current_ratio": 121.04,
            "debt_ratio": 37.81,
            "inventory_turnover_ratio": 3.14,
            "account_receivable_turnover_ratio": 1.83,
            "reinvestment_rate": null,
            "research_to_sale_ratio": 0.74,
            "price_fair": 293.3,
            "eps_avg_yearly": 8.38,
            "eps_latest_yearly": 4.32,
            "eps_growth_yearly": 45.42
        },
        "20142": {
            "year_quarter": 20142,
            "year": 2014,
            "quarter": 2,
            "eps": 0.23,
            "eps_growth_year": null,
            "eps_4q": 0.83,
            "eps_4q_growth_year": null,
            "roe": 1.03,
            "roe_4q": 4.029999999999999,
            "gross_profit": 239254,
            "gross_margin": 8.91,
            "gross_margin_4q_avg": 9.37,
            "net_income": 85962,
            "revenue": 2684225,
            "common_shares": 3715844,
            "book_valuer_per_share": 22.63,
            "book_valuer_per_share_4q_avg": 22.07,
            "equity": 8409115,
            "current_ratio": 163.57,
            "debt_ratio": 37.03,
            "inventory_turnover_ratio": 3.29,
            "account_receivable_turnover_ratio": 1.62,
            "reinvestment_rate": null,
            "research_to_sale_ratio": 0.75,
            "price_fair": 20.55,
            "eps_avg_yearly": 6.85,
            "eps_latest_yearly": 0.92,
            "eps_growth_yearly": -52.48
        },
        "20143": {
            "year_quarter": 20143,
            "year": 2014,
            "quarter": 3,
            "eps": -0.25,
            "eps_growth_year": -213.64,
            "eps_4q": 0.39,
            "eps_4q_growth_year": null,
            "roe": -1.1,
            "roe_4q": 1.8699999999999999,
            "gross_profit": 20232,
            "gross_margin": 1.03,
            "gross_margin_4q_avg": 7.19,
            "net_income": -90656,
            "revenue": 1970763,
            "common_shares": 3715844,
            "book_valuer_per_share": 21.9,
            "book_valuer_per_share_4q_avg": 22.22,
            "equity": 8136521,
            "current_ratio": 161.52,
            "debt_ratio": 38.71,
            "inventory_turnover_ratio": 2.63,
            "account_receivable_turnover_ratio": 1.45,
            "reinvestment_rate": null,
            "research_to_sale_ratio": 0.93,
            "price_fair": 15.44,
            "eps_avg_yearly": 5.15,
            "eps_latest_yearly": 0.92,
            "eps_growth_yearly": -163.15
        },
        "20144": {
            "year_quarter": 20144,
            "year": 2014,
            "quarter": 4,
            "eps": 0.01,
            "eps_growth_year": null,
            "eps_4q": 0.41,
            "eps_4q_growth_year": null,
            "roe": 0.05,
            "roe_4q": 1.96,
            "gross_profit": 105462,
            "gross_margin": 4.52,
            "gross_margin_4q_avg": 6.18,
            "net_income": 4465,
            "revenue": 2330736,
            "common_shares": 3715844,
            "book_valuer_per_share": 22.51,
            "book_valuer_per_share_4q_avg": 22.35,
            "equity": 8362794,
            "current_ratio": 167.19,
            "debt_ratio": 40.11,
            "inventory_turnover_ratio": 2.73,
            "account_receivable_turnover_ratio": 2.11,
            "reinvestment_rate": null,
            "research_to_sale_ratio": 0.87,
            "price_fair": 7.86,
            "eps_avg_yearly": 2.62,
            "eps_latest_yearly": 0.92,
            "eps_growth_yearly": -215.29
        },
        "20151": {
            "year_quarter": 20151,
            "year": 2015,
            "quarter": 1,
            "eps": -0.41,
            "eps_growth_year": -189.13,
            "eps_4q": -0.4,
            "eps_4q_growth_year": -283.98,
            "roe": -1.82,
            "roe_4q": -1.84,
            "gross_profit": -32964,
            "gross_margin": -1.72,
            "gross_margin_4q_avg": 3.19,
            "net_income": -149453,
            "revenue": 1910970,
            "common_shares": 3715094,
            "book_valuer_per_share": 21.63,
            "book_valuer_per_share_4q_avg": 22.17,
            "equity": 8034728,
            "current_ratio": 130.35,
            "debt_ratio": 40.36,
            "inventory_turnover_ratio": 2.08,
            "account_receivable_turnover_ratio": 1.65,
            "reinvestment_rate": null,
            "research_to_sale_ratio": 1.01,
            "price_fair": 2.76,
            "eps_avg_yearly": 0.92,
            "eps_latest_yearly": 0.92,
            "eps_growth_yearly": -200
        },
        "20152": {
            "year_quarter": 20152,
            "year": 2015,
            "quarter": 2,
            "eps": -0.82,
            "eps_growth_year": -456.52,
            "eps_4q": -1.45,
            "eps_4q_growth_year": -274.94,
            "roe": -3.91,
            "roe_4q": -6.780000000000001,
            "gross_profit": -75633,
            "gross_margin": -3.31,
            "gross_margin_4q_avg": 0.13,
            "net_income": -302221,
            "revenue": 2286449,
            "common_shares": 3715094,
            "book_valuer_per_share": 19.99,
            "book_valuer_per_share_4q_avg": 21.51,
            "equity": 7424526,
            "current_ratio": 56.93,
            "debt_ratio": 41.18,
            "inventory_turnover_ratio": 2.46,
            "account_receivable_turnover_ratio": 1.94,
            "reinvestment_rate": null,
            "research_to_sale_ratio": 0.81,
            "price_fair": 2.76,
            "eps_avg_yearly": 0.92,
            "eps_latest_yearly": 0.92,
            "eps_growth_yearly": -200
        },
        "20153": {
            "year_quarter": 20153,
            "year": 2015,
            "quarter": 3,
            "eps": 0.06,
            "eps_growth_year": null,
            "eps_4q": -1.14,
            "eps_4q_growth_year": -392.81,
            "roe": 0.31,
            "roe_4q": -5.37,
            "gross_profit": 178584,
            "gross_margin": 6.17,
            "gross_margin_4q_avg": 1.42,
            "net_income": 22738,
            "revenue": 2894955,
            "common_shares": 3713594,
            "book_valuer_per_share": 19.62,
            "book_valuer_per_share_4q_avg": 20.94,
            "equity": 7284510,
            "current_ratio": 63,
            "debt_ratio": 42.97,
            "inventory_turnover_ratio": 3.26,
            "account_receivable_turnover_ratio": 2.17,
            "reinvestment_rate": null,
            "research_to_sale_ratio": 0.6,
            "price_fair": 2.76,
            "eps_avg_yearly": 0.92,
            "eps_latest_yearly": 0.92,
            "eps_growth_yearly": -200
        },
        "20154": {
            "year_quarter": 20154,
            "year": 2015,
            "quarter": 4,
            "eps": 0.26,
            "eps_growth_year": 2025.15,
            "eps_4q": -0.9,
            "eps_4q_growth_year": -319.84,
            "roe": 1.27,
            "roe_4q": -4.15,
            "gross_profit": 285437,
            "gross_margin": 8.42,
            "gross_margin_4q_avg": 2.39,
            "net_income": 94789,
            "revenue": 3391319,
            "common_shares": 3712994,
            "book_valuer_per_share": 20.68,
            "book_valuer_per_share_4q_avg": 20.48,
            "equity": 7679840,
            "current_ratio": 60.88,
            "debt_ratio": 40.12,
            "inventory_turnover_ratio": 3.66,
            "account_receivable_turnover_ratio": 2.64,
            "reinvestment_rate": null,
            "research_to_sale_ratio": 0.51,
            "price_fair": 34.3,
            "eps_avg_yearly": 0.98,
            "eps_latest_yearly": 1.04,
            "eps_growth_yearly": 566.67
        },
        "20161": {
            "year_quarter": 20161,
            "year": 2016,
            "quarter": 1,
            "eps": 0.69,
            "eps_growth_year": null,
            "eps_4q": 0.19,
            "eps_4q_growth_year": null,
            "roe": 3.31,
            "roe_4q": 0.9799999999999995,
            "gross_profit": 347625,
            "gross_margin": 11.04,
            "gross_margin_4q_avg": 5.58,
            "net_income": 255473,
            "revenue": 3149822,
            "common_shares": 3712694,
            "book_valuer_per_share": 20.89,
            "book_valuer_per_share_4q_avg": 20.3,
            "equity": 7755070,
            "current_ratio": 147.98,
            "debt_ratio": 38.84,
            "inventory_turnover_ratio": 2.85,
            "account_receivable_turnover_ratio": 2.9,
            "reinvestment_rate": null,
            "research_to_sale_ratio": 0.62,
            "price_fair": 55.07,
            "eps_avg_yearly": 1.57,
            "eps_latest_yearly": 2.76,
            "eps_growth_yearly": 598.29
        },
        "20162": {
            "year_quarter": 20162,
            "year": 2016,
            "quarter": 2,
            "eps": 0.21,
            "eps_growth_year": null,
            "eps_4q": 1.21,
            "eps_4q_growth_year": null,
            "roe": 0.98,
            "roe_4q": 5.87,
            "gross_profit": 120819,
            "gross_margin": 3.98,
            "gross_margin_4q_avg": 7.4,
            "net_income": 76521,
            "revenue": 3033327,
            "common_shares": 3712694,
            "book_valuer_per_share": 21.05,
            "book_valuer_per_share_4q_avg": 20.56,
            "equity": 7814323,
            "current_ratio": 168.12,
            "debt_ratio": 37.59,
            "inventory_turnover_ratio": 2.63,
            "account_receivable_turnover_ratio": 3.26,
            "reinvestment_rate": null,
            "research_to_sale_ratio": 0.63,
            "price_fair": 48.65,
            "eps_avg_yearly": 1.39,
            "eps_latest_yearly": 0.84,
            "eps_growth_yearly": 379.15
        },
        "20163": {
            "year_quarter": 20163,
            "year": 2016,
            "quarter": 3,
            "eps": -1,
            "eps_growth_year": -1766.67,
            "eps_4q": 0.15,
            "eps_4q_growth_year": null,
            "roe": -4.88,
            "roe_4q": 0.6800000000000002,
            "gross_profit": -273550,
            "gross_margin": -16.13,
            "gross_margin_4q_avg": 1.83,
            "net_income": -369377,
            "revenue": 1696072,
            "common_shares": 3712394,
            "book_valuer_per_share": 19.72,
            "book_valuer_per_share_4q_avg": 20.59,
            "equity": 7321961,
            "current_ratio": 144.78,
            "debt_ratio": 35.81,
            "inventory_turnover_ratio": 2.05,
            "account_receivable_turnover_ratio": 2.53,
            "reinvestment_rate": null,
            "research_to_sale_ratio": 0.94,
            "price_fair": 48.65,
            "eps_avg_yearly": 1.39,
            "eps_latest_yearly": 0.84,
            "eps_growth_yearly": 379.15
        },
        "20164": {
            "year_quarter": 20164,
            "year": 2016,
            "quarter": 4,
            "eps": -1.2,
            "eps_growth_year": -567.58,
            "eps_4q": -1.3,
            "eps_4q_growth_year": null,
            "roe": -6.26,
            "roe_4q": -6.85,
            "gross_profit": -64595,
            "gross_margin": -3.81,
            "gross_margin_4q_avg": -1.23,
            "net_income": -443643,
            "revenue": 1696246,
            "common_shares": 3712094,
            "book_valuer_per_share": 18.47,
            "book_valuer_per_share_4q_avg": 20.03,
            "equity": 6855722,
            "current_ratio": 140.37,
            "debt_ratio": 37.94,
            "inventory_turnover_ratio": 2.07,
            "account_receivable_turnover_ratio": 3.25,
            "reinvestment_rate": null,
            "research_to_sale_ratio": 1.21,
            "price_fair": 48.65,
            "eps_avg_yearly": 1.39,
            "eps_latest_yearly": 0.84,
            "eps_growth_yearly": 379.15
        },
        "20171": {
            "year_quarter": 20171,
            "year": 2017,
            "quarter": 1,
            "eps": -0.88,
            "eps_growth_year": -227.54,
            "eps_4q": -2.87,
            "eps_4q_growth_year": -1600.36,
            "roe": -4.78,
            "roe_4q": -14.939999999999998,
            "gross_profit": -182502,
            "gross_margin": -14.08,
            "gross_margin_4q_avg": -7.51,
            "net_income": -327282,
            "revenue": 1295972,
            "common_shares": 3712094,
            "book_valuer_per_share": 18.4,
            "book_valuer_per_share_4q_avg": 19.41,
            "equity": 6829455,
            "current_ratio": 134.84,
            "debt_ratio": 38.53,
            "inventory_turnover_ratio": 1.38,
            "account_receivable_turnover_ratio": 2.88,
            "reinvestment_rate": null,
            "research_to_sale_ratio": 1.3,
            "price_fair": 48.65,
            "eps_avg_yearly": 1.39,
            "eps_latest_yearly": 0.84,
            "eps_growth_yearly": 379.15
        },
        "20172": {
            "year_quarter": 20172,
            "year": 2017,
            "quarter": 2,
            "eps": -0.75,
            "eps_growth_year": -457.14,
            "eps_4q": -3.82,
            "eps_4q_growth_year": -415.67,
            "roe": -4.19,
            "roe_4q": -20.11,
            "gross_profit": -132260,
            "gross_margin": -7.34,
            "gross_margin_4q_avg": -10.34,
            "net_income": -279062,
            "revenue": 1802117,
            "common_shares": 3712094,
            "book_valuer_per_share": 17.49,
            "book_valuer_per_share_4q_avg": 18.52,
            "equity": 6493699,
            "current_ratio": 130.45,
            "debt_ratio": 39.39,
            "inventory_turnover_ratio": 1.8,
            "account_receivable_turnover_ratio": 4.14,
            "reinvestment_rate": null,
            "research_to_sale_ratio": 1.04,
            "price_fair": 48.65,
            "eps_avg_yearly": 1.39,
            "eps_latest_yearly": 0.84,
            "eps_growth_yearly": 379.15
        },
        "20173": {
            "year_quarter": 20173,
            "year": 2017,
            "quarter": 3,
            "eps": -0.44,
            "eps_growth_year": null,
            "eps_4q": -3.25,
            "eps_4q_growth_year": -2196.37,
            "roe": -2.46,
            "roe_4q": -17.689999999999998,
            "gross_profit": -70022,
            "gross_margin": -3.94,
            "gross_margin_4q_avg": -7.29,
            "net_income": -163427,
            "revenue": 1775414,
            "common_shares": 3712094,
            "book_valuer_per_share": 18.06,
            "book_valuer_per_share_4q_avg": 18.11,
            "equity": 6784152,
            "current_ratio": 134.89,
            "debt_ratio": 40.5,
            "inventory_turnover_ratio": 1.82,
            "account_receivable_turnover_ratio": 3.27,
            "reinvestment_rate": null,
            "research_to_sale_ratio": 1.03,
            "price_fair": 48.65,
            "eps_avg_yearly": 1.39,
            "eps_latest_yearly": 0.84,
            "eps_growth_yearly": 379.15
        },
        "20174": {
            "year_quarter": 20174,
            "year": 2017,
            "quarter": 4,
            "eps": -0.43,
            "eps_growth_year": null,
            "eps_4q": -2.48,
            "eps_4q_growth_year": null,
            "roe": -2.36,
            "roe_4q": -13.790000000000003,
            "gross_profit": -123515,
            "gross_margin": -8.77,
            "gross_margin_4q_avg": -8.53,
            "net_income": -161489,
            "revenue": 1408880,
            "common_shares": 3756644,
            "book_valuer_per_share": 18.37,
            "book_valuer_per_share_4q_avg": 18.08,
            "equity": 6901214,
            "current_ratio": 129.9,
            "debt_ratio": 37.61,
            "inventory_turnover_ratio": 1.46,
            "account_receivable_turnover_ratio": 2.78,
            "reinvestment_rate": null,
            "research_to_sale_ratio": 1.26,
            "price_fair": 48.65,
            "eps_avg_yearly": 1.39,
            "eps_latest_yearly": 0.84,
            "eps_growth_yearly": 379.15
        },
        "20181": {
            "year_quarter": 20181,
            "year": 2018,
            "quarter": 1,
            "eps": -0.57,
            "eps_growth_year": null,
            "eps_4q": -2.17,
            "eps_4q_growth_year": null,
            "roe": -2.97,
            "roe_4q": -11.98,
            "gross_profit": -96723,
            "gross_margin": -7.39,
            "gross_margin_4q_avg": -6.86,
            "net_income": -212057,
            "revenue": 1309712,
            "common_shares": 3756644,
            "book_valuer_per_share": 19.64,
            "book_valuer_per_share_4q_avg": 18.39,
            "equity": 7377711,
            "current_ratio": 120.45,
            "debt_ratio": 39.71,
            "inventory_turnover_ratio": 1.35,
            "account_receivable_turnover_ratio": 2.59,
            "reinvestment_rate": null,
            "research_to_sale_ratio": 1.61,
            "price_fair": 48.65,
            "eps_avg_yearly": 1.39,
            "eps_latest_yearly": 0.84,
            "eps_growth_yearly": 379.15
        },
        "20182": {
            "year_quarter": 20182,
            "year": 2018,
            "quarter": 2,
            "eps": -0.6,
            "eps_growth_year": null,
            "eps_4q": -2.02,
            "eps_4q_growth_year": null,
            "roe": -2.98,
            "roe_4q": -10.77,
            "gross_profit": -54337,
            "gross_margin": -4.85,
            "gross_margin_4q_avg": -6.24,
            "net_income": -221560,
            "revenue": 1119308,
            "common_shares": 3755944,
            "book_valuer_per_share": 20.01,
            "book_valuer_per_share_4q_avg": 19.02,
            "equity": 7511520,
            "current_ratio": 111.46,
            "debt_ratio": 40.56,
            "inventory_turnover_ratio": 1,
            "account_receivable_turnover_ratio": 2.36,
            "reinvestment_rate": null,
            "research_to_sale_ratio": 1.7,
            "price_fair": 54.13,
            "eps_avg_yearly": 1.55,
            "eps_latest_yearly": 0.84,
            "eps_growth_yearly": 572.2
        }
    },
    "months": {
        "2007-06": {
            "month": "2007-06",
            "price": "127.10",
            "revenue": 276371
        },
        "2007-07": {
            "month": "2007-07",
            "price": "121.38",
            "revenue": 277825
        },
        "2007-08": {
            "month": "2007-08",
            "price": "112.41",
            "revenue": 258777
        },
        "2007-09": {
            "month": "2007-09",
            "price": "87.77",
            "revenue": 256946
        },
        "2007-10": {
            "month": "2007-10",
            "price": "92.49",
            "revenue": 354609
        },
        "2007-11": {
            "month": "2007-11",
            "price": "87.28",
            "revenue": 384014
        },
        "2007-12": {
            "month": "2007-12",
            "price": "74.95",
            "revenue": 420473
        },
        "2008-01": {
            "month": "2008-01",
            "price": "65.10",
            "revenue": 392101
        },
        "2008-02": {
            "month": "2008-02",
            "price": "54.88",
            "revenue": 348876
        },
        "2008-03": {
            "month": "2008-03",
            "price": "60.24",
            "revenue": 368529
        },
        "2008-04": {
            "month": "2008-04",
            "price": "71.40",
            "revenue": 592111
        },
        "2008-05": {
            "month": "2008-05",
            "price": "79.58",
            "revenue": 493778
        },
        "2008-06": {
            "month": "2008-06",
            "price": "63.95",
            "revenue": 594904
        },
        "2008-07": {
            "month": "2008-07",
            "price": "65.34",
            "revenue": 464006
        },
        "2008-08": {
            "month": "2008-08",
            "price": "74.01",
            "revenue": 518031
        },
        "2008-09": {
            "month": "2008-09",
            "price": "73.72",
            "revenue": 482206
        },
        "2008-10": {
            "month": "2008-10",
            "price": "60.36",
            "revenue": 409003
        },
        "2008-11": {
            "month": "2008-11",
            "price": "32.91",
            "revenue": 355463
        },
        "2008-12": {
            "month": "2008-12",
            "price": "27.52",
            "revenue": 324282
        },
        "2009-01": {
            "month": "2009-01",
            "price": "26.26",
            "revenue": 356534
        },
        "2009-02": {
            "month": "2009-02",
            "price": "23.75",
            "revenue": 194735
        },
        "2009-03": {
            "month": "2009-03",
            "price": "23.86",
            "revenue": 277700
        },
        "2009-04": {
            "month": "2009-04",
            "price": "25.94",
            "revenue": 205108
        },
        "2009-05": {
            "month": "2009-05",
            "price": "25.16",
            "revenue": 188602
        },
        "2009-06": {
            "month": "2009-06",
            "price": "23.80",
            "revenue": 201427
        },
        "2009-07": {
            "month": "2009-07",
            "price": "24.95",
            "revenue": 229395
        },
        "2009-08": {
            "month": "2009-08",
            "price": "23.23",
            "revenue": 247636
        },
        "2009-09": {
            "month": "2009-09",
            "price": "21.04",
            "revenue": 423719
        },
        "2009-10": {
            "month": "2009-10",
            "price": "23.51",
            "revenue": 470069
        },
        "2009-11": {
            "month": "2009-11",
            "price": "35.92",
            "revenue": 513914
        },
        "2009-12": {
            "month": "2009-12",
            "price": "53.79",
            "revenue": 525553
        },
        "2010-01": {
            "month": "2010-01",
            "price": "57.56",
            "revenue": 533187
        },
        "2010-02": {
            "month": "2010-02",
            "price": "60.59",
            "revenue": 531933
        },
        "2010-03": {
            "month": "2010-03",
            "price": "68.32",
            "revenue": 559538
        },
        "2010-04": {
            "month": "2010-04",
            "price": "73.03",
            "revenue": 592684
        },
        "2010-05": {
            "month": "2010-05",
            "price": "63.12",
            "revenue": 638966
        },
        "2010-06": {
            "month": "2010-06",
            "price": "62.13",
            "revenue": 701506
        },
        "2010-07": {
            "month": "2010-07",
            "price": "83.41",
            "revenue": 965957
        },
        "2010-08": {
            "month": "2010-08",
            "price": "90.93",
            "revenue": 1164287
        },
        "2010-09": {
            "month": "2010-09",
            "price": "93.45",
            "revenue": 1301091
        },
        "2010-10": {
            "month": "2010-10",
            "price": "77.69",
            "revenue": 1309606
        },
        "2010-11": {
            "month": "2010-11",
            "price": "82.77",
            "revenue": 1339011
        },
        "2010-12": {
            "month": "2010-12",
            "price": "78.78",
            "revenue": 1424399
        },
        "2011-01": {
            "month": "2011-01",
            "price": "75.68",
            "revenue": 1594981
        },
        "2011-02": {
            "month": "2011-02",
            "price": "85.01",
            "revenue": 1668731
        },
        "2011-03": {
            "month": "2011-03",
            "price": "87.62",
            "revenue": 1689015
        },
        "2011-04": {
            "month": "2011-04",
            "price": "77.11",
            "revenue": 1257330
        },
        "2011-05": {
            "month": "2011-05",
            "price": "60.96",
            "revenue": 725639
        },
        "2011-06": {
            "month": "2011-06",
            "price": "59.44",
            "revenue": 976842
        },
        "2011-07": {
            "month": "2011-07",
            "price": "62.96",
            "revenue": 1071581
        },
        "2011-08": {
            "month": "2011-08",
            "price": "47.04",
            "revenue": 1001718
        },
        "2011-09": {
            "month": "2011-09",
            "price": "31.94",
            "revenue": 777882
        },
        "2011-10": {
            "month": "2011-10",
            "price": "31.18",
            "revenue": 776372
        },
        "2011-11": {
            "month": "2011-11",
            "price": "25.51",
            "revenue": 418140
        },
        "2011-12": {
            "month": "2011-12",
            "price": "28.15",
            "revenue": 223627
        },
        "2012-01": {
            "month": "2012-01",
            "price": "30.22",
            "revenue": 454919
        },
        "2012-02": {
            "month": "2012-02",
            "price": "38.54",
            "revenue": 541263
        },
        "2012-03": {
            "month": "2012-03",
            "price": "36.74",
            "revenue": 695749
        },
        "2012-04": {
            "month": "2012-04",
            "price": "35.25",
            "revenue": 654044
        },
        "2012-05": {
            "month": "2012-05",
            "price": "32.04",
            "revenue": 712832
        },
        "2012-06": {
            "month": "2012-06",
            "price": "31.37",
            "revenue": 820961
        },
        "2012-07": {
            "month": "2012-07",
            "price": "24.02",
            "revenue": 548846
        },
        "2012-08": {
            "month": "2012-08",
            "price": "18.99",
            "revenue": 426186
        },
        "2012-09": {
            "month": "2012-09",
            "price": "21.11",
            "revenue": 307698
        },
        "2012-10": {
            "month": "2012-10",
            "price": "17.53",
            "revenue": 380998
        },
        "2012-11": {
            "month": "2012-11",
            "price": "16.47",
            "revenue": 431347
        },
        "2012-12": {
            "month": "2012-12",
            "price": "18.84",
            "revenue": 189901
        },
        "2013-01": {
            "month": "2013-01",
            "price": "20.75",
            "revenue": 329987
        },
        "2013-02": {
            "month": "2013-02",
            "price": "21.24",
            "revenue": 364255
        },
        "2013-03": {
            "month": "2013-03",
            "price": "21.04",
            "revenue": 413799
        },
        "2013-04": {
            "month": "2013-04",
            "price": "20.84",
            "revenue": 500373
        },
        "2013-05": {
            "month": "2013-05",
            "price": "22.20",
            "revenue": 541814
        },
        "2013-06": {
            "month": "2013-06",
            "price": "19.68",
            "revenue": 560970
        },
        "2013-07": {
            "month": "2013-07",
            "price": "18.82",
            "revenue": 630895
        },
        "2013-08": {
            "month": "2013-08",
            "price": "17.85",
            "revenue": 651817
        },
        "2013-09": {
            "month": "2013-09",
            "price": "19.49",
            "revenue": 700738
        },
        "2013-10": {
            "month": "2013-10",
            "price": "23.70",
            "revenue": 710563
        },
        "2013-11": {
            "month": "2013-11",
            "price": "25.55",
            "revenue": 837565
        },
        "2013-12": {
            "month": "2013-12",
            "price": "26.53",
            "revenue": 777908
        },
        "2014-01": {
            "month": "2014-01",
            "price": "27.44",
            "revenue": 857456
        },
        "2014-02": {
            "month": "2014-02",
            "price": "24.02",
            "revenue": 877779
        },
        "2014-03": {
            "month": "2014-03",
            "price": "23.16",
            "revenue": 920489
        },
        "2014-04": {
            "month": "2014-04",
            "price": "23.49",
            "revenue": 924044
        },
        "2014-05": {
            "month": "2014-05",
            "price": "24.10",
            "revenue": 931229
        },
        "2014-06": {
            "month": "2014-06",
            "price": "25.22",
            "revenue": 828945
        },
        "2014-07": {
            "month": "2014-07",
            "price": "23.33",
            "revenue": 577032
        },
        "2014-08": {
            "month": "2014-08",
            "price": "21.21",
            "revenue": 691538
        },
        "2014-09": {
            "month": "2014-09",
            "price": "22.30",
            "revenue": 702193
        },
        "2014-10": {
            "month": "2014-10",
            "price": "19.92",
            "revenue": 650668
        },
        "2014-11": {
            "month": "2014-11",
            "price": "18.32",
            "revenue": 900885
        },
        "2014-12": {
            "month": "2014-12",
            "price": "19.50",
            "revenue": 822560
        },
        "2015-01": {
            "month": "2015-01",
            "price": "19.16",
            "revenue": 826473
        },
        "2015-02": {
            "month": "2015-02",
            "price": "19.39",
            "revenue": 581530
        },
        "2015-03": {
            "month": "2015-03",
            "price": "19.78",
            "revenue": 502968
        },
        "2015-04": {
            "month": "2015-04",
            "price": "20.18",
            "revenue": 598539
        },
        "2015-05": {
            "month": "2015-05",
            "price": "18.44",
            "revenue": 707788
        },
        "2015-06": {
            "month": "2015-06",
            "price": "17.52",
            "revenue": 980716
        },
        "2015-07": {
            "month": "2015-07",
            "price": "18.88",
            "revenue": 877955
        },
        "2015-08": {
            "month": "2015-08",
            "price": "13.47",
            "revenue": 1064725
        },
        "2015-09": {
            "month": "2015-09",
            "price": "14.54",
            "revenue": 952276
        },
        "2015-10": {
            "month": "2015-10",
            "price": "16.83",
            "revenue": 1064396
        },
        "2015-11": {
            "month": "2015-11",
            "price": "18.27",
            "revenue": 1092124
        },
        "2015-12": {
            "month": "2015-12",
            "price": "20.17",
            "revenue": 1234799
        },
        "2016-01": {
            "month": "2016-01",
            "price": "18.82",
            "revenue": 1112061
        },
        "2016-02": {
            "month": "2016-02",
            "price": "19.00",
            "revenue": 918781
        },
        "2016-03": {
            "month": "2016-03",
            "price": "19.02",
            "revenue": 1119071
        },
        "2016-04": {
            "month": "2016-04",
            "price": "17.70",
            "revenue": 1080950
        },
        "2016-05": {
            "month": "2016-05",
            "price": "17.79",
            "revenue": 933353
        },
        "2016-06": {
            "month": "2016-06",
            "price": "18.55",
            "revenue": 1018933
        },
        "2016-07": {
            "month": "2016-07",
            "price": "18.40",
            "revenue": 664374
        },
        "2016-08": {
            "month": "2016-08",
            "price": "16.05",
            "revenue": 582362
        },
        "2016-09": {
            "month": "2016-09",
            "price": "15.62",
            "revenue": 449335
        },
        "2016-10": {
            "month": "2016-10",
            "price": "16.03",
            "revenue": 461293
        },
        "2016-11": {
            "month": "2016-11",
            "price": "14.51",
            "revenue": 736713
        },
        "2016-12": {
            "month": "2016-12",
            "price": "14.67",
            "revenue": 498240
        },
        "2017-01": {
            "month": "2017-01",
            "price": "14.77",
            "revenue": 387828
        },
        "2017-02": {
            "month": "2017-02",
            "price": "14.84",
            "revenue": 448856
        },
        "2017-03": {
            "month": "2017-03",
            "price": "14.57",
            "revenue": 459288
        },
        "2017-04": {
            "month": "2017-04",
            "price": "13.03",
            "revenue": 531640
        },
        "2017-05": {
            "month": "2017-05",
            "price": "12.93",
            "revenue": 598752
        },
        "2017-06": {
            "month": "2017-06",
            "price": "12.77",
            "revenue": 671726
        },
        "2017-07": {
            "month": "2017-07",
            "price": "12.87",
            "revenue": 615487
        },
        "2017-08": {
            "month": "2017-08",
            "price": "12.83",
            "revenue": 536031
        },
        "2017-09": {
            "month": "2017-09",
            "price": "13.29",
            "revenue": 623896
        },
        "2017-10": {
            "month": "2017-10",
            "price": "15.22",
            "revenue": 582478
        },
        "2017-11": {
            "month": "2017-11",
            "price": "15.13",
            "revenue": 361276
        },
        "2017-12": {
            "month": "2017-12",
            "price": "14.02",
            "revenue": 465127
        },
        "2018-01": {
            "month": "2018-01",
            "price": "14.99",
            "revenue": 435036
        },
        "2018-02": {
            "month": "2018-02",
            "price": "13.87",
            "revenue": 341534
        },
        "2018-03": {
            "month": "2018-03",
            "price": "13.86",
            "revenue": 533142
        },
        "2018-04": {
            "month": "2018-04",
            "price": "13.41",
            "revenue": 362499
        },
        "2018-05": {
            "month": "2018-05",
            "price": "12.96",
            "revenue": 298927
        },
        "2018-06": {
            "month": "2018-06",
            "price": "11.68",
            "revenue": 458146
        },
        "2018-07": {
            "month": "2018-07",
            "price": "10.56",
            "revenue": 333014
        },
        "2018-08": {
            "month": "2018-08",
            "price": "10.47",
            "revenue": 345806
        }
    }
}
