{
    "summary": {
        "stock_name": "頂晶科",
        "stock_id": "3562",
        "category": "光電",
        "main_business": "太陽光電發電系統之興建<br>太陽能模組之製造與銷售<br>太陽光電發電電站之投資",
        "website_url": "",
        "ceo": "資三德",
        "pe_ratio": 20,
        "report_year_from": 2007,
        "report_year_to": 2019,
        "age": 17,
        "eps_negative_percentage": 71,
        "eps_growth_avg": {
            "last_all": -29.69,
            "last_2y": null,
            "last_4y": -59.38,
            "last_8y": -59.38,
            "last_12y": -29.69,
            "last_16y": null,
            "last_20y": null,
            "at_2006_last_3y": null,
            "at_2007_last_3y": null,
            "at_2008_last_3y": null,
            "at_2009_last_3y": null,
            "at_2010_last_3y": 0,
            "at_2011_last_3y": -100,
            "at_2012_last_3y": null,
            "at_2013_last_3y": null,
            "at_2014_last_3y": null,
            "at_2015_last_3y": -18.75,
            "at_2016_last_3y": -59.38,
            "at_2017_last_3y": -59.38,
            "at_2018_last_3y": -59.38,
            "at_2019_last_3y": -100,
            "at_2020_last_3y": -100,
            "at_2021_last_3y": -100,
            "at_2022_last_3y": -100,
            "at_2023_last_3y": -100,
            "at_2024_last_3y": -100,
            "at_2006_last_all": null,
            "at_2007_last_all": null,
            "at_2008_last_all": 0,
            "at_2009_last_all": 0,
            "at_2010_last_all": 0,
            "at_2011_last_all": 0,
            "at_2012_last_all": 0,
            "at_2013_last_all": 0,
            "at_2014_last_all": 0,
            "at_2015_last_all": -6.25,
            "at_2016_last_all": -29.69,
            "at_2017_last_all": -29.69,
            "at_2018_last_all": -29.69,
            "at_2019_last_all": -29.69,
            "at_2020_last_all": -29.69,
            "at_2021_last_all": -29.69,
            "at_2022_last_all": -29.69,
            "at_2023_last_all": -29.69,
            "at_2024_last_all": -29.69
        },
        "latest_eps": 0.73,
        "latest_price": 14.8,
        "latest_roe": 11.05,
        "latest_gross_margin": 9.61,
        "latest_equity": 545609,
        "latest_revenue": 27827,
        "latest_gross_profit": 2675,
        "latest_net_income": -24093,
        "latest_debt_ratio": 13.31,
        "latest_current_ratio": 383.22,
        "latest_account_receivable_turnover_ratio": 0.25,
        "latest_inventory_turnover_ratio": 0.18,
        "latest_reinvestment_rate": null,
        "latest_research_to_sale_ratio": 0
    },
    "eps_dividends": {
        "2001": {
            "cash": 0,
            "stock": 0,
            "eps": 0
        },
        "2002": {
            "cash": 0,
            "stock": 0,
            "eps": 0
        },
        "2003": {
            "cash": 0,
            "stock": 0,
            "eps": 0
        },
        "2004": {
            "cash": 0,
            "stock": 0,
            "eps": 0
        },
        "2005": {
            "cash": 0,
            "stock": 0,
            "eps": 0
        },
        "2006": {
            "cash": 0,
            "stock": 0,
            "eps": 0.08
        },
        "2007": {
            "cash": 0,
            "stock": 0,
            "eps": 1.18
        },
        "2008": {
            "cash": 0.5,
            "stock": 0,
            "eps": -2.88
        },
        "2009": {
            "cash": 0,
            "stock": 1,
            "eps": -4.33
        },
        "2010": {
            "cash": 0,
            "stock": 0,
            "eps": -2.78
        },
        "2011": {
            "cash": 0,
            "stock": 0,
            "eps": -5.32
        },
        "2012": {
            "cash": 0,
            "stock": 0,
            "eps": -4.41
        },
        "2013": {
            "cash": 0,
            "stock": 0,
            "eps": -1.77
        },
        "2014": {
            "cash": 0,
            "stock": 0,
            "eps": 0.16
        },
        "2015": {
            "cash": 0,
            "stock": 0,
            "eps": 0.13
        },
        "2016": {
            "cash": 0,
            "stock": 0,
            "eps": -3.05
        },
        "2017": {
            "cash": 0,
            "stock": 0,
            "eps": -3.05
        },
        "2018": {
            "cash": 0,
            "stock": 0,
            "eps": -1.49
        },
        "2019": {
            "cash": 0,
            "stock": 0,
            "eps": -0.03
        }
    },
    "dividends": {
        "2008-03-13": {
            "cash": 0.5,
            "stock": 0
        },
        "2009-04-27": {
            "cash": 0,
            "stock": 1
        }
    },
    "prices": {
        "200101": "無",
        "200102": "無",
        "200103": "無",
        "200104": "無",
        "200105": "無",
        "200106": "無",
        "200107": "無",
        "200108": "無",
        "200109": "無",
        "200110": "無",
        "200111": "無",
        "200112": "無",
        "200201": "無",
        "200202": "無",
        "200203": "無",
        "200204": "無",
        "200205": "無",
        "200206": "無",
        "200207": "無",
        "200208": "無",
        "200209": "無",
        "200210": "無",
        "200211": "無",
        "200212": "無",
        "200301": "無",
        "200302": "無",
        "200303": "無",
        "200304": "無",
        "200305": "無",
        "200306": "無",
        "200307": "無",
        "200308": "無",
        "200309": "無",
        "200310": "無",
        "200311": "無",
        "200312": "無",
        "200401": "無",
        "200402": "無",
        "200403": "無",
        "200404": "無",
        "200405": "無",
        "200406": "無",
        "200407": "無",
        "200408": "無",
        "200409": "無",
        "200410": "無",
        "200411": "無",
        "200412": "無",
        "200501": "無",
        "200502": "無",
        "200503": "無",
        "200504": "無",
        "200505": "無",
        "200506": "無",
        "200507": "無",
        "200508": "無",
        "200509": "無",
        "200510": "無",
        "200511": "無",
        "200512": "無",
        "200601": "無",
        "200602": "無",
        "200603": "無",
        "200604": "無",
        "200605": "無",
        "200606": "無",
        "200607": "無",
        "200608": "無",
        "200609": "無",
        "200610": "無",
        "200611": "無",
        "200612": "無",
        "200701": "無",
        "200702": "無",
        "200703": "無",
        "200704": "無",
        "200705": "無",
        "200706": "140.02",
        "200707": "135.88",
        "200708": "142.69",
        "200709": "132.41",
        "200710": "128.14",
        "200711": "106.40",
        "200712": "79.84",
        "200801": "74.36",
        "200802": "70.67",
        "200803": "73.48",
        "200804": "93.10",
        "200805": "127.08",
        "200806": "116.25",
        "200807": "101.56",
        "200808": "107.57",
        "200809": "85.31",
        "200810": "52.63",
        "200811": "27.32",
        "200812": "22.40",
        "200901": "23.39",
        "200902": "24.60",
        "200903": "30.71",
        "200904": "33.27",
        "200905": "31.80",
        "200906": "33.26",
        "200907": "33.73",
        "200908": "30.87",
        "200909": "32.09",
        "200910": "37.54",
        "200911": "40.88",
        "200912": "44.42",
        "201001": "40.72",
        "201002": "34.99",
        "201003": "37.53",
        "201004": "39.01",
        "201005": "33.28",
        "201006": "31.15",
        "201007": "32.68",
        "201008": "36.96",
        "201009": "38.45",
        "201010": "33.40",
        "201011": "30.50",
        "201012": "31.16",
        "201101": "31.09",
        "201102": "34.70",
        "201103": "34.92",
        "201104": "32.72",
        "201105": "28.49",
        "201106": "26.70",
        "201107": "23.77",
        "201108": "18.12",
        "201109": "14.99",
        "201110": "13.34",
        "201111": "10.56",
        "201112": "11.54",
        "201201": "12.10",
        "201202": "17.50",
        "201203": "17.05",
        "201204": "13.64",
        "201205": "13.92",
        "201206": "12.97",
        "201207": "11.15",
        "201208": "9.59",
        "201209": "8.96",
        "201210": "9.45",
        "201211": "8.96",
        "201212": "8.92",
        "201301": "8.16",
        "201302": "8.12",
        "201303": "6.06",
        "201304": "4.60",
        "201305": "6.62",
        "201306": "6.69",
        "201307": "7.30",
        "201308": "6.18",
        "201309": "6.83",
        "201310": "7.26",
        "201311": "7.30",
        "201312": "7.28",
        "201401": "8.73",
        "201402": "8.60",
        "201403": "9.55",
        "201404": "9.32",
        "201405": "8.54",
        "201406": "8.87",
        "201407": "9.22",
        "201408": "7.81",
        "201409": "7.06",
        "201410": "7.25",
        "201411": "6.64",
        "201412": "5.45",
        "201501": "5.22",
        "201502": "4.98",
        "201503": "6.00",
        "201504": "5.69",
        "201505": "5.18",
        "201506": "5.05",
        "201507": "5.38",
        "201508": "5.04",
        "201509": "4.92",
        "201510": "4.31",
        "201511": "4.07",
        "201512": "4.45",
        "201601": "3.13",
        "201602": "3.09",
        "201603": "3.50",
        "201604": "4.79",
        "201605": "3.70",
        "201606": "2.66",
        "201607": "3.05",
        "201608": "2.51",
        "201609": "2.63",
        "201610": "12.05",
        "201611": "13.19",
        "201612": "9.77",
        "201701": "10.66",
        "201702": "12.10",
        "201703": "12.78",
        "201704": "12.61",
        "201705": "14.75",
        "201706": "12.86",
        "201707": "11.61",
        "201708": "10.68",
        "201709": "14.17",
        "201710": "14.19",
        "201711": "13.34",
        "201712": "13.13",
        "201801": "12.98",
        "201802": "12.87",
        "201803": "13.92",
        "201804": "15.56",
        "201805": "16.72",
        "201806": "15.78",
        "201807": "14.29",
        "201808": "13.08",
        "201809": "13.34",
        "201810": "9.87",
        "201811": "8.56",
        "201812": "7.55",
        "201901": "7.36",
        "201902": "6.11",
        "201903": "5.97",
        "201904": "7.99",
        "201905": "7.66",
        "201906": "7.80",
        "201907": "7.25",
        "201908": "7.24",
        "201909": "7.08",
        "201910": "6.95",
        "201911": "6.46",
        "201912": "7.02",
        "202001": "9.67",
        "202002": "13.34",
        "202003": "無",
        "202004": "無",
        "202005": "無",
        "202006": "無",
        "202007": "無",
        "202008": "無",
        "202009": "無",
        "202010": "無",
        "202011": "無",
        "202012": "無",
        "202101": "無",
        "202102": "無",
        "202103": "無",
        "202104": "無",
        "202105": "無",
        "202106": "無",
        "202107": "無",
        "202108": "無",
        "202109": "無",
        "202110": "無",
        "202111": "無",
        "202112": "無",
        "202201": "無",
        "202202": "無",
        "202203": "無",
        "202204": "無",
        "202205": "無",
        "202206": "無",
        "202207": "無",
        "202208": "無",
        "202209": "無",
        "202210": "無",
        "202211": "無",
        "202212": "無",
        "202301": "無",
        "202302": "無",
        "202303": "無",
        "202304": "無",
        "202305": "無",
        "202306": "無",
        "202307": "無",
        "202308": "無",
        "202309": "無",
        "202310": "無",
        "202311": "無",
        "202312": "無",
        "202401": "無",
        "202402": "無",
        "202403": "無",
        "202404": "無"
    },
    "quarters": {
        "20011": {
            "year_quarter": 20011,
            "year": 2001,
            "quarter": 1,
            "eps": null,
            "eps_growth_year": null,
            "eps_4q": null,
            "eps_4q_growth_year": null,
            "roe": null,
            "roe_4q": 0,
            "gross_profit": null,
            "gross_margin": null,
            "gross_margin_4q_avg": 0,
            "net_income": null,
            "net_income_4q": null,
            "revenue": null,
            "revenue_4q": null,
            "common_shares": null,
            "book_valuer_per_share": null,
            "book_valuer_per_share_4q_avg": 0,
            "equity": null,
            "current_ratio": null,
            "debt_ratio": null,
            "inventory_turnover_ratio": null,
            "account_receivable_turnover_ratio": null,
            "reinvestment_rate": null,
            "research_to_sale_ratio": null,
            "price_fair": 0,
            "eps_avg_yearly": 0,
            "eps_latest_yearly": 0,
            "eps_growth_yearly": 0
        },
        "20012": {
            "year_quarter": 20012,
            "year": 2001,
            "quarter": 2,
            "eps": null,
            "eps_growth_year": null,
            "eps_4q": null,
            "eps_4q_growth_year": null,
            "roe": null,
            "roe_4q": 0,
            "gross_profit": null,
            "gross_margin": null,
            "gross_margin_4q_avg": 0,
            "net_income": null,
            "net_income_4q": null,
            "revenue": null,
            "revenue_4q": null,
            "common_shares": null,
            "book_valuer_per_share": null,
            "book_valuer_per_share_4q_avg": 0,
            "equity": null,
            "current_ratio": null,
            "debt_ratio": null,
            "inventory_turnover_ratio": null,
            "account_receivable_turnover_ratio": null,
            "reinvestment_rate": null,
            "research_to_sale_ratio": null,
            "price_fair": 0,
            "eps_avg_yearly": 0,
            "eps_latest_yearly": 0,
            "eps_growth_yearly": 0
        },
        "20013": {
            "year_quarter": 20013,
            "year": 2001,
            "quarter": 3,
            "eps": null,
            "eps_growth_year": null,
            "eps_4q": null,
            "eps_4q_growth_year": null,
            "roe": null,
            "roe_4q": 0,
            "gross_profit": null,
            "gross_margin": null,
            "gross_margin_4q_avg": 0,
            "net_income": null,
            "net_income_4q": null,
            "revenue": null,
            "revenue_4q": null,
            "common_shares": null,
            "book_valuer_per_share": null,
            "book_valuer_per_share_4q_avg": 0,
            "equity": null,
            "current_ratio": null,
            "debt_ratio": null,
            "inventory_turnover_ratio": null,
            "account_receivable_turnover_ratio": null,
            "reinvestment_rate": null,
            "research_to_sale_ratio": null,
            "price_fair": 0,
            "eps_avg_yearly": 0,
            "eps_latest_yearly": 0,
            "eps_growth_yearly": 0
        },
        "20014": {
            "year_quarter": 20014,
            "year": 2001,
            "quarter": 4,
            "eps": null,
            "eps_growth_year": null,
            "eps_4q": null,
            "eps_4q_growth_year": null,
            "roe": null,
            "roe_4q": 0,
            "gross_profit": null,
            "gross_margin": null,
            "gross_margin_4q_avg": 0,
            "net_income": null,
            "net_income_4q": null,
            "revenue": null,
            "revenue_4q": null,
            "common_shares": null,
            "book_valuer_per_share": null,
            "book_valuer_per_share_4q_avg": 0,
            "equity": null,
            "current_ratio": null,
            "debt_ratio": null,
            "inventory_turnover_ratio": null,
            "account_receivable_turnover_ratio": null,
            "reinvestment_rate": null,
            "research_to_sale_ratio": null,
            "price_fair": 0,
            "eps_avg_yearly": 0,
            "eps_latest_yearly": 0,
            "eps_growth_yearly": 0
        },
        "20021": {
            "year_quarter": 20021,
            "year": 2002,
            "quarter": 1,
            "eps": null,
            "eps_growth_year": null,
            "eps_4q": null,
            "eps_4q_growth_year": null,
            "roe": null,
            "roe_4q": 0,
            "gross_profit": null,
            "gross_margin": null,
            "gross_margin_4q_avg": 0,
            "net_income": null,
            "net_income_4q": null,
            "revenue": null,
            "revenue_4q": null,
            "common_shares": null,
            "book_valuer_per_share": null,
            "book_valuer_per_share_4q_avg": 0,
            "equity": null,
            "current_ratio": null,
            "debt_ratio": null,
            "inventory_turnover_ratio": null,
            "account_receivable_turnover_ratio": null,
            "reinvestment_rate": null,
            "research_to_sale_ratio": null,
            "price_fair": 0,
            "eps_avg_yearly": 0,
            "eps_latest_yearly": 0,
            "eps_growth_yearly": 0
        },
        "20022": {
            "year_quarter": 20022,
            "year": 2002,
            "quarter": 2,
            "eps": null,
            "eps_growth_year": null,
            "eps_4q": null,
            "eps_4q_growth_year": null,
            "roe": null,
            "roe_4q": 0,
            "gross_profit": null,
            "gross_margin": null,
            "gross_margin_4q_avg": 0,
            "net_income": null,
            "net_income_4q": null,
            "revenue": null,
            "revenue_4q": null,
            "common_shares": null,
            "book_valuer_per_share": null,
            "book_valuer_per_share_4q_avg": 0,
            "equity": null,
            "current_ratio": null,
            "debt_ratio": null,
            "inventory_turnover_ratio": null,
            "account_receivable_turnover_ratio": null,
            "reinvestment_rate": null,
            "research_to_sale_ratio": null,
            "price_fair": 0,
            "eps_avg_yearly": 0,
            "eps_latest_yearly": 0,
            "eps_growth_yearly": 0
        },
        "20023": {
            "year_quarter": 20023,
            "year": 2002,
            "quarter": 3,
            "eps": null,
            "eps_growth_year": null,
            "eps_4q": null,
            "eps_4q_growth_year": null,
            "roe": null,
            "roe_4q": 0,
            "gross_profit": null,
            "gross_margin": null,
            "gross_margin_4q_avg": 0,
            "net_income": null,
            "net_income_4q": null,
            "revenue": null,
            "revenue_4q": null,
            "common_shares": null,
            "book_valuer_per_share": null,
            "book_valuer_per_share_4q_avg": 0,
            "equity": null,
            "current_ratio": null,
            "debt_ratio": null,
            "inventory_turnover_ratio": null,
            "account_receivable_turnover_ratio": null,
            "reinvestment_rate": null,
            "research_to_sale_ratio": null,
            "price_fair": 0,
            "eps_avg_yearly": 0,
            "eps_latest_yearly": 0,
            "eps_growth_yearly": 0
        },
        "20024": {
            "year_quarter": 20024,
            "year": 2002,
            "quarter": 4,
            "eps": null,
            "eps_growth_year": null,
            "eps_4q": null,
            "eps_4q_growth_year": null,
            "roe": null,
            "roe_4q": 0,
            "gross_profit": null,
            "gross_margin": null,
            "gross_margin_4q_avg": 0,
            "net_income": null,
            "net_income_4q": null,
            "revenue": null,
            "revenue_4q": null,
            "common_shares": null,
            "book_valuer_per_share": null,
            "book_valuer_per_share_4q_avg": 0,
            "equity": null,
            "current_ratio": null,
            "debt_ratio": null,
            "inventory_turnover_ratio": null,
            "account_receivable_turnover_ratio": null,
            "reinvestment_rate": null,
            "research_to_sale_ratio": null,
            "price_fair": 0,
            "eps_avg_yearly": 0,
            "eps_latest_yearly": 0,
            "eps_growth_yearly": 0
        },
        "20031": {
            "year_quarter": 20031,
            "year": 2003,
            "quarter": 1,
            "eps": null,
            "eps_growth_year": null,
            "eps_4q": null,
            "eps_4q_growth_year": null,
            "roe": null,
            "roe_4q": 0,
            "gross_profit": null,
            "gross_margin": null,
            "gross_margin_4q_avg": 0,
            "net_income": null,
            "net_income_4q": null,
            "revenue": null,
            "revenue_4q": null,
            "common_shares": null,
            "book_valuer_per_share": null,
            "book_valuer_per_share_4q_avg": 0,
            "equity": null,
            "current_ratio": null,
            "debt_ratio": null,
            "inventory_turnover_ratio": null,
            "account_receivable_turnover_ratio": null,
            "reinvestment_rate": null,
            "research_to_sale_ratio": null,
            "price_fair": 0,
            "eps_avg_yearly": 0,
            "eps_latest_yearly": 0,
            "eps_growth_yearly": 0
        },
        "20032": {
            "year_quarter": 20032,
            "year": 2003,
            "quarter": 2,
            "eps": null,
            "eps_growth_year": null,
            "eps_4q": null,
            "eps_4q_growth_year": null,
            "roe": null,
            "roe_4q": 0,
            "gross_profit": null,
            "gross_margin": null,
            "gross_margin_4q_avg": 0,
            "net_income": null,
            "net_income_4q": null,
            "revenue": null,
            "revenue_4q": null,
            "common_shares": null,
            "book_valuer_per_share": null,
            "book_valuer_per_share_4q_avg": 0,
            "equity": null,
            "current_ratio": null,
            "debt_ratio": null,
            "inventory_turnover_ratio": null,
            "account_receivable_turnover_ratio": null,
            "reinvestment_rate": null,
            "research_to_sale_ratio": null,
            "price_fair": 0,
            "eps_avg_yearly": 0,
            "eps_latest_yearly": 0,
            "eps_growth_yearly": 0
        },
        "20033": {
            "year_quarter": 20033,
            "year": 2003,
            "quarter": 3,
            "eps": null,
            "eps_growth_year": null,
            "eps_4q": null,
            "eps_4q_growth_year": null,
            "roe": null,
            "roe_4q": 0,
            "gross_profit": null,
            "gross_margin": null,
            "gross_margin_4q_avg": 0,
            "net_income": null,
            "net_income_4q": null,
            "revenue": null,
            "revenue_4q": null,
            "common_shares": null,
            "book_valuer_per_share": null,
            "book_valuer_per_share_4q_avg": 0,
            "equity": null,
            "current_ratio": null,
            "debt_ratio": null,
            "inventory_turnover_ratio": null,
            "account_receivable_turnover_ratio": null,
            "reinvestment_rate": null,
            "research_to_sale_ratio": null,
            "price_fair": 0,
            "eps_avg_yearly": 0,
            "eps_latest_yearly": 0,
            "eps_growth_yearly": 0
        },
        "20034": {
            "year_quarter": 20034,
            "year": 2003,
            "quarter": 4,
            "eps": null,
            "eps_growth_year": null,
            "eps_4q": null,
            "eps_4q_growth_year": null,
            "roe": null,
            "roe_4q": 0,
            "gross_profit": null,
            "gross_margin": null,
            "gross_margin_4q_avg": 0,
            "net_income": null,
            "net_income_4q": null,
            "revenue": null,
            "revenue_4q": null,
            "common_shares": null,
            "book_valuer_per_share": null,
            "book_valuer_per_share_4q_avg": 0,
            "equity": null,
            "current_ratio": null,
            "debt_ratio": null,
            "inventory_turnover_ratio": null,
            "account_receivable_turnover_ratio": null,
            "reinvestment_rate": null,
            "research_to_sale_ratio": null,
            "price_fair": 0,
            "eps_avg_yearly": 0,
            "eps_latest_yearly": 0,
            "eps_growth_yearly": 0
        },
        "20041": {
            "year_quarter": 20041,
            "year": 2004,
            "quarter": 1,
            "eps": null,
            "eps_growth_year": null,
            "eps_4q": null,
            "eps_4q_growth_year": null,
            "roe": null,
            "roe_4q": 0,
            "gross_profit": null,
            "gross_margin": null,
            "gross_margin_4q_avg": 0,
            "net_income": null,
            "net_income_4q": null,
            "revenue": null,
            "revenue_4q": null,
            "common_shares": null,
            "book_valuer_per_share": null,
            "book_valuer_per_share_4q_avg": 0,
            "equity": null,
            "current_ratio": null,
            "debt_ratio": null,
            "inventory_turnover_ratio": null,
            "account_receivable_turnover_ratio": null,
            "reinvestment_rate": null,
            "research_to_sale_ratio": null,
            "price_fair": 0,
            "eps_avg_yearly": 0,
            "eps_latest_yearly": 0,
            "eps_growth_yearly": 0
        },
        "20042": {
            "year_quarter": 20042,
            "year": 2004,
            "quarter": 2,
            "eps": null,
            "eps_growth_year": null,
            "eps_4q": null,
            "eps_4q_growth_year": null,
            "roe": null,
            "roe_4q": 0,
            "gross_profit": null,
            "gross_margin": null,
            "gross_margin_4q_avg": 0,
            "net_income": null,
            "net_income_4q": null,
            "revenue": null,
            "revenue_4q": null,
            "common_shares": null,
            "book_valuer_per_share": null,
            "book_valuer_per_share_4q_avg": 0,
            "equity": null,
            "current_ratio": null,
            "debt_ratio": null,
            "inventory_turnover_ratio": null,
            "account_receivable_turnover_ratio": null,
            "reinvestment_rate": null,
            "research_to_sale_ratio": null,
            "price_fair": 0,
            "eps_avg_yearly": 0,
            "eps_latest_yearly": 0,
            "eps_growth_yearly": 0
        },
        "20043": {
            "year_quarter": 20043,
            "year": 2004,
            "quarter": 3,
            "eps": null,
            "eps_growth_year": null,
            "eps_4q": null,
            "eps_4q_growth_year": null,
            "roe": null,
            "roe_4q": 0,
            "gross_profit": null,
            "gross_margin": null,
            "gross_margin_4q_avg": 0,
            "net_income": null,
            "net_income_4q": null,
            "revenue": null,
            "revenue_4q": null,
            "common_shares": null,
            "book_valuer_per_share": null,
            "book_valuer_per_share_4q_avg": 0,
            "equity": null,
            "current_ratio": null,
            "debt_ratio": null,
            "inventory_turnover_ratio": null,
            "account_receivable_turnover_ratio": null,
            "reinvestment_rate": null,
            "research_to_sale_ratio": null,
            "price_fair": 0,
            "eps_avg_yearly": 0,
            "eps_latest_yearly": 0,
            "eps_growth_yearly": 0
        },
        "20044": {
            "year_quarter": 20044,
            "year": 2004,
            "quarter": 4,
            "eps": null,
            "eps_growth_year": null,
            "eps_4q": null,
            "eps_4q_growth_year": null,
            "roe": null,
            "roe_4q": 0,
            "gross_profit": null,
            "gross_margin": null,
            "gross_margin_4q_avg": 0,
            "net_income": null,
            "net_income_4q": null,
            "revenue": null,
            "revenue_4q": null,
            "common_shares": null,
            "book_valuer_per_share": null,
            "book_valuer_per_share_4q_avg": 0,
            "equity": null,
            "current_ratio": null,
            "debt_ratio": null,
            "inventory_turnover_ratio": null,
            "account_receivable_turnover_ratio": null,
            "reinvestment_rate": null,
            "research_to_sale_ratio": null,
            "price_fair": 0,
            "eps_avg_yearly": 0,
            "eps_latest_yearly": 0,
            "eps_growth_yearly": 0
        },
        "20051": {
            "year_quarter": 20051,
            "year": 2005,
            "quarter": 1,
            "eps": null,
            "eps_growth_year": null,
            "eps_4q": null,
            "eps_4q_growth_year": null,
            "roe": null,
            "roe_4q": 0,
            "gross_profit": null,
            "gross_margin": null,
            "gross_margin_4q_avg": 0,
            "net_income": null,
            "net_income_4q": null,
            "revenue": null,
            "revenue_4q": null,
            "common_shares": null,
            "book_valuer_per_share": null,
            "book_valuer_per_share_4q_avg": 0,
            "equity": null,
            "current_ratio": null,
            "debt_ratio": null,
            "inventory_turnover_ratio": null,
            "account_receivable_turnover_ratio": null,
            "reinvestment_rate": null,
            "research_to_sale_ratio": null,
            "price_fair": 0,
            "eps_avg_yearly": 0,
            "eps_latest_yearly": 0,
            "eps_growth_yearly": 0
        },
        "20052": {
            "year_quarter": 20052,
            "year": 2005,
            "quarter": 2,
            "eps": null,
            "eps_growth_year": null,
            "eps_4q": null,
            "eps_4q_growth_year": null,
            "roe": null,
            "roe_4q": 0,
            "gross_profit": null,
            "gross_margin": null,
            "gross_margin_4q_avg": 0,
            "net_income": null,
            "net_income_4q": null,
            "revenue": null,
            "revenue_4q": null,
            "common_shares": null,
            "book_valuer_per_share": null,
            "book_valuer_per_share_4q_avg": 0,
            "equity": null,
            "current_ratio": null,
            "debt_ratio": null,
            "inventory_turnover_ratio": null,
            "account_receivable_turnover_ratio": null,
            "reinvestment_rate": null,
            "research_to_sale_ratio": null,
            "price_fair": 0,
            "eps_avg_yearly": 0,
            "eps_latest_yearly": 0,
            "eps_growth_yearly": 0
        },
        "20053": {
            "year_quarter": 20053,
            "year": 2005,
            "quarter": 3,
            "eps": null,
            "eps_growth_year": null,
            "eps_4q": null,
            "eps_4q_growth_year": null,
            "roe": null,
            "roe_4q": 0,
            "gross_profit": null,
            "gross_margin": null,
            "gross_margin_4q_avg": 0,
            "net_income": null,
            "net_income_4q": null,
            "revenue": null,
            "revenue_4q": null,
            "common_shares": null,
            "book_valuer_per_share": null,
            "book_valuer_per_share_4q_avg": 0,
            "equity": null,
            "current_ratio": null,
            "debt_ratio": null,
            "inventory_turnover_ratio": null,
            "account_receivable_turnover_ratio": null,
            "reinvestment_rate": null,
            "research_to_sale_ratio": null,
            "price_fair": 0,
            "eps_avg_yearly": 0,
            "eps_latest_yearly": 0,
            "eps_growth_yearly": 0
        },
        "20054": {
            "year_quarter": 20054,
            "year": 2005,
            "quarter": 4,
            "eps": null,
            "eps_growth_year": null,
            "eps_4q": null,
            "eps_4q_growth_year": null,
            "roe": null,
            "roe_4q": 0,
            "gross_profit": null,
            "gross_margin": null,
            "gross_margin_4q_avg": 0,
            "net_income": null,
            "net_income_4q": null,
            "revenue": null,
            "revenue_4q": null,
            "common_shares": null,
            "book_valuer_per_share": null,
            "book_valuer_per_share_4q_avg": 0,
            "equity": null,
            "current_ratio": null,
            "debt_ratio": null,
            "inventory_turnover_ratio": null,
            "account_receivable_turnover_ratio": null,
            "reinvestment_rate": null,
            "research_to_sale_ratio": null,
            "price_fair": 0,
            "eps_avg_yearly": 0,
            "eps_latest_yearly": 0,
            "eps_growth_yearly": 0
        },
        "20061": {
            "year_quarter": 20061,
            "year": 2006,
            "quarter": 1,
            "eps": null,
            "eps_growth_year": null,
            "eps_4q": null,
            "eps_4q_growth_year": null,
            "roe": null,
            "roe_4q": 0,
            "gross_profit": null,
            "gross_margin": null,
            "gross_margin_4q_avg": 0,
            "net_income": null,
            "net_income_4q": null,
            "revenue": null,
            "revenue_4q": null,
            "common_shares": null,
            "book_valuer_per_share": null,
            "book_valuer_per_share_4q_avg": 0,
            "equity": null,
            "current_ratio": null,
            "debt_ratio": null,
            "inventory_turnover_ratio": null,
            "account_receivable_turnover_ratio": null,
            "reinvestment_rate": null,
            "research_to_sale_ratio": null,
            "price_fair": 0,
            "eps_avg_yearly": 0,
            "eps_latest_yearly": 0,
            "eps_growth_yearly": 0
        },
        "20062": {
            "year_quarter": 20062,
            "year": 2006,
            "quarter": 2,
            "eps": null,
            "eps_growth_year": null,
            "eps_4q": null,
            "eps_4q_growth_year": null,
            "roe": null,
            "roe_4q": 0,
            "gross_profit": null,
            "gross_margin": null,
            "gross_margin_4q_avg": 0,
            "net_income": null,
            "net_income_4q": null,
            "revenue": null,
            "revenue_4q": null,
            "common_shares": null,
            "book_valuer_per_share": null,
            "book_valuer_per_share_4q_avg": 0,
            "equity": null,
            "current_ratio": null,
            "debt_ratio": null,
            "inventory_turnover_ratio": null,
            "account_receivable_turnover_ratio": null,
            "reinvestment_rate": null,
            "research_to_sale_ratio": null,
            "price_fair": 0,
            "eps_avg_yearly": 0,
            "eps_latest_yearly": 0,
            "eps_growth_yearly": 0
        },
        "20063": {
            "year_quarter": 20063,
            "year": 2006,
            "quarter": 3,
            "eps": null,
            "eps_growth_year": null,
            "eps_4q": null,
            "eps_4q_growth_year": null,
            "roe": null,
            "roe_4q": 0,
            "gross_profit": null,
            "gross_margin": null,
            "gross_margin_4q_avg": 0,
            "net_income": null,
            "net_income_4q": null,
            "revenue": null,
            "revenue_4q": null,
            "common_shares": null,
            "book_valuer_per_share": null,
            "book_valuer_per_share_4q_avg": 0,
            "equity": null,
            "current_ratio": null,
            "debt_ratio": null,
            "inventory_turnover_ratio": null,
            "account_receivable_turnover_ratio": null,
            "reinvestment_rate": null,
            "research_to_sale_ratio": null,
            "price_fair": 0,
            "eps_avg_yearly": 0,
            "eps_latest_yearly": 0,
            "eps_growth_yearly": 0
        },
        "20064": {
            "year_quarter": 20064,
            "year": 2006,
            "quarter": 4,
            "eps": 0.08,
            "eps_growth_year": null,
            "eps_4q": null,
            "eps_4q_growth_year": null,
            "roe": 0.27,
            "roe_4q": 0.27,
            "gross_profit": 4320,
            "gross_margin": 7.86,
            "gross_margin_4q_avg": 1.97,
            "net_income": 779,
            "net_income_4q": null,
            "revenue": 54972,
            "revenue_4q": null,
            "common_shares": 190000,
            "book_valuer_per_share": 15.45,
            "book_valuer_per_share_4q_avg": 3.86,
            "equity": 293609,
            "current_ratio": 186.9,
            "debt_ratio": 49.43,
            "inventory_turnover_ratio": 0.11,
            "account_receivable_turnover_ratio": null,
            "reinvestment_rate": null,
            "research_to_sale_ratio": null,
            "price_fair": 0,
            "eps_avg_yearly": 0,
            "eps_latest_yearly": 0,
            "eps_growth_yearly": 0
        },
        "20071": {
            "year_quarter": 20071,
            "year": 2007,
            "quarter": 1,
            "eps": -0.31,
            "eps_growth_year": null,
            "eps_4q": null,
            "eps_4q_growth_year": null,
            "roe": -1.96,
            "roe_4q": -1.69,
            "gross_profit": 59,
            "gross_margin": 0.18,
            "gross_margin_4q_avg": 2.01,
            "net_income": -5880,
            "net_income_4q": null,
            "revenue": 33004,
            "revenue_4q": null,
            "common_shares": 190000,
            "book_valuer_per_share": 16.16,
            "book_valuer_per_share_4q_avg": 7.9,
            "equity": 307027,
            "current_ratio": 156.75,
            "debt_ratio": 57.53,
            "inventory_turnover_ratio": 0.06,
            "account_receivable_turnover_ratio": null,
            "reinvestment_rate": null,
            "research_to_sale_ratio": null,
            "price_fair": 0,
            "eps_avg_yearly": 0,
            "eps_latest_yearly": 0,
            "eps_growth_yearly": 0
        },
        "20072": {
            "year_quarter": 20072,
            "year": 2007,
            "quarter": 2,
            "eps": 0.06,
            "eps_growth_year": null,
            "eps_4q": null,
            "eps_4q_growth_year": null,
            "roe": 0.31,
            "roe_4q": -1.38,
            "gross_profit": 11982,
            "gross_margin": 8.05,
            "gross_margin_4q_avg": 4.02,
            "net_income": 1211,
            "net_income_4q": null,
            "revenue": 148786,
            "revenue_4q": null,
            "common_shares": 250000,
            "book_valuer_per_share": 18.76,
            "book_valuer_per_share_4q_avg": 12.59,
            "equity": 468940,
            "current_ratio": 254.51,
            "debt_ratio": 36.34,
            "inventory_turnover_ratio": 0.25,
            "account_receivable_turnover_ratio": null,
            "reinvestment_rate": null,
            "research_to_sale_ratio": null,
            "price_fair": 0,
            "eps_avg_yearly": 0,
            "eps_latest_yearly": 0,
            "eps_growth_yearly": 0
        },
        "20073": {
            "year_quarter": 20073,
            "year": 2007,
            "quarter": 3,
            "eps": 0.59,
            "eps_growth_year": null,
            "eps_4q": 0.42,
            "eps_4q_growth_year": null,
            "roe": 2.82,
            "roe_4q": 1.44,
            "gross_profit": 28666,
            "gross_margin": 6.74,
            "gross_margin_4q_avg": 5.71,
            "net_income": 13435,
            "net_income_4q": null,
            "revenue": 425116,
            "revenue_4q": null,
            "common_shares": 250000,
            "book_valuer_per_share": 19.3,
            "book_valuer_per_share_4q_avg": 17.42,
            "equity": 482375,
            "current_ratio": 210.78,
            "debt_ratio": 44.15,
            "inventory_turnover_ratio": 0.82,
            "account_receivable_turnover_ratio": null,
            "reinvestment_rate": null,
            "research_to_sale_ratio": null,
            "price_fair": 82.6,
            "eps_avg_yearly": 2.36,
            "eps_latest_yearly": 2.36,
            "eps_growth_yearly": 3533.33
        },
        "20074": {
            "year_quarter": 20074,
            "year": 2007,
            "quarter": 4,
            "eps": 0.84,
            "eps_growth_year": 950,
            "eps_4q": 1.22,
            "eps_4q_growth_year": null,
            "roe": 3.97,
            "roe_4q": 5.14,
            "gross_profit": 45067,
            "gross_margin": 8.7,
            "gross_margin_4q_avg": 5.92,
            "net_income": 19562,
            "net_income_4q": null,
            "revenue": 517886,
            "revenue_4q": null,
            "common_shares": 250000,
            "book_valuer_per_share": 20.08,
            "book_valuer_per_share_4q_avg": 18.58,
            "equity": 502812,
            "current_ratio": 185.98,
            "debt_ratio": 48.33,
            "inventory_turnover_ratio": 0.84,
            "account_receivable_turnover_ratio": null,
            "reinvestment_rate": null,
            "research_to_sale_ratio": null,
            "price_fair": 100.1,
            "eps_avg_yearly": 2.86,
            "eps_latest_yearly": 3.36,
            "eps_growth_yearly": 1851.41
        },
        "20081": {
            "year_quarter": 20081,
            "year": 2008,
            "quarter": 1,
            "eps": 0.64,
            "eps_growth_year": null,
            "eps_4q": 1.98,
            "eps_4q_growth_year": null,
            "roe": 3.18,
            "roe_4q": 10.280000000000001,
            "gross_profit": 34416,
            "gross_margin": 5.61,
            "gross_margin_4q_avg": 7.28,
            "net_income": 16244,
            "net_income_4q": null,
            "revenue": 613909,
            "revenue_4q": null,
            "common_shares": 250000,
            "book_valuer_per_share": 20.72,
            "book_valuer_per_share_4q_avg": 19.72,
            "equity": 519056,
            "current_ratio": 171.57,
            "debt_ratio": 52.73,
            "inventory_turnover_ratio": 0.98,
            "account_receivable_turnover_ratio": null,
            "reinvestment_rate": null,
            "research_to_sale_ratio": null,
            "price_fair": 96.6,
            "eps_avg_yearly": 2.76,
            "eps_latest_yearly": 2.56,
            "eps_growth_yearly": 1202.53
        },
        "20082": {
            "year_quarter": 20082,
            "year": 2008,
            "quarter": 2,
            "eps": 1.53,
            "eps_growth_year": 2450,
            "eps_4q": 3.27,
            "eps_4q_growth_year": null,
            "roe": 6.63,
            "roe_4q": 16.6,
            "gross_profit": 52367,
            "gross_margin": 4.73,
            "gross_margin_4q_avg": 6.45,
            "net_income": 41053,
            "net_income_4q": null,
            "revenue": 1106370,
            "revenue_4q": null,
            "common_shares": 276000,
            "book_valuer_per_share": 25.92,
            "book_valuer_per_share_4q_avg": 21.51,
            "equity": 718729,
            "current_ratio": 158.59,
            "debt_ratio": 53.33,
            "inventory_turnover_ratio": 2.4,
            "account_receivable_turnover_ratio": null,
            "reinvestment_rate": null,
            "research_to_sale_ratio": null,
            "price_fair": 126,
            "eps_avg_yearly": 3.6,
            "eps_latest_yearly": 6.12,
            "eps_growth_yearly": 1040.96
        },
        "20083": {
            "year_quarter": 20083,
            "year": 2008,
            "quarter": 3,
            "eps": 0.02,
            "eps_growth_year": -96.61,
            "eps_4q": 2.44,
            "eps_4q_growth_year": 481.81,
            "roe": 0.09,
            "roe_4q": 13.870000000000001,
            "gross_profit": 37771,
            "gross_margin": 3.99,
            "gross_margin_4q_avg": 5.76,
            "net_income": 613,
            "net_income_4q": null,
            "revenue": 946044,
            "revenue_4q": null,
            "common_shares": 276000,
            "book_valuer_per_share": 25.93,
            "book_valuer_per_share_4q_avg": 23.16,
            "equity": 719342,
            "current_ratio": 118.34,
            "debt_ratio": 62.22,
            "inventory_turnover_ratio": 2.2,
            "account_receivable_turnover_ratio": null,
            "reinvestment_rate": null,
            "research_to_sale_ratio": null,
            "price_fair": 101.36,
            "eps_avg_yearly": 2.9,
            "eps_latest_yearly": 0.08,
            "eps_growth_yearly": 753.81
        },
        "20084": {
            "year_quarter": 20084,
            "year": 2008,
            "quarter": 4,
            "eps": -5.07,
            "eps_growth_year": -703.57,
            "eps_4q": -3.01,
            "eps_4q_growth_year": -347.08,
            "roe": -20.88,
            "roe_4q": -10.98,
            "gross_profit": -30370,
            "gross_margin": -10.96,
            "gross_margin_4q_avg": 0.84,
            "net_income": -136000,
            "net_income_4q": null,
            "revenue": 277140,
            "revenue_4q": null,
            "common_shares": 276000,
            "book_valuer_per_share": 21.08,
            "book_valuer_per_share_4q_avg": 23.41,
            "equity": 583342,
            "current_ratio": 107.39,
            "debt_ratio": 61.95,
            "inventory_turnover_ratio": 0.61,
            "account_receivable_turnover_ratio": 5.06,
            "reinvestment_rate": null,
            "research_to_sale_ratio": null,
            "price_fair": 101.36,
            "eps_avg_yearly": 2.9,
            "eps_latest_yearly": 0.08,
            "eps_growth_yearly": 753.81
        },
        "20091": {
            "year_quarter": 20091,
            "year": 2009,
            "quarter": 1,
            "eps": 0.04,
            "eps_growth_year": -93.75,
            "eps_4q": -4.29,
            "eps_4q_growth_year": -316.12,
            "roe": 0.12,
            "roe_4q": -14.04,
            "gross_profit": -47119,
            "gross_margin": -24.73,
            "gross_margin_4q_avg": -6.74,
            "net_income": 875,
            "net_income_4q": null,
            "revenue": 190517,
            "revenue_4q": null,
            "common_shares": 276000,
            "book_valuer_per_share": 32.28,
            "book_valuer_per_share_4q_avg": 26.3,
            "equity": 892257,
            "current_ratio": 169.26,
            "debt_ratio": 44.44,
            "inventory_turnover_ratio": 0.51,
            "account_receivable_turnover_ratio": 1.05,
            "reinvestment_rate": null,
            "research_to_sale_ratio": null,
            "price_fair": 101.36,
            "eps_avg_yearly": 2.9,
            "eps_latest_yearly": 0.08,
            "eps_growth_yearly": 753.81
        },
        "20092": {
            "year_quarter": 20092,
            "year": 2009,
            "quarter": 2,
            "eps": -1.94,
            "eps_growth_year": -226.8,
            "eps_4q": -4.27,
            "eps_4q_growth_year": -230.47,
            "roe": -7.85,
            "roe_4q": -28.52,
            "gross_profit": -19043,
            "gross_margin": 533.12,
            "gross_margin_4q_avg": 125.36,
            "net_income": -71148,
            "net_income_4q": null,
            "revenue": -3572,
            "revenue_4q": null,
            "common_shares": 476000,
            "book_valuer_per_share": 19.33,
            "book_valuer_per_share_4q_avg": 24.66,
            "equity": 921069,
            "current_ratio": 228.19,
            "debt_ratio": 31.81,
            "inventory_turnover_ratio": 0.04,
            "account_receivable_turnover_ratio": -0.03,
            "reinvestment_rate": null,
            "research_to_sale_ratio": null,
            "price_fair": 101.36,
            "eps_avg_yearly": 2.9,
            "eps_latest_yearly": 0.08,
            "eps_growth_yearly": 753.81
        },
        "20093": {
            "year_quarter": 20093,
            "year": 2009,
            "quarter": 3,
            "eps": -1.29,
            "eps_growth_year": -6550,
            "eps_4q": -4.97,
            "eps_4q_growth_year": -303.95,
            "roe": -6.39,
            "roe_4q": -35,
            "gross_profit": -3463,
            "gross_margin": -0.96,
            "gross_margin_4q_avg": 124.12,
            "net_income": -57023,
            "net_income_4q": null,
            "revenue": 360057,
            "revenue_4q": null,
            "common_shares": 523600,
            "book_valuer_per_share": 16.49,
            "book_valuer_per_share_4q_avg": 22.3,
            "equity": 864046,
            "current_ratio": 195.8,
            "debt_ratio": 39.29,
            "inventory_turnover_ratio": 0.82,
            "account_receivable_turnover_ratio": 2.24,
            "reinvestment_rate": null,
            "research_to_sale_ratio": null,
            "price_fair": 101.36,
            "eps_avg_yearly": 2.9,
            "eps_latest_yearly": 0.08,
            "eps_growth_yearly": 753.81
        },
        "20094": {
            "year_quarter": 20094,
            "year": 2009,
            "quarter": 4,
            "eps": -1.14,
            "eps_growth_year": null,
            "eps_4q": -3.43,
            "eps_4q_growth_year": null,
            "roe": -6.52,
            "roe_4q": -20.639999999999997,
            "gross_profit": -25757,
            "gross_margin": -7.25,
            "gross_margin_4q_avg": 125.05,
            "net_income": -54537,
            "net_income_4q": null,
            "revenue": 355027,
            "revenue_4q": null,
            "common_shares": 523600,
            "book_valuer_per_share": 15.48,
            "book_valuer_per_share_4q_avg": 20.9,
            "equity": 809509,
            "current_ratio": 188.91,
            "debt_ratio": 39.4,
            "inventory_turnover_ratio": 0.92,
            "account_receivable_turnover_ratio": 4.01,
            "reinvestment_rate": null,
            "research_to_sale_ratio": null,
            "price_fair": 101.36,
            "eps_avg_yearly": 2.9,
            "eps_latest_yearly": 0.08,
            "eps_growth_yearly": 753.81
        },
        "20101": {
            "year_quarter": 20101,
            "year": 2010,
            "quarter": 1,
            "eps": -0.12,
            "eps_growth_year": -400,
            "eps_4q": -3.57,
            "eps_4q_growth_year": null,
            "roe": -0.79,
            "roe_4q": -21.549999999999997,
            "gross_profit": 11113,
            "gross_margin": 3.46,
            "gross_margin_4q_avg": 132.09,
            "net_income": -6393,
            "net_income_4q": null,
            "revenue": 320802,
            "revenue_4q": null,
            "common_shares": 523600,
            "book_valuer_per_share": 15.36,
            "book_valuer_per_share_4q_avg": 16.67,
            "equity": 803116,
            "current_ratio": 186.01,
            "debt_ratio": 40.14,
            "inventory_turnover_ratio": 0.81,
            "account_receivable_turnover_ratio": 2.38,
            "reinvestment_rate": null,
            "research_to_sale_ratio": 0.79,
            "price_fair": 101.36,
            "eps_avg_yearly": 2.9,
            "eps_latest_yearly": 0.08,
            "eps_growth_yearly": 753.81
        },
        "20102": {
            "year_quarter": 20102,
            "year": 2010,
            "quarter": 2,
            "eps": -0.34,
            "eps_growth_year": null,
            "eps_4q": -2.55,
            "eps_4q_growth_year": null,
            "roe": -2.22,
            "roe_4q": -15.919999999999998,
            "gross_profit": -14304,
            "gross_margin": -2.64,
            "gross_margin_4q_avg": -1.85,
            "net_income": -17614,
            "net_income_4q": null,
            "revenue": 542512,
            "revenue_4q": null,
            "common_shares": 523600,
            "book_valuer_per_share": 0,
            "book_valuer_per_share_4q_avg": 11.83,
            "equity": 786450,
            "current_ratio": 164.1,
            "debt_ratio": 46.79,
            "inventory_turnover_ratio": 1.61,
            "account_receivable_turnover_ratio": 3.38,
            "reinvestment_rate": null,
            "research_to_sale_ratio": 0.61,
            "price_fair": 101.36,
            "eps_avg_yearly": 2.9,
            "eps_latest_yearly": 0.08,
            "eps_growth_yearly": 753.81
        },
        "20103": {
            "year_quarter": 20103,
            "year": 2010,
            "quarter": 3,
            "eps": -0.31,
            "eps_growth_year": null,
            "eps_4q": -1.77,
            "eps_4q_growth_year": null,
            "roe": -2.06,
            "roe_4q": -11.59,
            "gross_profit": -2806,
            "gross_margin": -0.57,
            "gross_margin_4q_avg": -1.75,
            "net_income": -16024,
            "net_income_4q": null,
            "revenue": 495415,
            "revenue_4q": null,
            "common_shares": 523600,
            "book_valuer_per_share": 0,
            "book_valuer_per_share_4q_avg": 7.71,
            "equity": 770426,
            "current_ratio": 162.11,
            "debt_ratio": 45.2,
            "inventory_turnover_ratio": 1.43,
            "account_receivable_turnover_ratio": 2.76,
            "reinvestment_rate": null,
            "research_to_sale_ratio": 0.84,
            "price_fair": 101.36,
            "eps_avg_yearly": 2.9,
            "eps_latest_yearly": 0.08,
            "eps_growth_yearly": 753.81
        },
        "20104": {
            "year_quarter": 20104,
            "year": 2010,
            "quarter": 4,
            "eps": -2.01,
            "eps_growth_year": null,
            "eps_4q": -2.77,
            "eps_4q_growth_year": null,
            "roe": -14.64,
            "roe_4q": -19.709999999999997,
            "gross_profit": -52400,
            "gross_margin": -10.49,
            "gross_margin_4q_avg": -2.56,
            "net_income": -105064,
            "net_income_4q": null,
            "revenue": 499380,
            "revenue_4q": null,
            "common_shares": 523600,
            "book_valuer_per_share": 0,
            "book_valuer_per_share_4q_avg": 3.84,
            "equity": 665362,
            "current_ratio": 159.36,
            "debt_ratio": 45.38,
            "inventory_turnover_ratio": 1.66,
            "account_receivable_turnover_ratio": 3.51,
            "reinvestment_rate": null,
            "research_to_sale_ratio": 0.77,
            "price_fair": 101.36,
            "eps_avg_yearly": 2.9,
            "eps_latest_yearly": 0.08,
            "eps_growth_yearly": 753.81
        },
        "20111": {
            "year_quarter": 20111,
            "year": 2011,
            "quarter": 1,
            "eps": -0.27,
            "eps_growth_year": null,
            "eps_4q": -2.91,
            "eps_4q_growth_year": null,
            "roe": -2.11,
            "roe_4q": -21.029999999999998,
            "gross_profit": -6789,
            "gross_margin": -1.69,
            "gross_margin_4q_avg": -3.85,
            "net_income": -13917,
            "net_income_4q": null,
            "revenue": 400556,
            "revenue_4q": null,
            "common_shares": 523600,
            "book_valuer_per_share": 12.44,
            "book_valuer_per_share_4q_avg": 3.11,
            "equity": 651445,
            "current_ratio": 149.64,
            "debt_ratio": 50.02,
            "inventory_turnover_ratio": 1.14,
            "account_receivable_turnover_ratio": 2.07,
            "reinvestment_rate": null,
            "research_to_sale_ratio": 0.5,
            "price_fair": 101.36,
            "eps_avg_yearly": 2.9,
            "eps_latest_yearly": 0.08,
            "eps_growth_yearly": 753.81
        },
        "20112": {
            "year_quarter": 20112,
            "year": 2011,
            "quarter": 2,
            "eps": -1.46,
            "eps_growth_year": null,
            "eps_4q": -4.04,
            "eps_4q_growth_year": null,
            "roe": -12.44,
            "roe_4q": -31.249999999999996,
            "gross_profit": -34664,
            "gross_margin": -25.67,
            "gross_margin_4q_avg": -9.61,
            "net_income": -76315,
            "net_income_4q": null,
            "revenue": 135023,
            "revenue_4q": null,
            "common_shares": 523600,
            "book_valuer_per_share": 10.98,
            "book_valuer_per_share_4q_avg": 5.86,
            "equity": 575130,
            "current_ratio": 172.2,
            "debt_ratio": 40.33,
            "inventory_turnover_ratio": 0.46,
            "account_receivable_turnover_ratio": 0.91,
            "reinvestment_rate": null,
            "research_to_sale_ratio": 2.38,
            "price_fair": 101.36,
            "eps_avg_yearly": 2.9,
            "eps_latest_yearly": 0.08,
            "eps_growth_yearly": 753.81
        },
        "20113": {
            "year_quarter": 20113,
            "year": 2011,
            "quarter": 3,
            "eps": -1.04,
            "eps_growth_year": null,
            "eps_4q": -4.77,
            "eps_4q_growth_year": null,
            "roe": -9.93,
            "roe_4q": -39.12,
            "gross_profit": -42036,
            "gross_margin": -29.32,
            "gross_margin_4q_avg": -16.79,
            "net_income": -54394,
            "net_income_4q": null,
            "revenue": 143360,
            "revenue_4q": null,
            "common_shares": 523600,
            "book_valuer_per_share": 9.95,
            "book_valuer_per_share_4q_avg": 8.34,
            "equity": 520736,
            "current_ratio": 164.81,
            "debt_ratio": 41.05,
            "inventory_turnover_ratio": 0.65,
            "account_receivable_turnover_ratio": 2.27,
            "reinvestment_rate": null,
            "research_to_sale_ratio": 2.28,
            "price_fair": 106.05,
            "eps_avg_yearly": 3.03,
            "eps_latest_yearly": 0.08,
            "eps_growth_yearly": 58.93
        },
        "20114": {
            "year_quarter": 20114,
            "year": 2011,
            "quarter": 4,
            "eps": -2.55,
            "eps_growth_year": null,
            "eps_4q": -5.31,
            "eps_4q_growth_year": null,
            "roe": -29.42,
            "roe_4q": -53.9,
            "gross_profit": -61727,
            "gross_margin": -104.73,
            "gross_margin_4q_avg": -40.35,
            "net_income": -133565,
            "net_income_4q": null,
            "revenue": 58938,
            "revenue_4q": null,
            "common_shares": 523600,
            "book_valuer_per_share": 7.39,
            "book_valuer_per_share_4q_avg": 10.19,
            "equity": 387171,
            "current_ratio": 100.99,
            "debt_ratio": 41.47,
            "inventory_turnover_ratio": 0.58,
            "account_receivable_turnover_ratio": 1.4,
            "reinvestment_rate": null,
            "research_to_sale_ratio": 7.79,
            "price_fair": 93.67,
            "eps_avg_yearly": 2.92,
            "eps_latest_yearly": 0.08,
            "eps_growth_yearly": 22.08
        },
        "20121": {
            "year_quarter": 20121,
            "year": 2012,
            "quarter": 1,
            "eps": -0.65,
            "eps_growth_year": null,
            "eps_4q": -5.7,
            "eps_4q_growth_year": null,
            "roe": -9.24,
            "roe_4q": -61.03,
            "gross_profit": -20218,
            "gross_margin": -11.69,
            "gross_margin_4q_avg": -42.85,
            "net_income": -34193,
            "net_income_4q": null,
            "revenue": 172935,
            "revenue_4q": null,
            "common_shares": 523600,
            "book_valuer_per_share": 6.74,
            "book_valuer_per_share_4q_avg": 8.77,
            "equity": 352978,
            "current_ratio": 99.52,
            "debt_ratio": 52.55,
            "inventory_turnover_ratio": 1.02,
            "account_receivable_turnover_ratio": 2.78,
            "reinvestment_rate": null,
            "research_to_sale_ratio": 1.68,
            "price_fair": 108.5,
            "eps_avg_yearly": 3.1,
            "eps_latest_yearly": 0.08,
            "eps_growth_yearly": 80.74
        },
        "20122": {
            "year_quarter": 20122,
            "year": 2012,
            "quarter": 2,
            "eps": -2.1,
            "eps_growth_year": null,
            "eps_4q": -6.35,
            "eps_4q_growth_year": null,
            "roe": -36.99,
            "roe_4q": -85.58000000000001,
            "gross_profit": -27170,
            "gross_margin": -22.87,
            "gross_margin_4q_avg": -42.15,
            "net_income": -110189,
            "net_income_4q": null,
            "revenue": 118796,
            "revenue_4q": null,
            "common_shares": 523600,
            "book_valuer_per_share": 4.64,
            "book_valuer_per_share_4q_avg": 7.18,
            "equity": 242789,
            "current_ratio": 88.92,
            "debt_ratio": 57.97,
            "inventory_turnover_ratio": 0.81,
            "account_receivable_turnover_ratio": 1.36,
            "reinvestment_rate": null,
            "research_to_sale_ratio": 3.21,
            "price_fair": 0.24,
            "eps_avg_yearly": 0.08,
            "eps_latest_yearly": 0.08,
            "eps_growth_yearly": -394.77
        },
        "20123": {
            "year_quarter": 20123,
            "year": 2012,
            "quarter": 3,
            "eps": -0.74,
            "eps_growth_year": null,
            "eps_4q": -6.05,
            "eps_4q_growth_year": null,
            "roe": -17.4,
            "roe_4q": -93.05000000000001,
            "gross_profit": -26188,
            "gross_margin": -80.55,
            "gross_margin_4q_avg": -54.96,
            "net_income": -38860,
            "net_income_4q": null,
            "revenue": 32511,
            "revenue_4q": null,
            "common_shares": 523600,
            "book_valuer_per_share": 3.89,
            "book_valuer_per_share_4q_avg": 5.67,
            "equity": 203929,
            "current_ratio": 83.28,
            "debt_ratio": 59.68,
            "inventory_turnover_ratio": 0.39,
            "account_receivable_turnover_ratio": 0.64,
            "reinvestment_rate": null,
            "research_to_sale_ratio": 11.41,
            "price_fair": 0,
            "eps_avg_yearly": 0,
            "eps_latest_yearly": 0,
            "eps_growth_yearly": 0
        },
        "20124": {
            "year_quarter": 20124,
            "year": 2012,
            "quarter": 4,
            "eps": -0.92,
            "eps_growth_year": null,
            "eps_4q": -4.42,
            "eps_4q_growth_year": null,
            "roe": -26.85,
            "roe_4q": -90.48,
            "gross_profit": -27977,
            "gross_margin": -116.07,
            "gross_margin_4q_avg": -57.8,
            "net_income": -48276,
            "net_income_4q": null,
            "revenue": 24104,
            "revenue_4q": null,
            "common_shares": 523600,
            "book_valuer_per_share": 2.97,
            "book_valuer_per_share_4q_avg": 4.56,
            "equity": 155653,
            "current_ratio": 77.63,
            "debt_ratio": 64.15,
            "inventory_turnover_ratio": 0.39,
            "account_receivable_turnover_ratio": 1.25,
            "reinvestment_rate": null,
            "research_to_sale_ratio": 16.5,
            "price_fair": 0,
            "eps_avg_yearly": 0,
            "eps_latest_yearly": 0,
            "eps_growth_yearly": 0
        },
        "20131": {
            "year_quarter": 20131,
            "year": 2013,
            "quarter": 1,
            "eps": -0.71,
            "eps_growth_year": null,
            "eps_4q": -4.48,
            "eps_4q_growth_year": null,
            "roe": -27.08,
            "roe_4q": -108.32,
            "gross_profit": -25025,
            "gross_margin": -42.31,
            "gross_margin_4q_avg": -65.45,
            "net_income": -37076,
            "net_income_4q": null,
            "revenue": 59152,
            "revenue_4q": null,
            "common_shares": 523600,
            "book_valuer_per_share": 2.26,
            "book_valuer_per_share_4q_avg": 3.44,
            "equity": 118167,
            "current_ratio": 74.55,
            "debt_ratio": 73.82,
            "inventory_turnover_ratio": 0.65,
            "account_receivable_turnover_ratio": 3.59,
            "reinvestment_rate": null,
            "research_to_sale_ratio": 3.87,
            "price_fair": 0,
            "eps_avg_yearly": 0,
            "eps_latest_yearly": 0,
            "eps_growth_yearly": 0
        },
        "20132": {
            "year_quarter": 20132,
            "year": 2013,
            "quarter": 2,
            "eps": -0.68,
            "eps_growth_year": null,
            "eps_4q": -3.05,
            "eps_4q_growth_year": null,
            "roe": -35.18,
            "roe_4q": -106.50999999999999,
            "gross_profit": -19763,
            "gross_margin": -14.82,
            "gross_margin_4q_avg": -63.44,
            "net_income": -35352,
            "net_income_4q": null,
            "revenue": 133335,
            "revenue_4q": null,
            "common_shares": 523600,
            "book_valuer_per_share": 1.58,
            "book_valuer_per_share_4q_avg": 2.68,
            "equity": 82815,
            "current_ratio": 70.94,
            "debt_ratio": 81.33,
            "inventory_turnover_ratio": 1.51,
            "account_receivable_turnover_ratio": 2.46,
            "reinvestment_rate": null,
            "research_to_sale_ratio": 1.6,
            "price_fair": 0,
            "eps_avg_yearly": 0,
            "eps_latest_yearly": 0,
            "eps_growth_yearly": 0
        },
        "20133": {
            "year_quarter": 20133,
            "year": 2013,
            "quarter": 3,
            "eps": -0.45,
            "eps_growth_year": null,
            "eps_4q": -2.76,
            "eps_4q_growth_year": null,
            "roe": -33.58,
            "roe_4q": -122.69,
            "gross_profit": -5187,
            "gross_margin": -1.67,
            "gross_margin_4q_avg": -43.72,
            "net_income": -23810,
            "net_income_4q": null,
            "revenue": 311417,
            "revenue_4q": null,
            "common_shares": 523600,
            "book_valuer_per_share": 1.13,
            "book_valuer_per_share_4q_avg": 1.99,
            "equity": 59005,
            "current_ratio": 81.68,
            "debt_ratio": 91.24,
            "inventory_turnover_ratio": 3.89,
            "account_receivable_turnover_ratio": 1.95,
            "reinvestment_rate": null,
            "research_to_sale_ratio": 0.77,
            "price_fair": 0,
            "eps_avg_yearly": 0,
            "eps_latest_yearly": 0,
            "eps_growth_yearly": 0
        },
        "20134": {
            "year_quarter": 20134,
            "year": 2013,
            "quarter": 4,
            "eps": 0.07,
            "eps_growth_year": null,
            "eps_4q": -1.77,
            "eps_4q_growth_year": null,
            "roe": 6.12,
            "roe_4q": -89.72,
            "gross_profit": 33538,
            "gross_margin": 3.98,
            "gross_margin_4q_avg": -13.71,
            "net_income": 3727,
            "net_income_4q": null,
            "revenue": 842638,
            "revenue_4q": null,
            "common_shares": 523600,
            "book_valuer_per_share": 1.2,
            "book_valuer_per_share_4q_avg": 1.54,
            "equity": 62722,
            "current_ratio": 88.6,
            "debt_ratio": 93.62,
            "inventory_turnover_ratio": 7.28,
            "account_receivable_turnover_ratio": 2.36,
            "reinvestment_rate": null,
            "research_to_sale_ratio": 0.3,
            "price_fair": 0,
            "eps_avg_yearly": 0,
            "eps_latest_yearly": 0,
            "eps_growth_yearly": 0
        },
        "20141": {
            "year_quarter": 20141,
            "year": 2014,
            "quarter": 1,
            "eps": 0.23,
            "eps_growth_year": null,
            "eps_4q": -0.83,
            "eps_4q_growth_year": null,
            "roe": 17.31,
            "roe_4q": -45.33,
            "gross_profit": 26814,
            "gross_margin": 4.06,
            "gross_margin_4q_avg": -2.11,
            "net_income": 11885,
            "net_income_4q": null,
            "revenue": 659998,
            "revenue_4q": null,
            "common_shares": 523600,
            "book_valuer_per_share": 1.42,
            "book_valuer_per_share_4q_avg": 1.33,
            "equity": 74607,
            "current_ratio": 91.11,
            "debt_ratio": 92.25,
            "inventory_turnover_ratio": 5.14,
            "account_receivable_turnover_ratio": 1.41,
            "reinvestment_rate": null,
            "research_to_sale_ratio": 0.38,
            "price_fair": 32.2,
            "eps_avg_yearly": 0.92,
            "eps_latest_yearly": 0.92,
            "eps_growth_yearly": 914.29
        },
        "20142": {
            "year_quarter": 20142,
            "year": 2014,
            "quarter": 2,
            "eps": 0.02,
            "eps_growth_year": null,
            "eps_4q": -0.14,
            "eps_4q_growth_year": null,
            "roe": 1.28,
            "roe_4q": -8.869999999999997,
            "gross_profit": 17325,
            "gross_margin": 2.55,
            "gross_margin_4q_avg": 2.23,
            "net_income": 962,
            "net_income_4q": null,
            "revenue": 680589,
            "revenue_4q": null,
            "common_shares": 523600,
            "book_valuer_per_share": 1.44,
            "book_valuer_per_share_4q_avg": 1.3,
            "equity": 75569,
            "current_ratio": 90.15,
            "debt_ratio": 89.73,
            "inventory_turnover_ratio": 5.37,
            "account_receivable_turnover_ratio": 1.93,
            "reinvestment_rate": null,
            "research_to_sale_ratio": 0.3,
            "price_fair": 17.5,
            "eps_avg_yearly": 0.5,
            "eps_latest_yearly": 0.08,
            "eps_growth_yearly": 274.53
        },
        "20143": {
            "year_quarter": 20143,
            "year": 2014,
            "quarter": 3,
            "eps": -0.05,
            "eps_growth_year": null,
            "eps_4q": 0.26,
            "eps_4q_growth_year": null,
            "roe": -3.71,
            "roe_4q": 21,
            "gross_profit": 28529,
            "gross_margin": 7.28,
            "gross_margin_4q_avg": 4.47,
            "net_income": -2756,
            "net_income_4q": null,
            "revenue": 392149,
            "revenue_4q": null,
            "common_shares": 523600,
            "book_valuer_per_share": 1.39,
            "book_valuer_per_share_4q_avg": 1.36,
            "equity": 72813,
            "current_ratio": 91.27,
            "debt_ratio": 88.95,
            "inventory_turnover_ratio": 2.69,
            "account_receivable_turnover_ratio": 1.6,
            "reinvestment_rate": null,
            "research_to_sale_ratio": 0.38,
            "price_fair": 17.5,
            "eps_avg_yearly": 0.5,
            "eps_latest_yearly": 0.08,
            "eps_growth_yearly": 274.53
        },
        "20144": {
            "year_quarter": 20144,
            "year": 2014,
            "quarter": 4,
            "eps": -0.04,
            "eps_growth_year": -157.71,
            "eps_4q": 0.15,
            "eps_4q_growth_year": null,
            "roe": -2.99,
            "roe_4q": 11.889999999999999,
            "gross_profit": 21023,
            "gross_margin": 7.12,
            "gross_margin_4q_avg": 5.25,
            "net_income": -2151,
            "net_income_4q": null,
            "revenue": 295417,
            "revenue_4q": null,
            "common_shares": 523600,
            "book_valuer_per_share": 1.35,
            "book_valuer_per_share_4q_avg": 1.4,
            "equity": 70892,
            "current_ratio": 89.5,
            "debt_ratio": 82.88,
            "inventory_turnover_ratio": 2.4,
            "account_receivable_turnover_ratio": 1.88,
            "reinvestment_rate": null,
            "research_to_sale_ratio": 0.68,
            "price_fair": 17.5,
            "eps_avg_yearly": 0.5,
            "eps_latest_yearly": 0.08,
            "eps_growth_yearly": 274.53
        },
        "20151": {
            "year_quarter": 20151,
            "year": 2015,
            "quarter": 1,
            "eps": 0.06,
            "eps_growth_year": -73.91,
            "eps_4q": -0.01,
            "eps_4q_growth_year": null,
            "roe": 4.5,
            "roe_4q": -0.9200000000000002,
            "gross_profit": 23637,
            "gross_margin": 11.59,
            "gross_margin_4q_avg": 7.14,
            "net_income": 3266,
            "net_income_4q": null,
            "revenue": 203949,
            "revenue_4q": null,
            "common_shares": 523600,
            "book_valuer_per_share": 1.42,
            "book_valuer_per_share_4q_avg": 1.4,
            "equity": 74158,
            "current_ratio": 96.14,
            "debt_ratio": 82.98,
            "inventory_turnover_ratio": 2.03,
            "account_receivable_turnover_ratio": 2.3,
            "reinvestment_rate": null,
            "research_to_sale_ratio": 0.76,
            "price_fair": 17.5,
            "eps_avg_yearly": 0.5,
            "eps_latest_yearly": 0.08,
            "eps_growth_yearly": 274.53
        },
        "20152": {
            "year_quarter": 20152,
            "year": 2015,
            "quarter": 2,
            "eps": 0.24,
            "eps_growth_year": 1100,
            "eps_4q": 0.21,
            "eps_4q_growth_year": null,
            "roe": 15.82,
            "roe_4q": 13.619999999999997,
            "gross_profit": 23759,
            "gross_margin": 8.78,
            "gross_margin_4q_avg": 8.69,
            "net_income": 12741,
            "net_income_4q": null,
            "revenue": 270698,
            "revenue_4q": null,
            "common_shares": 523600,
            "book_valuer_per_share": 1.66,
            "book_valuer_per_share_4q_avg": 1.46,
            "equity": 86899,
            "current_ratio": 99.59,
            "debt_ratio": 80.34,
            "inventory_turnover_ratio": 3.29,
            "account_receivable_turnover_ratio": 2.62,
            "reinvestment_rate": null,
            "research_to_sale_ratio": 1.05,
            "price_fair": 22.87,
            "eps_avg_yearly": 0.65,
            "eps_latest_yearly": 0.96,
            "eps_growth_yearly": 583.02
        },
        "20153": {
            "year_quarter": 20153,
            "year": 2015,
            "quarter": 3,
            "eps": -0.11,
            "eps_growth_year": null,
            "eps_4q": 0.15,
            "eps_4q_growth_year": -42.33,
            "roe": -7.01,
            "roe_4q": 10.32,
            "gross_profit": 15138,
            "gross_margin": 5.82,
            "gross_margin_4q_avg": 8.33,
            "net_income": -5887,
            "net_income_4q": null,
            "revenue": 260082,
            "revenue_4q": null,
            "common_shares": 523600,
            "book_valuer_per_share": 1.55,
            "book_valuer_per_share_4q_avg": 1.5,
            "equity": 81012,
            "current_ratio": 100.32,
            "debt_ratio": 81.88,
            "inventory_turnover_ratio": 3.03,
            "account_receivable_turnover_ratio": 2.42,
            "reinvestment_rate": null,
            "research_to_sale_ratio": 1.03,
            "price_fair": 22.87,
            "eps_avg_yearly": 0.65,
            "eps_latest_yearly": 0.96,
            "eps_growth_yearly": 583.02
        },
        "20154": {
            "year_quarter": 20154,
            "year": 2015,
            "quarter": 4,
            "eps": -0.06,
            "eps_growth_year": null,
            "eps_4q": 0.13,
            "eps_4q_growth_year": -14.45,
            "roe": -4.2,
            "roe_4q": 9.11,
            "gross_profit": 22363,
            "gross_margin": 9.82,
            "gross_margin_4q_avg": 9,
            "net_income": -3327,
            "net_income_4q": null,
            "revenue": 227733,
            "revenue_4q": null,
            "common_shares": 523600,
            "book_valuer_per_share": 1.48,
            "book_valuer_per_share_4q_avg": 1.53,
            "equity": 77260,
            "current_ratio": 96.29,
            "debt_ratio": 78.43,
            "inventory_turnover_ratio": 2.38,
            "account_receivable_turnover_ratio": 3.2,
            "reinvestment_rate": null,
            "research_to_sale_ratio": 0.95,
            "price_fair": 22.87,
            "eps_avg_yearly": 0.65,
            "eps_latest_yearly": 0.96,
            "eps_growth_yearly": 583.02
        },
        "20161": {
            "year_quarter": 20161,
            "year": 2016,
            "quarter": 1,
            "eps": -0.29,
            "eps_growth_year": -583.33,
            "eps_4q": -0.23,
            "eps_4q_growth_year": null,
            "roe": -22.15,
            "roe_4q": -17.54,
            "gross_profit": -762,
            "gross_margin": -1.13,
            "gross_margin_4q_avg": 5.82,
            "net_income": -15406,
            "net_income_4q": null,
            "revenue": 67535,
            "revenue_4q": null,
            "common_shares": 523600,
            "book_valuer_per_share": 1.18,
            "book_valuer_per_share_4q_avg": 1.47,
            "equity": 61854,
            "current_ratio": 90.68,
            "debt_ratio": 80.56,
            "inventory_turnover_ratio": 0.89,
            "account_receivable_turnover_ratio": 2.43,
            "reinvestment_rate": null,
            "research_to_sale_ratio": 2.11,
            "price_fair": 22.87,
            "eps_avg_yearly": 0.65,
            "eps_latest_yearly": 0.96,
            "eps_growth_yearly": 583.02
        },
        "20162": {
            "year_quarter": 20162,
            "year": 2016,
            "quarter": 2,
            "eps": -0.48,
            "eps_growth_year": -300,
            "eps_4q": -0.95,
            "eps_4q_growth_year": -546.6,
            "roe": -50.54,
            "roe_4q": -83.9,
            "gross_profit": -11186,
            "gross_margin": -29.28,
            "gross_margin_4q_avg": -3.69,
            "net_income": -24953,
            "net_income_4q": null,
            "revenue": 38198,
            "revenue_4q": null,
            "common_shares": 523600,
            "book_valuer_per_share": 0.7,
            "book_valuer_per_share_4q_avg": 1.23,
            "equity": 36901,
            "current_ratio": 78.26,
            "debt_ratio": 85.45,
            "inventory_turnover_ratio": 0.68,
            "account_receivable_turnover_ratio": 2.39,
            "reinvestment_rate": null,
            "research_to_sale_ratio": 3.81,
            "price_fair": 22.87,
            "eps_avg_yearly": 0.65,
            "eps_latest_yearly": 0.96,
            "eps_growth_yearly": 583.02
        },
        "20163": {
            "year_quarter": 20163,
            "year": 2016,
            "quarter": 3,
            "eps": -1.47,
            "eps_growth_year": null,
            "eps_4q": -4.8,
            "eps_4q_growth_year": -3256.99,
            "roe": -70.37,
            "roe_4q": -147.26,
            "gross_profit": -3683,
            "gross_margin": -3.73,
            "gross_margin_4q_avg": -6.08,
            "net_income": -19209,
            "net_income_4q": null,
            "revenue": 98829,
            "revenue_4q": null,
            "common_shares": 130900,
            "book_valuer_per_share": 1.35,
            "book_valuer_per_share_4q_avg": 1.18,
            "equity": 17692,
            "current_ratio": 75.23,
            "debt_ratio": 93.83,
            "inventory_turnover_ratio": 1.57,
            "account_receivable_turnover_ratio": 2.94,
            "reinvestment_rate": null,
            "research_to_sale_ratio": 3.07,
            "price_fair": 22.87,
            "eps_avg_yearly": 0.65,
            "eps_latest_yearly": 0.96,
            "eps_growth_yearly": 583.02
        },
        "20164": {
            "year_quarter": 20164,
            "year": 2016,
            "quarter": 4,
            "eps": -0.81,
            "eps_growth_year": null,
            "eps_4q": -5.36,
            "eps_4q_growth_year": -4228.68,
            "roe": -85.16,
            "roe_4q": -228.22,
            "gross_profit": 1846,
            "gross_margin": 1.9,
            "gross_margin_4q_avg": -8.06,
            "net_income": -10547,
            "net_income_4q": null,
            "revenue": 97133,
            "revenue_4q": null,
            "common_shares": 130900,
            "book_valuer_per_share": 0.54,
            "book_valuer_per_share_4q_avg": 0.94,
            "equity": 7077,
            "current_ratio": 66.62,
            "debt_ratio": 96.99,
            "inventory_turnover_ratio": 1.45,
            "account_receivable_turnover_ratio": 2.72,
            "reinvestment_rate": null,
            "research_to_sale_ratio": 1.28,
            "price_fair": 22.87,
            "eps_avg_yearly": 0.65,
            "eps_latest_yearly": 0.96,
            "eps_growth_yearly": 583.02
        },
        "20171": {
            "year_quarter": 20171,
            "year": 2017,
            "quarter": 1,
            "eps": -1.78,
            "eps_growth_year": null,
            "eps_4q": -1.36,
            "eps_4q_growth_year": null,
            "roe": -10.9,
            "roe_4q": -216.97,
            "gross_profit": -7444,
            "gross_margin": -28.86,
            "gross_margin_4q_avg": -14.99,
            "net_income": -24244,
            "net_income_4q": null,
            "revenue": 25791,
            "revenue_4q": null,
            "common_shares": 580900,
            "book_valuer_per_share": 7.54,
            "book_valuer_per_share_4q_avg": 2.53,
            "equity": 437828,
            "current_ratio": 261.07,
            "debt_ratio": 34,
            "inventory_turnover_ratio": 0.25,
            "account_receivable_turnover_ratio": 2.78,
            "reinvestment_rate": null,
            "research_to_sale_ratio": 8.32,
            "price_fair": 22.87,
            "eps_avg_yearly": 0.65,
            "eps_latest_yearly": 0.96,
            "eps_growth_yearly": 583.02
        },
        "20172": {
            "year_quarter": 20172,
            "year": 2017,
            "quarter": 2,
            "eps": -0.34,
            "eps_growth_year": null,
            "eps_4q": -1.27,
            "eps_4q_growth_year": null,
            "roe": -4.68,
            "roe_4q": -171.11,
            "gross_profit": -815,
            "gross_margin": -1.27,
            "gross_margin_4q_avg": -7.99,
            "net_income": -20039,
            "net_income_4q": null,
            "revenue": 64103,
            "revenue_4q": null,
            "common_shares": 580900,
            "book_valuer_per_share": 7.19,
            "book_valuer_per_share_4q_avg": 4.16,
            "equity": 417789,
            "current_ratio": 345.08,
            "debt_ratio": 24.19,
            "inventory_turnover_ratio": 0.34,
            "account_receivable_turnover_ratio": 2.13,
            "reinvestment_rate": null,
            "research_to_sale_ratio": 3.64,
            "price_fair": 22.87,
            "eps_avg_yearly": 0.65,
            "eps_latest_yearly": 0.96,
            "eps_growth_yearly": 583.02
        },
        "20173": {
            "year_quarter": 20173,
            "year": 2017,
            "quarter": 3,
            "eps": -0.07,
            "eps_growth_year": null,
            "eps_4q": -1.02,
            "eps_4q_growth_year": null,
            "roe": -1.03,
            "roe_4q": -101.77,
            "gross_profit": 21211,
            "gross_margin": 15.69,
            "gross_margin_4q_avg": -3.14,
            "net_income": -4265,
            "net_income_4q": null,
            "revenue": 135214,
            "revenue_4q": null,
            "common_shares": 580900,
            "book_valuer_per_share": 7.12,
            "book_valuer_per_share_4q_avg": 5.6,
            "equity": 413524,
            "current_ratio": 272.84,
            "debt_ratio": 29.08,
            "inventory_turnover_ratio": 0.56,
            "account_receivable_turnover_ratio": 2.53,
            "reinvestment_rate": null,
            "research_to_sale_ratio": 0.77,
            "price_fair": 22.87,
            "eps_avg_yearly": 0.65,
            "eps_latest_yearly": 0.96,
            "eps_growth_yearly": 583.02
        },
        "20174": {
            "year_quarter": 20174,
            "year": 2017,
            "quarter": 4,
            "eps": -0.86,
            "eps_growth_year": null,
            "eps_4q": -1.69,
            "eps_4q_growth_year": null,
            "roe": -12.82,
            "roe_4q": -29.43,
            "gross_profit": -4638,
            "gross_margin": -4.05,
            "gross_margin_4q_avg": -4.62,
            "net_income": -49785,
            "net_income_4q": null,
            "revenue": 114401,
            "revenue_4q": null,
            "common_shares": 580900,
            "book_valuer_per_share": 6.25,
            "book_valuer_per_share_4q_avg": 7.03,
            "equity": 363012,
            "current_ratio": 207.76,
            "debt_ratio": 35.16,
            "inventory_turnover_ratio": 0.59,
            "account_receivable_turnover_ratio": 2.29,
            "reinvestment_rate": null,
            "research_to_sale_ratio": 0.1,
            "price_fair": 22.87,
            "eps_avg_yearly": 0.65,
            "eps_latest_yearly": 0.96,
            "eps_growth_yearly": 583.02
        },
        "20181": {
            "year_quarter": 20181,
            "year": 2018,
            "quarter": 1,
            "eps": -0.19,
            "eps_growth_year": null,
            "eps_4q": -1.47,
            "eps_4q_growth_year": null,
            "roe": -3.13,
            "roe_4q": -21.66,
            "gross_profit": 4846,
            "gross_margin": 3.86,
            "gross_margin_4q_avg": 3.56,
            "net_income": -11182,
            "net_income_4q": null,
            "revenue": 125501,
            "revenue_4q": null,
            "common_shares": 580900,
            "book_valuer_per_share": 6.06,
            "book_valuer_per_share_4q_avg": 6.66,
            "equity": 351830,
            "current_ratio": 223.27,
            "debt_ratio": 38.82,
            "inventory_turnover_ratio": 0.68,
            "account_receivable_turnover_ratio": 2.89,
            "reinvestment_rate": null,
            "research_to_sale_ratio": 0.43,
            "price_fair": 18.2,
            "eps_avg_yearly": 0.52,
            "eps_latest_yearly": 0.96,
            "eps_growth_yearly": 417.39
        },
        "20182": {
            "year_quarter": 20182,
            "year": 2018,
            "quarter": 2,
            "eps": 0.06,
            "eps_growth_year": null,
            "eps_4q": -1.06,
            "eps_4q_growth_year": null,
            "roe": 1.04,
            "roe_4q": -15.94,
            "gross_profit": 20133,
            "gross_margin": 16.12,
            "gross_margin_4q_avg": 7.91,
            "net_income": 3666,
            "net_income_4q": null,
            "revenue": 124914,
            "revenue_4q": null,
            "common_shares": 580900,
            "book_valuer_per_share": 6.12,
            "book_valuer_per_share_4q_avg": 6.39,
            "equity": 355496,
            "current_ratio": 250.97,
            "debt_ratio": 43.12,
            "inventory_turnover_ratio": 0.56,
            "account_receivable_turnover_ratio": 1.84,
            "reinvestment_rate": null,
            "research_to_sale_ratio": 0.19,
            "price_fair": 33.6,
            "eps_avg_yearly": 0.96,
            "eps_latest_yearly": 0.96,
            "eps_growth_yearly": 1200
        },
        "20183": {
            "year_quarter": 20183,
            "year": 2018,
            "quarter": 3,
            "eps": -2.12,
            "eps_growth_year": null,
            "eps_4q": -2.34,
            "eps_4q_growth_year": null,
            "roe": -29.75,
            "roe_4q": -44.66,
            "gross_profit": 10038,
            "gross_margin": 11.03,
            "gross_margin_4q_avg": 6.74,
            "net_income": -125393,
            "net_income_4q": null,
            "revenue": 91035,
            "revenue_4q": null,
            "common_shares": 780900,
            "book_valuer_per_share": 6.24,
            "book_valuer_per_share_4q_avg": 6.17,
            "equity": 487603,
            "current_ratio": 160.31,
            "debt_ratio": 48.32,
            "inventory_turnover_ratio": 0.41,
            "account_receivable_turnover_ratio": 0.88,
            "reinvestment_rate": null,
            "research_to_sale_ratio": 0.48,
            "price_fair": 33.6,
            "eps_avg_yearly": 0.96,
            "eps_latest_yearly": 0.96,
            "eps_growth_yearly": 1200
        },
        "20184": {
            "year_quarter": 20184,
            "year": 2018,
            "quarter": 4,
            "eps": 0.76,
            "eps_growth_year": null,
            "eps_4q": -0.94,
            "eps_4q_growth_year": null,
            "roe": 11.48,
            "roe_4q": -20.36,
            "gross_profit": -22889,
            "gross_margin": -56.07,
            "gross_margin_4q_avg": -6.27,
            "net_income": 59431,
            "net_income_4q": null,
            "revenue": 40821,
            "revenue_4q": null,
            "common_shares": 780900,
            "book_valuer_per_share": 7.02,
            "book_valuer_per_share_4q_avg": 6.36,
            "equity": 547979,
            "current_ratio": 299.84,
            "debt_ratio": 21.13,
            "inventory_turnover_ratio": 0.29,
            "account_receivable_turnover_ratio": 0.54,
            "reinvestment_rate": null,
            "research_to_sale_ratio": 6.18,
            "price_fair": 33.6,
            "eps_avg_yearly": 0.96,
            "eps_latest_yearly": 0.96,
            "eps_growth_yearly": 1200
        },
        "20191": {
            "year_quarter": 20191,
            "year": 2019,
            "quarter": 1,
            "eps": 0.12,
            "eps_growth_year": null,
            "eps_4q": -0.68,
            "eps_4q_growth_year": null,
            "roe": 1.63,
            "roe_4q": -15.600000000000001,
            "gross_profit": 7923,
            "gross_margin": 29.19,
            "gross_margin_4q_avg": 0.07,
            "net_income": 9002,
            "net_income_4q": null,
            "revenue": 27146,
            "revenue_4q": null,
            "common_shares": 780900,
            "book_valuer_per_share": 7.13,
            "book_valuer_per_share_4q_avg": 6.63,
            "equity": 556981,
            "current_ratio": 253.72,
            "debt_ratio": 25.36,
            "inventory_turnover_ratio": 0.07,
            "account_receivable_turnover_ratio": 0.41,
            "reinvestment_rate": null,
            "research_to_sale_ratio": 1.65,
            "price_fair": 25.2,
            "eps_avg_yearly": 0.72,
            "eps_latest_yearly": 0.48,
            "eps_growth_yearly": 431.58
        },
        "20192": {
            "year_quarter": 20192,
            "year": 2019,
            "quarter": 2,
            "eps": 0.16,
            "eps_growth_year": 166.67,
            "eps_4q": -0.57,
            "eps_4q_growth_year": null,
            "roe": 2.25,
            "roe_4q": -14.39,
            "gross_profit": 54781,
            "gross_margin": 28.33,
            "gross_margin_4q_avg": 3.12,
            "net_income": 12721,
            "net_income_4q": null,
            "revenue": 193368,
            "revenue_4q": null,
            "common_shares": 780900,
            "book_valuer_per_share": 7.31,
            "book_valuer_per_share_4q_avg": 6.93,
            "equity": 571702,
            "current_ratio": 366.37,
            "debt_ratio": 17.05,
            "inventory_turnover_ratio": 0.65,
            "account_receivable_turnover_ratio": 1.71,
            "reinvestment_rate": null,
            "research_to_sale_ratio": 0.04,
            "price_fair": 1.68,
            "eps_avg_yearly": 0.56,
            "eps_latest_yearly": 0.64,
            "eps_growth_yearly": -101.75
        },
        "20193": {
            "year_quarter": 20193,
            "year": 2019,
            "quarter": 3,
            "eps": -0.31,
            "eps_growth_year": null,
            "eps_4q": 0.73,
            "eps_4q_growth_year": null,
            "roe": -4.31,
            "roe_4q": 11.05,
            "gross_profit": 2675,
            "gross_margin": 9.61,
            "gross_margin_4q_avg": 2.77,
            "net_income": -24093,
            "net_income_4q": null,
            "revenue": 27827,
            "revenue_4q": null,
            "common_shares": 780900,
            "book_valuer_per_share": 6.99,
            "book_valuer_per_share_4q_avg": 7.11,
            "equity": 545609,
            "current_ratio": 383.22,
            "debt_ratio": 13.31,
            "inventory_turnover_ratio": 0.18,
            "account_receivable_turnover_ratio": 0.25,
            "reinvestment_rate": null,
            "research_to_sale_ratio": 0,
            "price_fair": 1.68,
            "eps_avg_yearly": 0.56,
            "eps_latest_yearly": 0.64,
            "eps_growth_yearly": -101.75
        }
    },
    "months": {
        "2007-06": {
            "month": "2007-06",
            "price": "140.02",
            "revenue": 83234
        },
        "2007-07": {
            "month": "2007-07",
            "price": "135.88",
            "revenue": 107088
        },
        "2007-08": {
            "month": "2007-08",
            "price": "142.69",
            "revenue": 154736
        },
        "2007-09": {
            "month": "2007-09",
            "price": "132.41",
            "revenue": 163293
        },
        "2007-10": {
            "month": "2007-10",
            "price": "128.14",
            "revenue": 207853
        },
        "2007-11": {
            "month": "2007-11",
            "price": "106.40",
            "revenue": 206841
        },
        "2007-12": {
            "month": "2007-12",
            "price": "79.84",
            "revenue": 225317
        },
        "2008-01": {
            "month": "2008-01",
            "price": "74.36",
            "revenue": 226498
        },
        "2008-02": {
            "month": "2008-02",
            "price": "70.67",
            "revenue": 151838
        },
        "2008-03": {
            "month": "2008-03",
            "price": "73.48",
            "revenue": 280025
        },
        "2008-04": {
            "month": "2008-04",
            "price": "93.10",
            "revenue": 234266
        },
        "2008-05": {
            "month": "2008-05",
            "price": "127.08",
            "revenue": 303163
        },
        "2008-06": {
            "month": "2008-06",
            "price": "116.25",
            "revenue": 479820
        },
        "2008-07": {
            "month": "2008-07",
            "price": "101.56",
            "revenue": 360924
        },
        "2008-08": {
            "month": "2008-08",
            "price": "107.57",
            "revenue": 365799
        },
        "2008-09": {
            "month": "2008-09",
            "price": "85.31",
            "revenue": 261648
        },
        "2008-10": {
            "month": "2008-10",
            "price": "52.63",
            "revenue": 151091
        },
        "2008-11": {
            "month": "2008-11",
            "price": "27.32",
            "revenue": 83788
        },
        "2008-12": {
            "month": "2008-12",
            "price": "22.40",
            "revenue": 45311
        },
        "2009-01": {
            "month": "2009-01",
            "price": "23.39",
            "revenue": 61874
        },
        "2009-02": {
            "month": "2009-02",
            "price": "24.60",
            "revenue": 63031
        },
        "2009-03": {
            "month": "2009-03",
            "price": "30.71",
            "revenue": 65672
        },
        "2009-04": {
            "month": "2009-04",
            "price": "33.27",
            "revenue": 33037
        },
        "2009-05": {
            "month": "2009-05",
            "price": "31.80",
            "revenue": 11930
        },
        "2009-06": {
            "month": "2009-06",
            "price": "33.26",
            "revenue": -48668
        },
        "2009-07": {
            "month": "2009-07",
            "price": "33.73",
            "revenue": 91229
        },
        "2009-08": {
            "month": "2009-08",
            "price": "30.87",
            "revenue": 68465
        },
        "2009-09": {
            "month": "2009-09",
            "price": "32.09",
            "revenue": 200363
        },
        "2009-10": {
            "month": "2009-10",
            "price": "37.54",
            "revenue": 209100
        },
        "2009-11": {
            "month": "2009-11",
            "price": "40.88",
            "revenue": 64839
        },
        "2009-12": {
            "month": "2009-12",
            "price": "44.42",
            "revenue": 81088
        },
        "2010-01": {
            "month": "2010-01",
            "price": "40.72",
            "revenue": 97684
        },
        "2010-02": {
            "month": "2010-02",
            "price": "34.99",
            "revenue": 136388
        },
        "2010-03": {
            "month": "2010-03",
            "price": "37.53",
            "revenue": 86730
        },
        "2010-04": {
            "month": "2010-04",
            "price": "39.01",
            "revenue": 181885
        },
        "2010-05": {
            "month": "2010-05",
            "price": "33.28",
            "revenue": 207645
        },
        "2010-06": {
            "month": "2010-06",
            "price": "31.15",
            "revenue": 154583
        },
        "2010-07": {
            "month": "2010-07",
            "price": "32.68",
            "revenue": 145795
        },
        "2010-08": {
            "month": "2010-08",
            "price": "36.96",
            "revenue": 202195
        },
        "2010-09": {
            "month": "2010-09",
            "price": "38.45",
            "revenue": 147425
        },
        "2010-10": {
            "month": "2010-10",
            "price": "33.40",
            "revenue": 202720
        },
        "2010-11": {
            "month": "2010-11",
            "price": "30.50",
            "revenue": 194447
        },
        "2010-12": {
            "month": "2010-12",
            "price": "31.16",
            "revenue": 102213
        },
        "2011-01": {
            "month": "2011-01",
            "price": "31.09",
            "revenue": 114650
        },
        "2011-02": {
            "month": "2011-02",
            "price": "34.70",
            "revenue": 94083
        },
        "2011-03": {
            "month": "2011-03",
            "price": "34.92",
            "revenue": 191823
        },
        "2011-04": {
            "month": "2011-04",
            "price": "32.72",
            "revenue": 51287
        },
        "2011-05": {
            "month": "2011-05",
            "price": "28.49",
            "revenue": 42866
        },
        "2011-06": {
            "month": "2011-06",
            "price": "26.70",
            "revenue": 40871
        },
        "2011-07": {
            "month": "2011-07",
            "price": "23.77",
            "revenue": 65721
        },
        "2011-08": {
            "month": "2011-08",
            "price": "18.12",
            "revenue": 49078
        },
        "2011-09": {
            "month": "2011-09",
            "price": "14.99",
            "revenue": 28561
        },
        "2011-10": {
            "month": "2011-10",
            "price": "13.34",
            "revenue": 33650
        },
        "2011-11": {
            "month": "2011-11",
            "price": "10.56",
            "revenue": 20492
        },
        "2011-12": {
            "month": "2011-12",
            "price": "11.54",
            "revenue": 4795
        },
        "2012-01": {
            "month": "2012-01",
            "price": "12.10",
            "revenue": 16171
        },
        "2012-02": {
            "month": "2012-02",
            "price": "17.50",
            "revenue": 81446
        },
        "2012-03": {
            "month": "2012-03",
            "price": "17.05",
            "revenue": 75317
        },
        "2012-04": {
            "month": "2012-04",
            "price": "13.64",
            "revenue": 65366
        },
        "2012-05": {
            "month": "2012-05",
            "price": "13.92",
            "revenue": 34471
        },
        "2012-06": {
            "month": "2012-06",
            "price": "12.97",
            "revenue": 22373
        },
        "2012-07": {
            "month": "2012-07",
            "price": "11.15",
            "revenue": 3735
        },
        "2012-08": {
            "month": "2012-08",
            "price": "9.59",
            "revenue": 996
        },
        "2012-09": {
            "month": "2012-09",
            "price": "8.96",
            "revenue": 24366
        },
        "2012-10": {
            "month": "2012-10",
            "price": "9.45",
            "revenue": 7025
        },
        "2012-11": {
            "month": "2012-11",
            "price": "8.96",
            "revenue": 7259
        },
        "2012-12": {
            "month": "2012-12",
            "price": "8.92",
            "revenue": 9819
        },
        "2013-01": {
            "month": "2013-01",
            "price": "8.16",
            "revenue": 21949
        },
        "2013-02": {
            "month": "2013-02",
            "price": "8.12",
            "revenue": 17492
        },
        "2013-03": {
            "month": "2013-03",
            "price": "6.06",
            "revenue": 19712
        },
        "2013-04": {
            "month": "2013-04",
            "price": "4.60",
            "revenue": 32583
        },
        "2013-05": {
            "month": "2013-05",
            "price": "6.62",
            "revenue": 42240
        },
        "2013-06": {
            "month": "2013-06",
            "price": "6.69",
            "revenue": 58512
        },
        "2013-07": {
            "month": "2013-07",
            "price": "7.30",
            "revenue": 4986
        },
        "2013-08": {
            "month": "2013-08",
            "price": "6.18",
            "revenue": 85947
        },
        "2013-09": {
            "month": "2013-09",
            "price": "6.83",
            "revenue": 220484
        },
        "2013-10": {
            "month": "2013-10",
            "price": "7.26",
            "revenue": 320361
        },
        "2013-11": {
            "month": "2013-11",
            "price": "7.30",
            "revenue": 193512
        },
        "2013-12": {
            "month": "2013-12",
            "price": "7.28",
            "revenue": 328765
        },
        "2014-01": {
            "month": "2014-01",
            "price": "8.73",
            "revenue": 228351
        },
        "2014-02": {
            "month": "2014-02",
            "price": "8.60",
            "revenue": 199567
        },
        "2014-03": {
            "month": "2014-03",
            "price": "9.55",
            "revenue": 232080
        },
        "2014-04": {
            "month": "2014-04",
            "price": "9.32",
            "revenue": 288613
        },
        "2014-05": {
            "month": "2014-05",
            "price": "8.54",
            "revenue": 215195
        },
        "2014-06": {
            "month": "2014-06",
            "price": "8.87",
            "revenue": 176781
        },
        "2014-07": {
            "month": "2014-07",
            "price": "9.22",
            "revenue": 162839
        },
        "2014-08": {
            "month": "2014-08",
            "price": "7.81",
            "revenue": 105997
        },
        "2014-09": {
            "month": "2014-09",
            "price": "7.06",
            "revenue": 123313
        },
        "2014-10": {
            "month": "2014-10",
            "price": "7.25",
            "revenue": 101860
        },
        "2014-11": {
            "month": "2014-11",
            "price": "6.64",
            "revenue": 116124
        },
        "2014-12": {
            "month": "2014-12",
            "price": "5.45",
            "revenue": 77433
        },
        "2015-01": {
            "month": "2015-01",
            "price": "5.22",
            "revenue": 62268
        },
        "2015-02": {
            "month": "2015-02",
            "price": "4.98",
            "revenue": 36133
        },
        "2015-03": {
            "month": "2015-03",
            "price": "6.00",
            "revenue": 105548
        },
        "2015-04": {
            "month": "2015-04",
            "price": "5.69",
            "revenue": 87455
        },
        "2015-05": {
            "month": "2015-05",
            "price": "5.18",
            "revenue": 82576
        },
        "2015-06": {
            "month": "2015-06",
            "price": "5.05",
            "revenue": 100667
        },
        "2015-07": {
            "month": "2015-07",
            "price": "5.38",
            "revenue": 66296
        },
        "2015-08": {
            "month": "2015-08",
            "price": "5.04",
            "revenue": 96092
        },
        "2015-09": {
            "month": "2015-09",
            "price": "4.92",
            "revenue": 97694
        },
        "2015-10": {
            "month": "2015-10",
            "price": "4.31",
            "revenue": 81334
        },
        "2015-11": {
            "month": "2015-11",
            "price": "4.07",
            "revenue": 87140
        },
        "2015-12": {
            "month": "2015-12",
            "price": "4.45",
            "revenue": 59259
        },
        "2016-01": {
            "month": "2016-01",
            "price": "3.13",
            "revenue": 31930
        },
        "2016-02": {
            "month": "2016-02",
            "price": "3.09",
            "revenue": 13737
        },
        "2016-03": {
            "month": "2016-03",
            "price": "3.50",
            "revenue": 21869
        },
        "2016-04": {
            "month": "2016-04",
            "price": "4.79",
            "revenue": 11627
        },
        "2016-05": {
            "month": "2016-05",
            "price": "3.70",
            "revenue": 11230
        },
        "2016-06": {
            "month": "2016-06",
            "price": "2.66",
            "revenue": 15341
        },
        "2016-07": {
            "month": "2016-07",
            "price": "3.05",
            "revenue": 13036
        },
        "2016-08": {
            "month": "2016-08",
            "price": "2.51",
            "revenue": 32080
        },
        "2016-09": {
            "month": "2016-09",
            "price": "2.63",
            "revenue": 53712
        },
        "2016-10": {
            "month": "2016-10",
            "price": "12.05",
            "revenue": 59235
        },
        "2016-11": {
            "month": "2016-11",
            "price": "13.19",
            "revenue": 22311
        },
        "2016-12": {
            "month": "2016-12",
            "price": "9.77",
            "revenue": 15588
        },
        "2017-01": {
            "month": "2017-01",
            "price": "10.66",
            "revenue": 14549
        },
        "2017-02": {
            "month": "2017-02",
            "price": "12.10",
            "revenue": 4767
        },
        "2017-03": {
            "month": "2017-03",
            "price": "12.78",
            "revenue": 6475
        },
        "2017-04": {
            "month": "2017-04",
            "price": "12.61",
            "revenue": 18258
        },
        "2017-05": {
            "month": "2017-05",
            "price": "14.75",
            "revenue": 15411
        },
        "2017-06": {
            "month": "2017-06",
            "price": "12.86",
            "revenue": 30434
        },
        "2017-07": {
            "month": "2017-07",
            "price": "11.61",
            "revenue": 71069
        },
        "2017-08": {
            "month": "2017-08",
            "price": "10.68",
            "revenue": 52894
        },
        "2017-09": {
            "month": "2017-09",
            "price": "14.17",
            "revenue": 11251
        },
        "2017-10": {
            "month": "2017-10",
            "price": "14.19",
            "revenue": 28880
        },
        "2017-11": {
            "month": "2017-11",
            "price": "13.34",
            "revenue": 38207
        },
        "2017-12": {
            "month": "2017-12",
            "price": "13.13",
            "revenue": 48187
        },
        "2018-01": {
            "month": "2018-01",
            "price": "12.98",
            "revenue": 47548
        },
        "2018-02": {
            "month": "2018-02",
            "price": "12.87",
            "revenue": 11453
        },
        "2018-03": {
            "month": "2018-03",
            "price": "13.92",
            "revenue": 66500
        },
        "2018-04": {
            "month": "2018-04",
            "price": "15.56",
            "revenue": 37705
        },
        "2018-05": {
            "month": "2018-05",
            "price": "16.72",
            "revenue": 46657
        },
        "2018-06": {
            "month": "2018-06",
            "price": "15.78",
            "revenue": 40552
        },
        "2018-07": {
            "month": "2018-07",
            "price": "14.29",
            "revenue": 34692
        },
        "2018-08": {
            "month": "2018-08",
            "price": "13.08",
            "revenue": 42802
        },
        "2018-09": {
            "month": "2018-09",
            "price": "13.34",
            "revenue": 13541
        },
        "2018-10": {
            "month": "2018-10",
            "price": "9.87",
            "revenue": 24452
        },
        "2018-11": {
            "month": "2018-11",
            "price": "8.56",
            "revenue": 859
        },
        "2018-12": {
            "month": "2018-12",
            "price": "7.55",
            "revenue": 15509
        },
        "2019-01": {
            "month": "2019-01",
            "price": "7.36",
            "revenue": 13509
        },
        "2019-02": {
            "month": "2019-02",
            "price": "6.11",
            "revenue": 2220
        },
        "2019-03": {
            "month": "2019-03",
            "price": "5.97",
            "revenue": 11417
        },
        "2019-04": {
            "month": "2019-04",
            "price": "7.99",
            "revenue": 1922
        },
        "2019-05": {
            "month": "2019-05",
            "price": "7.66",
            "revenue": 162548
        },
        "2019-06": {
            "month": "2019-06",
            "price": "7.80",
            "revenue": 21298
        },
        "2019-07": {
            "month": "2019-07",
            "price": "7.25",
            "revenue": 2702
        },
        "2019-08": {
            "month": "2019-08",
            "price": "7.24",
            "revenue": 20083
        },
        "2019-09": {
            "month": "2019-09",
            "price": "7.08",
            "revenue": 5042
        },
        "2019-10": {
            "month": "2019-10",
            "price": "6.95",
            "revenue": 6027
        },
        "2019-11": {
            "month": "2019-11",
            "price": "6.46",
            "revenue": 18419
        },
        "2019-12": {
            "month": "2019-12",
            "price": "7.02",
            "revenue": 22277
        },
        "2020-01": {
            "month": "2020-01",
            "price": "9.67",
            "revenue": 2166
        }
    }
}
