{
    "summary": {
        "stock_name": "牧德",
        "stock_id": "3563",
        "category": "光電",
        "main_business": "非接觸式機械視覺檢測系統設備",
        "website_url": "http://www.machvision.com.tw",
        "ceo": "陳復生",
        "pe_ratio": 18,
        "report_year_from": 2007,
        "report_year_to": 2023,
        "age": 16,
        "eps_negative_percentage": 0,
        "eps_growth_avg": {
            "last_all": 26.28,
            "last_2y": -9.96,
            "last_4y": 7.17,
            "last_8y": 13.92,
            "last_12y": 26.28,
            "last_16y": null,
            "last_20y": null,
            "at_2006_last_3y": null,
            "at_2007_last_3y": null,
            "at_2008_last_3y": null,
            "at_2009_last_3y": null,
            "at_2010_last_3y": null,
            "at_2011_last_3y": null,
            "at_2012_last_3y": null,
            "at_2013_last_3y": 54.1,
            "at_2014_last_3y": 22.06,
            "at_2015_last_3y": -4.87,
            "at_2016_last_3y": 4.23,
            "at_2017_last_3y": 22.35,
            "at_2018_last_3y": 54.39,
            "at_2019_last_3y": 47.75,
            "at_2020_last_3y": 35.34,
            "at_2021_last_3y": 15.93,
            "at_2022_last_3y": -16.03,
            "at_2023_last_3y": -16.03,
            "at_2006_last_all": null,
            "at_2007_last_all": null,
            "at_2008_last_all": null,
            "at_2009_last_all": null,
            "at_2010_last_all": null,
            "at_2011_last_all": 100,
            "at_2012_last_all": 62.96,
            "at_2013_last_all": 54.1,
            "at_2014_last_all": 37.64,
            "at_2015_last_all": 30.09,
            "at_2016_last_all": 29.4,
            "at_2017_last_all": 38.23,
            "at_2018_last_all": 45.09,
            "at_2019_last_all": 37.15,
            "at_2020_last_all": 31.56,
            "at_2021_last_all": 30.79,
            "at_2022_last_all": 26.28,
            "at_2023_last_all": 26.28
        },
        "latest_eps": 9.84,
        "latest_price": 181,
        "latest_roe": 13.87,
        "latest_gross_margin": 62.8,
        "latest_equity": 5133949,
        "latest_revenue": 578553,
        "latest_gross_profit": 363313,
        "latest_net_income": 161658,
        "latest_debt_ratio": 12.98,
        "latest_current_ratio": 796.57,
        "latest_account_receivable_turnover_ratio": 0.5,
        "latest_inventory_turnover_ratio": 0.65,
        "latest_reinvestment_rate": -0.41,
        "latest_research_to_sale_ratio": 10.73
    },
    "eps_dividends": {
        "2001": {
            "cash": 0,
            "stock": 0,
            "eps": 0
        },
        "2002": {
            "cash": 0,
            "stock": 0,
            "eps": 0
        },
        "2003": {
            "cash": 0,
            "stock": 0,
            "eps": 0
        },
        "2004": {
            "cash": 0,
            "stock": 0,
            "eps": 0
        },
        "2005": {
            "cash": 0,
            "stock": 0,
            "eps": 0
        },
        "2006": {
            "cash": 0,
            "stock": 0,
            "eps": 0
        },
        "2007": {
            "cash": 0.2,
            "stock": 1.75,
            "eps": 0
        },
        "2008": {
            "cash": 0.15,
            "stock": 1.3,
            "eps": 0
        },
        "2009": {
            "cash": 0.85,
            "stock": 0,
            "eps": 0.55
        },
        "2010": {
            "cash": 0.5,
            "stock": 0,
            "eps": 2.27
        },
        "2011": {
            "cash": 3.6,
            "stock": 3,
            "eps": 4.95
        },
        "2012": {
            "cash": 0,
            "stock": 0,
            "eps": 4.4
        },
        "2013": {
            "cash": 2.75,
            "stock": 1,
            "eps": 5.61
        },
        "2014": {
            "cash": 4.2,
            "stock": 0,
            "eps": 4.03
        },
        "2015": {
            "cash": 3.63,
            "stock": 0,
            "eps": 3.72
        },
        "2016": {
            "cash": 3.6,
            "stock": 0,
            "eps": 4.66
        },
        "2017": {
            "cash": 4.2,
            "stock": 0,
            "eps": 10.86
        },
        "2018": {
            "cash": 10,
            "stock": 0,
            "eps": 30.42
        },
        "2019": {
            "cash": 27,
            "stock": 0,
            "eps": 20
        },
        "2020": {
            "cash": 13.5,
            "stock": 0,
            "eps": 15.12
        },
        "2021": {
            "cash": 9,
            "stock": 0,
            "eps": 18.5
        },
        "2022": {
            "cash": 14,
            "stock": 0,
            "eps": 13.35
        },
        "2023": {
            "cash": 8,
            "stock": 0,
            "eps": 7.11
        }
    },
    "dividends": {
        "2007-05-25": {
            "cash": 0.2,
            "stock": 1.75
        },
        "2008-03-31": {
            "cash": 0.15,
            "stock": 1.3
        },
        "2009-03-31": {
            "cash": 0.85,
            "stock": 0
        },
        "2010-03-19": {
            "cash": 0.5,
            "stock": 0
        },
        "2011-01-01": {
            "cash": 3.25,
            "stock": 1
        },
        "2011-03-23": {
            "cash": 0.35,
            "stock": 2
        },
        "2013-06-10": {
            "cash": 2.75,
            "stock": 1
        },
        "2014-05-29": {
            "cash": 4.2,
            "stock": 0
        },
        "2015-07-09": {
            "cash": 3.63,
            "stock": 0
        },
        "2016-07-22": {
            "cash": 3.6,
            "stock": 0
        },
        "2017-08-15": {
            "cash": 4.2,
            "stock": 0
        },
        "2018-07-25": {
            "cash": 10,
            "stock": 0
        },
        "2019-07-25": {
            "cash": 27,
            "stock": 0
        },
        "2020-07-14": {
            "cash": 10.5,
            "stock": 0
        },
        "2020-11-25": {
            "cash": 3,
            "stock": 0
        },
        "2021-08-13": {
            "cash": 9,
            "stock": 0
        },
        "2022-01-14": {
            "cash": 2,
            "stock": 0
        },
        "2022-07-12": {
            "cash": 10,
            "stock": 0
        },
        "2022-12-16": {
            "cash": 2,
            "stock": 0
        },
        "2023-07-05": {
            "cash": 8,
            "stock": 0
        }
    },
    "prices": {
        "200101": "無",
        "200102": "無",
        "200103": "無",
        "200104": "無",
        "200105": "無",
        "200106": "無",
        "200107": "無",
        "200108": "無",
        "200109": "無",
        "200110": "無",
        "200111": "無",
        "200112": "無",
        "200201": "無",
        "200202": "無",
        "200203": "無",
        "200204": "無",
        "200205": "無",
        "200206": "無",
        "200207": "無",
        "200208": "無",
        "200209": "無",
        "200210": "無",
        "200211": "無",
        "200212": "無",
        "200301": "無",
        "200302": "無",
        "200303": "無",
        "200304": "無",
        "200305": "無",
        "200306": "無",
        "200307": "無",
        "200308": "無",
        "200309": "無",
        "200310": "無",
        "200311": "無",
        "200312": "無",
        "200401": "無",
        "200402": "無",
        "200403": "無",
        "200404": "無",
        "200405": "無",
        "200406": "無",
        "200407": "無",
        "200408": "無",
        "200409": "無",
        "200410": "無",
        "200411": "無",
        "200412": "無",
        "200501": "無",
        "200502": "無",
        "200503": "無",
        "200504": "無",
        "200505": "無",
        "200506": "無",
        "200507": "無",
        "200508": "無",
        "200509": "無",
        "200510": "無",
        "200511": "無",
        "200512": "無",
        "200601": "無",
        "200602": "無",
        "200603": "無",
        "200604": "無",
        "200605": "無",
        "200606": "無",
        "200607": "無",
        "200608": "無",
        "200609": "無",
        "200610": "無",
        "200611": "無",
        "200612": "無",
        "200701": "無",
        "200702": "無",
        "200703": "無",
        "200704": "無",
        "200705": "無",
        "200706": "48.60",
        "200707": "41.63",
        "200708": "34.76",
        "200709": "31.28",
        "200710": "30.33",
        "200711": "33.54",
        "200712": "31.63",
        "200801": "28.54",
        "200802": "26.69",
        "200803": "27.30",
        "200804": "25.48",
        "200805": "27.27",
        "200806": "26.46",
        "200807": "21.67",
        "200808": "13.97",
        "200809": "12.25",
        "200810": "10.91",
        "200811": "8.98",
        "200812": "9.34",
        "200901": "8.52",
        "200902": "8.92",
        "200903": "7.85",
        "200904": "8.73",
        "200905": "7.88",
        "200906": "7.90",
        "200907": "7.92",
        "200908": "8.02",
        "200909": "9.67",
        "200910": "11.48",
        "200911": "10.44",
        "200912": "10.16",
        "201001": "13.64",
        "201002": "13.93",
        "201003": "17.69",
        "201004": "24.43",
        "201005": "28.72",
        "201006": "34.21",
        "201007": "31.37",
        "201008": "33.99",
        "201009": "33.34",
        "201010": "33.25",
        "201011": "32.95",
        "201012": "36.90",
        "201101": "42.12",
        "201102": "41.06",
        "201103": "45.29",
        "201104": "59.48",
        "201105": "64.79",
        "201106": "64.56",
        "201107": "66.83",
        "201108": "59.77",
        "201109": "48.37",
        "201110": "43.31",
        "201111": "44.08",
        "201112": "39.92",
        "201201": "40.46",
        "201202": "50.90",
        "201203": "56.17",
        "201204": "52.36",
        "201205": "54.71",
        "201206": "51.09",
        "201207": "51.03",
        "201208": "47.19",
        "201209": "45.58",
        "201210": "40.87",
        "201211": "36.67",
        "201212": "39.10",
        "201301": "42.70",
        "201302": "49.92",
        "201303": "57.97",
        "201304": "59.24",
        "201305": "63.32",
        "201306": "67.51",
        "201307": "74.17",
        "201308": "75.96",
        "201309": "75.32",
        "201310": "68.95",
        "201311": "63.22",
        "201312": "63.89",
        "201401": "68.47",
        "201402": "70.02",
        "201403": "69.00",
        "201404": "73.66",
        "201405": "69.64",
        "201406": "67.33",
        "201407": "59.76",
        "201408": "55.46",
        "201409": "57.02",
        "201410": "50.43",
        "201411": "49.63",
        "201412": "51.43",
        "201501": "52.34",
        "201502": "51.08",
        "201503": "55.03",
        "201504": "54.36",
        "201505": "51.88",
        "201506": "45.86",
        "201507": "41.15",
        "201508": "37.81",
        "201509": "38.78",
        "201510": "41.16",
        "201511": "44.08",
        "201512": "43.68",
        "201601": "40.91",
        "201602": "43.92",
        "201603": "47.60",
        "201604": "46.25",
        "201605": "44.45",
        "201606": "43.79",
        "201607": "42.89",
        "201608": "49.28",
        "201609": "57.14",
        "201610": "60.90",
        "201611": "59.66",
        "201612": "60.90",
        "201701": "58.65",
        "201702": "71.51",
        "201703": "82.69",
        "201704": "81.21",
        "201705": "96.62",
        "201706": "117.07",
        "201707": "147.62",
        "201708": "161.83",
        "201709": "156.77",
        "201710": "158.89",
        "201711": "180.32",
        "201712": "193.95",
        "201801": "277.77",
        "201802": "289.27",
        "201803": "308.83",
        "201804": "368.50",
        "201805": "440.39",
        "201806": "458.98",
        "201807": "406.30",
        "201808": "486.67",
        "201809": "414.00",
        "201810": "315.75",
        "201811": "377.32",
        "201812": "386.38",
        "201901": "397.43",
        "201902": "443.69",
        "201903": "442.28",
        "201904": "431.98",
        "201905": "382.45",
        "201906": "383.61",
        "201907": "372.35",
        "201908": "340.90",
        "201909": "332.55",
        "201910": "302.12",
        "201911": "293.86",
        "201912": "314.77",
        "202001": "401.63",
        "202002": "398.53",
        "202003": "292.34",
        "202004": "308.45",
        "202005": "336.70",
        "202006": "323.38",
        "202007": "294.80",
        "202008": "288.24",
        "202009": "292.77",
        "202010": "292.89",
        "202011": "290.86",
        "202012": "293.04",
        "202101": "280.32",
        "202102": "280.12",
        "202103": "281.50",
        "202104": "284.05",
        "202105": "240.21",
        "202106": "250.79",
        "202107": "259.23",
        "202108": "271.64",
        "202109": "237.02",
        "202110": "225.95",
        "202111": "236.27",
        "202112": "238.93",
        "202201": "253.00",
        "202202": "231.53",
        "202203": "214.85",
        "202204": "197.87",
        "202205": "183.12",
        "202206": "168.48",
        "202207": "138.50",
        "202208": "146.57",
        "202209": "138.12",
        "202210": "120.70",
        "202211": "130.89",
        "202212": "135.55",
        "202301": "139.62",
        "202302": "159.17",
        "202303": "182.85",
        "202304": "187.94",
        "202305": "201.16",
        "202306": "218.18",
        "202307": "228.71",
        "202308": "197.89",
        "202309": "203.88",
        "202310": "190.36"
    },
    "quarters": {
        "20011": {
            "year_quarter": 20011,
            "year": 2001,
            "quarter": 1,
            "eps": null,
            "eps_growth_year": null,
            "eps_4q": null,
            "eps_4q_growth_year": null,
            "roe": null,
            "roe_4q": 0,
            "gross_profit": null,
            "gross_margin": null,
            "gross_margin_4q_avg": 0,
            "net_income": null,
            "net_income_4q": null,
            "revenue": null,
            "revenue_4q": null,
            "common_shares": null,
            "book_valuer_per_share": null,
            "book_valuer_per_share_4q_avg": 0,
            "equity": null,
            "current_ratio": null,
            "debt_ratio": null,
            "inventory_turnover_ratio": null,
            "account_receivable_turnover_ratio": null,
            "reinvestment_rate": null,
            "research_to_sale_ratio": null,
            "price_fair": 0,
            "eps_avg_yearly": 0,
            "eps_latest_yearly": 0,
            "eps_growth_yearly": 0
        },
        "20012": {
            "year_quarter": 20012,
            "year": 2001,
            "quarter": 2,
            "eps": null,
            "eps_growth_year": null,
            "eps_4q": null,
            "eps_4q_growth_year": null,
            "roe": null,
            "roe_4q": 0,
            "gross_profit": null,
            "gross_margin": null,
            "gross_margin_4q_avg": 0,
            "net_income": null,
            "net_income_4q": null,
            "revenue": null,
            "revenue_4q": null,
            "common_shares": null,
            "book_valuer_per_share": null,
            "book_valuer_per_share_4q_avg": 0,
            "equity": null,
            "current_ratio": null,
            "debt_ratio": null,
            "inventory_turnover_ratio": null,
            "account_receivable_turnover_ratio": null,
            "reinvestment_rate": null,
            "research_to_sale_ratio": null,
            "price_fair": 0,
            "eps_avg_yearly": 0,
            "eps_latest_yearly": 0,
            "eps_growth_yearly": 0
        },
        "20013": {
            "year_quarter": 20013,
            "year": 2001,
            "quarter": 3,
            "eps": null,
            "eps_growth_year": null,
            "eps_4q": null,
            "eps_4q_growth_year": null,
            "roe": null,
            "roe_4q": 0,
            "gross_profit": null,
            "gross_margin": null,
            "gross_margin_4q_avg": 0,
            "net_income": null,
            "net_income_4q": null,
            "revenue": null,
            "revenue_4q": null,
            "common_shares": null,
            "book_valuer_per_share": null,
            "book_valuer_per_share_4q_avg": 0,
            "equity": null,
            "current_ratio": null,
            "debt_ratio": null,
            "inventory_turnover_ratio": null,
            "account_receivable_turnover_ratio": null,
            "reinvestment_rate": null,
            "research_to_sale_ratio": null,
            "price_fair": 0,
            "eps_avg_yearly": 0,
            "eps_latest_yearly": 0,
            "eps_growth_yearly": 0
        },
        "20014": {
            "year_quarter": 20014,
            "year": 2001,
            "quarter": 4,
            "eps": null,
            "eps_growth_year": null,
            "eps_4q": null,
            "eps_4q_growth_year": null,
            "roe": null,
            "roe_4q": 0,
            "gross_profit": null,
            "gross_margin": null,
            "gross_margin_4q_avg": 0,
            "net_income": null,
            "net_income_4q": null,
            "revenue": null,
            "revenue_4q": null,
            "common_shares": null,
            "book_valuer_per_share": null,
            "book_valuer_per_share_4q_avg": 0,
            "equity": null,
            "current_ratio": null,
            "debt_ratio": null,
            "inventory_turnover_ratio": null,
            "account_receivable_turnover_ratio": null,
            "reinvestment_rate": null,
            "research_to_sale_ratio": null,
            "price_fair": 0,
            "eps_avg_yearly": 0,
            "eps_latest_yearly": 0,
            "eps_growth_yearly": 0
        },
        "20021": {
            "year_quarter": 20021,
            "year": 2002,
            "quarter": 1,
            "eps": null,
            "eps_growth_year": null,
            "eps_4q": null,
            "eps_4q_growth_year": null,
            "roe": null,
            "roe_4q": 0,
            "gross_profit": null,
            "gross_margin": null,
            "gross_margin_4q_avg": 0,
            "net_income": null,
            "net_income_4q": null,
            "revenue": null,
            "revenue_4q": null,
            "common_shares": null,
            "book_valuer_per_share": null,
            "book_valuer_per_share_4q_avg": 0,
            "equity": null,
            "current_ratio": null,
            "debt_ratio": null,
            "inventory_turnover_ratio": null,
            "account_receivable_turnover_ratio": null,
            "reinvestment_rate": null,
            "research_to_sale_ratio": null,
            "price_fair": 0,
            "eps_avg_yearly": 0,
            "eps_latest_yearly": 0,
            "eps_growth_yearly": 0
        },
        "20022": {
            "year_quarter": 20022,
            "year": 2002,
            "quarter": 2,
            "eps": null,
            "eps_growth_year": null,
            "eps_4q": null,
            "eps_4q_growth_year": null,
            "roe": null,
            "roe_4q": 0,
            "gross_profit": null,
            "gross_margin": null,
            "gross_margin_4q_avg": 0,
            "net_income": null,
            "net_income_4q": null,
            "revenue": null,
            "revenue_4q": null,
            "common_shares": null,
            "book_valuer_per_share": null,
            "book_valuer_per_share_4q_avg": 0,
            "equity": null,
            "current_ratio": null,
            "debt_ratio": null,
            "inventory_turnover_ratio": null,
            "account_receivable_turnover_ratio": null,
            "reinvestment_rate": null,
            "research_to_sale_ratio": null,
            "price_fair": 0,
            "eps_avg_yearly": 0,
            "eps_latest_yearly": 0,
            "eps_growth_yearly": 0
        },
        "20023": {
            "year_quarter": 20023,
            "year": 2002,
            "quarter": 3,
            "eps": null,
            "eps_growth_year": null,
            "eps_4q": null,
            "eps_4q_growth_year": null,
            "roe": null,
            "roe_4q": 0,
            "gross_profit": null,
            "gross_margin": null,
            "gross_margin_4q_avg": 0,
            "net_income": null,
            "net_income_4q": null,
            "revenue": null,
            "revenue_4q": null,
            "common_shares": null,
            "book_valuer_per_share": null,
            "book_valuer_per_share_4q_avg": 0,
            "equity": null,
            "current_ratio": null,
            "debt_ratio": null,
            "inventory_turnover_ratio": null,
            "account_receivable_turnover_ratio": null,
            "reinvestment_rate": null,
            "research_to_sale_ratio": null,
            "price_fair": 0,
            "eps_avg_yearly": 0,
            "eps_latest_yearly": 0,
            "eps_growth_yearly": 0
        },
        "20024": {
            "year_quarter": 20024,
            "year": 2002,
            "quarter": 4,
            "eps": null,
            "eps_growth_year": null,
            "eps_4q": null,
            "eps_4q_growth_year": null,
            "roe": null,
            "roe_4q": 0,
            "gross_profit": null,
            "gross_margin": null,
            "gross_margin_4q_avg": 0,
            "net_income": null,
            "net_income_4q": null,
            "revenue": null,
            "revenue_4q": null,
            "common_shares": 39900,
            "book_valuer_per_share": 16.07,
            "book_valuer_per_share_4q_avg": 4.02,
            "equity": 64101,
            "current_ratio": 381.52,
            "debt_ratio": 19.1,
            "inventory_turnover_ratio": null,
            "account_receivable_turnover_ratio": null,
            "reinvestment_rate": null,
            "research_to_sale_ratio": null,
            "price_fair": 0,
            "eps_avg_yearly": 0,
            "eps_latest_yearly": 0,
            "eps_growth_yearly": 0
        },
        "20031": {
            "year_quarter": 20031,
            "year": 2003,
            "quarter": 1,
            "eps": null,
            "eps_growth_year": null,
            "eps_4q": null,
            "eps_4q_growth_year": null,
            "roe": null,
            "roe_4q": 0,
            "gross_profit": null,
            "gross_margin": null,
            "gross_margin_4q_avg": 0,
            "net_income": null,
            "net_income_4q": null,
            "revenue": null,
            "revenue_4q": null,
            "common_shares": null,
            "book_valuer_per_share": null,
            "book_valuer_per_share_4q_avg": 4.02,
            "equity": null,
            "current_ratio": null,
            "debt_ratio": null,
            "inventory_turnover_ratio": null,
            "account_receivable_turnover_ratio": null,
            "reinvestment_rate": null,
            "research_to_sale_ratio": null,
            "price_fair": 0,
            "eps_avg_yearly": 0,
            "eps_latest_yearly": 0,
            "eps_growth_yearly": 0
        },
        "20032": {
            "year_quarter": 20032,
            "year": 2003,
            "quarter": 2,
            "eps": null,
            "eps_growth_year": null,
            "eps_4q": null,
            "eps_4q_growth_year": null,
            "roe": null,
            "roe_4q": 0,
            "gross_profit": null,
            "gross_margin": null,
            "gross_margin_4q_avg": 0,
            "net_income": null,
            "net_income_4q": null,
            "revenue": null,
            "revenue_4q": null,
            "common_shares": null,
            "book_valuer_per_share": null,
            "book_valuer_per_share_4q_avg": 4.02,
            "equity": null,
            "current_ratio": null,
            "debt_ratio": null,
            "inventory_turnover_ratio": null,
            "account_receivable_turnover_ratio": null,
            "reinvestment_rate": null,
            "research_to_sale_ratio": null,
            "price_fair": 0,
            "eps_avg_yearly": 0,
            "eps_latest_yearly": 0,
            "eps_growth_yearly": 0
        },
        "20033": {
            "year_quarter": 20033,
            "year": 2003,
            "quarter": 3,
            "eps": null,
            "eps_growth_year": null,
            "eps_4q": null,
            "eps_4q_growth_year": null,
            "roe": null,
            "roe_4q": 0,
            "gross_profit": null,
            "gross_margin": null,
            "gross_margin_4q_avg": 0,
            "net_income": null,
            "net_income_4q": null,
            "revenue": null,
            "revenue_4q": null,
            "common_shares": null,
            "book_valuer_per_share": null,
            "book_valuer_per_share_4q_avg": 4.02,
            "equity": null,
            "current_ratio": null,
            "debt_ratio": null,
            "inventory_turnover_ratio": null,
            "account_receivable_turnover_ratio": null,
            "reinvestment_rate": null,
            "research_to_sale_ratio": null,
            "price_fair": 0,
            "eps_avg_yearly": 0,
            "eps_latest_yearly": 0,
            "eps_growth_yearly": 0
        },
        "20034": {
            "year_quarter": 20034,
            "year": 2003,
            "quarter": 4,
            "eps": null,
            "eps_growth_year": null,
            "eps_4q": null,
            "eps_4q_growth_year": null,
            "roe": null,
            "roe_4q": 0,
            "gross_profit": null,
            "gross_margin": null,
            "gross_margin_4q_avg": 0,
            "net_income": null,
            "net_income_4q": null,
            "revenue": null,
            "revenue_4q": null,
            "common_shares": 57700,
            "book_valuer_per_share": 14.24,
            "book_valuer_per_share_4q_avg": 3.56,
            "equity": 82156,
            "current_ratio": 457.49,
            "debt_ratio": 17.07,
            "inventory_turnover_ratio": null,
            "account_receivable_turnover_ratio": null,
            "reinvestment_rate": null,
            "research_to_sale_ratio": null,
            "price_fair": 0,
            "eps_avg_yearly": 0,
            "eps_latest_yearly": 0,
            "eps_growth_yearly": 0
        },
        "20041": {
            "year_quarter": 20041,
            "year": 2004,
            "quarter": 1,
            "eps": null,
            "eps_growth_year": null,
            "eps_4q": null,
            "eps_4q_growth_year": null,
            "roe": null,
            "roe_4q": 0,
            "gross_profit": null,
            "gross_margin": null,
            "gross_margin_4q_avg": 0,
            "net_income": null,
            "net_income_4q": null,
            "revenue": null,
            "revenue_4q": null,
            "common_shares": null,
            "book_valuer_per_share": null,
            "book_valuer_per_share_4q_avg": 3.56,
            "equity": null,
            "current_ratio": null,
            "debt_ratio": null,
            "inventory_turnover_ratio": null,
            "account_receivable_turnover_ratio": null,
            "reinvestment_rate": null,
            "research_to_sale_ratio": null,
            "price_fair": 0,
            "eps_avg_yearly": 0,
            "eps_latest_yearly": 0,
            "eps_growth_yearly": 0
        },
        "20042": {
            "year_quarter": 20042,
            "year": 2004,
            "quarter": 2,
            "eps": null,
            "eps_growth_year": null,
            "eps_4q": null,
            "eps_4q_growth_year": null,
            "roe": null,
            "roe_4q": 0,
            "gross_profit": null,
            "gross_margin": null,
            "gross_margin_4q_avg": 0,
            "net_income": null,
            "net_income_4q": null,
            "revenue": null,
            "revenue_4q": null,
            "common_shares": null,
            "book_valuer_per_share": null,
            "book_valuer_per_share_4q_avg": 3.56,
            "equity": null,
            "current_ratio": null,
            "debt_ratio": null,
            "inventory_turnover_ratio": null,
            "account_receivable_turnover_ratio": null,
            "reinvestment_rate": null,
            "research_to_sale_ratio": null,
            "price_fair": 0,
            "eps_avg_yearly": 0,
            "eps_latest_yearly": 0,
            "eps_growth_yearly": 0
        },
        "20043": {
            "year_quarter": 20043,
            "year": 2004,
            "quarter": 3,
            "eps": null,
            "eps_growth_year": null,
            "eps_4q": null,
            "eps_4q_growth_year": null,
            "roe": null,
            "roe_4q": 0,
            "gross_profit": null,
            "gross_margin": null,
            "gross_margin_4q_avg": 0,
            "net_income": null,
            "net_income_4q": null,
            "revenue": null,
            "revenue_4q": null,
            "common_shares": null,
            "book_valuer_per_share": null,
            "book_valuer_per_share_4q_avg": 3.56,
            "equity": null,
            "current_ratio": null,
            "debt_ratio": null,
            "inventory_turnover_ratio": null,
            "account_receivable_turnover_ratio": null,
            "reinvestment_rate": null,
            "research_to_sale_ratio": null,
            "price_fair": 0,
            "eps_avg_yearly": 0,
            "eps_latest_yearly": 0,
            "eps_growth_yearly": 0
        },
        "20044": {
            "year_quarter": 20044,
            "year": 2004,
            "quarter": 4,
            "eps": null,
            "eps_growth_year": null,
            "eps_4q": null,
            "eps_4q_growth_year": null,
            "roe": null,
            "roe_4q": 0,
            "gross_profit": null,
            "gross_margin": null,
            "gross_margin_4q_avg": 0,
            "net_income": null,
            "net_income_4q": null,
            "revenue": null,
            "revenue_4q": null,
            "common_shares": 71000,
            "book_valuer_per_share": 15.98,
            "book_valuer_per_share_4q_avg": 4,
            "equity": 113427,
            "current_ratio": 290.69,
            "debt_ratio": 29.08,
            "inventory_turnover_ratio": null,
            "account_receivable_turnover_ratio": null,
            "reinvestment_rate": null,
            "research_to_sale_ratio": null,
            "price_fair": 0,
            "eps_avg_yearly": 0,
            "eps_latest_yearly": 0,
            "eps_growth_yearly": 0
        },
        "20051": {
            "year_quarter": 20051,
            "year": 2005,
            "quarter": 1,
            "eps": null,
            "eps_growth_year": null,
            "eps_4q": null,
            "eps_4q_growth_year": null,
            "roe": null,
            "roe_4q": 0,
            "gross_profit": null,
            "gross_margin": null,
            "gross_margin_4q_avg": 0,
            "net_income": null,
            "net_income_4q": null,
            "revenue": null,
            "revenue_4q": null,
            "common_shares": null,
            "book_valuer_per_share": null,
            "book_valuer_per_share_4q_avg": 4,
            "equity": null,
            "current_ratio": null,
            "debt_ratio": null,
            "inventory_turnover_ratio": null,
            "account_receivable_turnover_ratio": null,
            "reinvestment_rate": null,
            "research_to_sale_ratio": null,
            "price_fair": 0,
            "eps_avg_yearly": 0,
            "eps_latest_yearly": 0,
            "eps_growth_yearly": 0
        },
        "20052": {
            "year_quarter": 20052,
            "year": 2005,
            "quarter": 2,
            "eps": null,
            "eps_growth_year": null,
            "eps_4q": null,
            "eps_4q_growth_year": null,
            "roe": null,
            "roe_4q": 0,
            "gross_profit": null,
            "gross_margin": null,
            "gross_margin_4q_avg": 0,
            "net_income": null,
            "net_income_4q": null,
            "revenue": null,
            "revenue_4q": null,
            "common_shares": null,
            "book_valuer_per_share": null,
            "book_valuer_per_share_4q_avg": 4,
            "equity": null,
            "current_ratio": null,
            "debt_ratio": null,
            "inventory_turnover_ratio": null,
            "account_receivable_turnover_ratio": null,
            "reinvestment_rate": null,
            "research_to_sale_ratio": null,
            "price_fair": 0,
            "eps_avg_yearly": 0,
            "eps_latest_yearly": 0,
            "eps_growth_yearly": 0
        },
        "20053": {
            "year_quarter": 20053,
            "year": 2005,
            "quarter": 3,
            "eps": null,
            "eps_growth_year": null,
            "eps_4q": null,
            "eps_4q_growth_year": null,
            "roe": null,
            "roe_4q": 0,
            "gross_profit": null,
            "gross_margin": null,
            "gross_margin_4q_avg": 0,
            "net_income": null,
            "net_income_4q": null,
            "revenue": null,
            "revenue_4q": null,
            "common_shares": null,
            "book_valuer_per_share": null,
            "book_valuer_per_share_4q_avg": 4,
            "equity": null,
            "current_ratio": null,
            "debt_ratio": null,
            "inventory_turnover_ratio": null,
            "account_receivable_turnover_ratio": null,
            "reinvestment_rate": null,
            "research_to_sale_ratio": null,
            "price_fair": 0,
            "eps_avg_yearly": 0,
            "eps_latest_yearly": 0,
            "eps_growth_yearly": 0
        },
        "20054": {
            "year_quarter": 20054,
            "year": 2005,
            "quarter": 4,
            "eps": null,
            "eps_growth_year": null,
            "eps_4q": null,
            "eps_4q_growth_year": null,
            "roe": null,
            "roe_4q": 0,
            "gross_profit": null,
            "gross_margin": null,
            "gross_margin_4q_avg": 0,
            "net_income": null,
            "net_income_4q": null,
            "revenue": null,
            "revenue_4q": null,
            "common_shares": 100000,
            "book_valuer_per_share": 16.02,
            "book_valuer_per_share_4q_avg": 4.01,
            "equity": 160223,
            "current_ratio": 513.74,
            "debt_ratio": 16.99,
            "inventory_turnover_ratio": null,
            "account_receivable_turnover_ratio": null,
            "reinvestment_rate": null,
            "research_to_sale_ratio": null,
            "price_fair": 0,
            "eps_avg_yearly": 0,
            "eps_latest_yearly": 0,
            "eps_growth_yearly": 0
        },
        "20061": {
            "year_quarter": 20061,
            "year": 2006,
            "quarter": 1,
            "eps": null,
            "eps_growth_year": null,
            "eps_4q": null,
            "eps_4q_growth_year": null,
            "roe": null,
            "roe_4q": 0,
            "gross_profit": null,
            "gross_margin": null,
            "gross_margin_4q_avg": 0,
            "net_income": null,
            "net_income_4q": null,
            "revenue": null,
            "revenue_4q": null,
            "common_shares": null,
            "book_valuer_per_share": null,
            "book_valuer_per_share_4q_avg": 4.01,
            "equity": null,
            "current_ratio": null,
            "debt_ratio": null,
            "inventory_turnover_ratio": null,
            "account_receivable_turnover_ratio": null,
            "reinvestment_rate": null,
            "research_to_sale_ratio": null,
            "price_fair": 0,
            "eps_avg_yearly": 0,
            "eps_latest_yearly": 0,
            "eps_growth_yearly": 0
        },
        "20062": {
            "year_quarter": 20062,
            "year": 2006,
            "quarter": 2,
            "eps": null,
            "eps_growth_year": null,
            "eps_4q": null,
            "eps_4q_growth_year": null,
            "roe": null,
            "roe_4q": 0,
            "gross_profit": null,
            "gross_margin": null,
            "gross_margin_4q_avg": 0,
            "net_income": null,
            "net_income_4q": null,
            "revenue": null,
            "revenue_4q": null,
            "common_shares": null,
            "book_valuer_per_share": null,
            "book_valuer_per_share_4q_avg": 4.01,
            "equity": null,
            "current_ratio": null,
            "debt_ratio": null,
            "inventory_turnover_ratio": null,
            "account_receivable_turnover_ratio": null,
            "reinvestment_rate": null,
            "research_to_sale_ratio": null,
            "price_fair": 0,
            "eps_avg_yearly": 0,
            "eps_latest_yearly": 0,
            "eps_growth_yearly": 0
        },
        "20063": {
            "year_quarter": 20063,
            "year": 2006,
            "quarter": 3,
            "eps": null,
            "eps_growth_year": null,
            "eps_4q": null,
            "eps_4q_growth_year": null,
            "roe": null,
            "roe_4q": 0,
            "gross_profit": null,
            "gross_margin": null,
            "gross_margin_4q_avg": 0,
            "net_income": null,
            "net_income_4q": null,
            "revenue": null,
            "revenue_4q": null,
            "common_shares": null,
            "book_valuer_per_share": null,
            "book_valuer_per_share_4q_avg": 4.01,
            "equity": null,
            "current_ratio": null,
            "debt_ratio": null,
            "inventory_turnover_ratio": null,
            "account_receivable_turnover_ratio": null,
            "reinvestment_rate": null,
            "research_to_sale_ratio": null,
            "price_fair": 0,
            "eps_avg_yearly": 0,
            "eps_latest_yearly": 0,
            "eps_growth_yearly": 0
        },
        "20064": {
            "year_quarter": 20064,
            "year": 2006,
            "quarter": 4,
            "eps": null,
            "eps_growth_year": null,
            "eps_4q": null,
            "eps_4q_growth_year": null,
            "roe": null,
            "roe_4q": 0,
            "gross_profit": null,
            "gross_margin": null,
            "gross_margin_4q_avg": 0,
            "net_income": null,
            "net_income_4q": null,
            "revenue": null,
            "revenue_4q": null,
            "common_shares": 140000,
            "book_valuer_per_share": 17.02,
            "book_valuer_per_share_4q_avg": 4.26,
            "equity": 238319,
            "current_ratio": 538.02,
            "debt_ratio": 16.43,
            "inventory_turnover_ratio": null,
            "account_receivable_turnover_ratio": null,
            "reinvestment_rate": null,
            "research_to_sale_ratio": null,
            "price_fair": 0,
            "eps_avg_yearly": 0,
            "eps_latest_yearly": 0,
            "eps_growth_yearly": 0
        },
        "20071": {
            "year_quarter": 20071,
            "year": 2007,
            "quarter": 1,
            "eps": null,
            "eps_growth_year": null,
            "eps_4q": null,
            "eps_4q_growth_year": null,
            "roe": null,
            "roe_4q": 0,
            "gross_profit": null,
            "gross_margin": null,
            "gross_margin_4q_avg": 0,
            "net_income": null,
            "net_income_4q": null,
            "revenue": null,
            "revenue_4q": null,
            "common_shares": null,
            "book_valuer_per_share": null,
            "book_valuer_per_share_4q_avg": 4.26,
            "equity": null,
            "current_ratio": null,
            "debt_ratio": null,
            "inventory_turnover_ratio": null,
            "account_receivable_turnover_ratio": null,
            "reinvestment_rate": null,
            "research_to_sale_ratio": null,
            "price_fair": 0,
            "eps_avg_yearly": 0,
            "eps_latest_yearly": 0,
            "eps_growth_yearly": 0
        },
        "20072": {
            "year_quarter": 20072,
            "year": 2007,
            "quarter": 2,
            "eps": null,
            "eps_growth_year": null,
            "eps_4q": null,
            "eps_4q_growth_year": null,
            "roe": null,
            "roe_4q": 0,
            "gross_profit": null,
            "gross_margin": null,
            "gross_margin_4q_avg": 0,
            "net_income": null,
            "net_income_4q": null,
            "revenue": null,
            "revenue_4q": null,
            "common_shares": null,
            "book_valuer_per_share": null,
            "book_valuer_per_share_4q_avg": 4.26,
            "equity": null,
            "current_ratio": null,
            "debt_ratio": null,
            "inventory_turnover_ratio": null,
            "account_receivable_turnover_ratio": null,
            "reinvestment_rate": null,
            "research_to_sale_ratio": null,
            "price_fair": 0,
            "eps_avg_yearly": 0,
            "eps_latest_yearly": 0,
            "eps_growth_yearly": 0
        },
        "20073": {
            "year_quarter": 20073,
            "year": 2007,
            "quarter": 3,
            "eps": null,
            "eps_growth_year": null,
            "eps_4q": null,
            "eps_4q_growth_year": null,
            "roe": null,
            "roe_4q": 0,
            "gross_profit": null,
            "gross_margin": null,
            "gross_margin_4q_avg": 0,
            "net_income": null,
            "net_income_4q": null,
            "revenue": null,
            "revenue_4q": null,
            "common_shares": null,
            "book_valuer_per_share": null,
            "book_valuer_per_share_4q_avg": 4.26,
            "equity": null,
            "current_ratio": null,
            "debt_ratio": null,
            "inventory_turnover_ratio": null,
            "account_receivable_turnover_ratio": null,
            "reinvestment_rate": null,
            "research_to_sale_ratio": null,
            "price_fair": 0,
            "eps_avg_yearly": 0,
            "eps_latest_yearly": 0,
            "eps_growth_yearly": 0
        },
        "20074": {
            "year_quarter": 20074,
            "year": 2007,
            "quarter": 4,
            "eps": null,
            "eps_growth_year": null,
            "eps_4q": null,
            "eps_4q_growth_year": null,
            "roe": null,
            "roe_4q": 0,
            "gross_profit": null,
            "gross_margin": null,
            "gross_margin_4q_avg": 0,
            "net_income": null,
            "net_income_4q": null,
            "revenue": null,
            "revenue_4q": null,
            "common_shares": 194919,
            "book_valuer_per_share": 14.41,
            "book_valuer_per_share_4q_avg": 3.6,
            "equity": 280823,
            "current_ratio": 372.68,
            "debt_ratio": 20.77,
            "inventory_turnover_ratio": null,
            "account_receivable_turnover_ratio": null,
            "reinvestment_rate": null,
            "research_to_sale_ratio": null,
            "price_fair": 0,
            "eps_avg_yearly": 0,
            "eps_latest_yearly": 0,
            "eps_growth_yearly": 0
        },
        "20081": {
            "year_quarter": 20081,
            "year": 2008,
            "quarter": 1,
            "eps": null,
            "eps_growth_year": null,
            "eps_4q": null,
            "eps_4q_growth_year": null,
            "roe": null,
            "roe_4q": 0,
            "gross_profit": null,
            "gross_margin": null,
            "gross_margin_4q_avg": 0,
            "net_income": null,
            "net_income_4q": null,
            "revenue": null,
            "revenue_4q": null,
            "common_shares": null,
            "book_valuer_per_share": null,
            "book_valuer_per_share_4q_avg": 3.6,
            "equity": null,
            "current_ratio": null,
            "debt_ratio": null,
            "inventory_turnover_ratio": null,
            "account_receivable_turnover_ratio": null,
            "reinvestment_rate": null,
            "research_to_sale_ratio": null,
            "price_fair": 0,
            "eps_avg_yearly": 0,
            "eps_latest_yearly": 0,
            "eps_growth_yearly": 0
        },
        "20082": {
            "year_quarter": 20082,
            "year": 2008,
            "quarter": 2,
            "eps": null,
            "eps_growth_year": null,
            "eps_4q": null,
            "eps_4q_growth_year": null,
            "roe": null,
            "roe_4q": 0,
            "gross_profit": null,
            "gross_margin": null,
            "gross_margin_4q_avg": 0,
            "net_income": null,
            "net_income_4q": null,
            "revenue": null,
            "revenue_4q": null,
            "common_shares": null,
            "book_valuer_per_share": null,
            "book_valuer_per_share_4q_avg": 3.6,
            "equity": null,
            "current_ratio": null,
            "debt_ratio": null,
            "inventory_turnover_ratio": null,
            "account_receivable_turnover_ratio": null,
            "reinvestment_rate": null,
            "research_to_sale_ratio": null,
            "price_fair": 0,
            "eps_avg_yearly": 0,
            "eps_latest_yearly": 0,
            "eps_growth_yearly": 0
        },
        "20083": {
            "year_quarter": 20083,
            "year": 2008,
            "quarter": 3,
            "eps": null,
            "eps_growth_year": null,
            "eps_4q": null,
            "eps_4q_growth_year": null,
            "roe": null,
            "roe_4q": 0,
            "gross_profit": null,
            "gross_margin": null,
            "gross_margin_4q_avg": 0,
            "net_income": null,
            "net_income_4q": null,
            "revenue": null,
            "revenue_4q": null,
            "common_shares": null,
            "book_valuer_per_share": null,
            "book_valuer_per_share_4q_avg": 3.6,
            "equity": null,
            "current_ratio": null,
            "debt_ratio": null,
            "inventory_turnover_ratio": null,
            "account_receivable_turnover_ratio": null,
            "reinvestment_rate": null,
            "research_to_sale_ratio": null,
            "price_fair": 0,
            "eps_avg_yearly": 0,
            "eps_latest_yearly": 0,
            "eps_growth_yearly": 0
        },
        "20084": {
            "year_quarter": 20084,
            "year": 2008,
            "quarter": 4,
            "eps": null,
            "eps_growth_year": null,
            "eps_4q": null,
            "eps_4q_growth_year": null,
            "roe": null,
            "roe_4q": 0,
            "gross_profit": null,
            "gross_margin": null,
            "gross_margin_4q_avg": 0,
            "net_income": null,
            "net_income_4q": null,
            "revenue": null,
            "revenue_4q": null,
            "common_shares": 225496,
            "book_valuer_per_share": 13.04,
            "book_valuer_per_share_4q_avg": 3.26,
            "equity": 293969,
            "current_ratio": 465.69,
            "debt_ratio": 16.64,
            "inventory_turnover_ratio": null,
            "account_receivable_turnover_ratio": null,
            "reinvestment_rate": null,
            "research_to_sale_ratio": null,
            "price_fair": 0,
            "eps_avg_yearly": 0,
            "eps_latest_yearly": 0,
            "eps_growth_yearly": 0
        },
        "20091": {
            "year_quarter": 20091,
            "year": 2009,
            "quarter": 1,
            "eps": 0.05,
            "eps_growth_year": null,
            "eps_4q": null,
            "eps_4q_growth_year": null,
            "roe": 0.39,
            "roe_4q": 0.39,
            "gross_profit": 16727,
            "gross_margin": 46.68,
            "gross_margin_4q_avg": 11.67,
            "net_income": 1141,
            "net_income_4q": null,
            "revenue": 35832,
            "revenue_4q": null,
            "common_shares": 225496,
            "book_valuer_per_share": 13.11,
            "book_valuer_per_share_4q_avg": 6.54,
            "equity": 295633,
            "current_ratio": 436.21,
            "debt_ratio": 17.72,
            "inventory_turnover_ratio": 0.38,
            "account_receivable_turnover_ratio": 0.71,
            "reinvestment_rate": null,
            "research_to_sale_ratio": null,
            "price_fair": 0,
            "eps_avg_yearly": 0,
            "eps_latest_yearly": 0,
            "eps_growth_yearly": 0
        },
        "20092": {
            "year_quarter": 20092,
            "year": 2009,
            "quarter": 2,
            "eps": 0.01,
            "eps_growth_year": null,
            "eps_4q": null,
            "eps_4q_growth_year": null,
            "roe": 0.1,
            "roe_4q": 0.49,
            "gross_profit": 22169,
            "gross_margin": 53.09,
            "gross_margin_4q_avg": 24.94,
            "net_income": 299,
            "net_income_4q": null,
            "revenue": 41757,
            "revenue_4q": null,
            "common_shares": 225496,
            "book_valuer_per_share": 12.25,
            "book_valuer_per_share_4q_avg": 9.6,
            "equity": 276210,
            "current_ratio": 374.47,
            "debt_ratio": 20.64,
            "inventory_turnover_ratio": 0.44,
            "account_receivable_turnover_ratio": 1.15,
            "reinvestment_rate": null,
            "research_to_sale_ratio": null,
            "price_fair": 0.12,
            "eps_avg_yearly": 0.04,
            "eps_latest_yearly": 0.04,
            "eps_growth_yearly": -320
        },
        "20093": {
            "year_quarter": 20093,
            "year": 2009,
            "quarter": 3,
            "eps": 0.06,
            "eps_growth_year": null,
            "eps_4q": null,
            "eps_4q_growth_year": null,
            "roe": 0.48,
            "roe_4q": 0.97,
            "gross_profit": 24462,
            "gross_margin": 61.71,
            "gross_margin_4q_avg": 40.37,
            "net_income": 1329,
            "net_income_4q": null,
            "revenue": 39643,
            "revenue_4q": null,
            "common_shares": 225496,
            "book_valuer_per_share": 12.29,
            "book_valuer_per_share_4q_avg": 12.67,
            "equity": 277204,
            "current_ratio": 490.51,
            "debt_ratio": 15.87,
            "inventory_turnover_ratio": 0.36,
            "account_receivable_turnover_ratio": 0.55,
            "reinvestment_rate": null,
            "research_to_sale_ratio": null,
            "price_fair": 4.9,
            "eps_avg_yearly": 0.14,
            "eps_latest_yearly": 0.24,
            "eps_growth_yearly": 840
        },
        "20094": {
            "year_quarter": 20094,
            "year": 2009,
            "quarter": 4,
            "eps": 0.43,
            "eps_growth_year": null,
            "eps_4q": 0.55,
            "eps_4q_growth_year": null,
            "roe": 3.46,
            "roe_4q": 4.43,
            "gross_profit": 26979,
            "gross_margin": 50.52,
            "gross_margin_4q_avg": 53,
            "net_income": 9738,
            "net_income_4q": null,
            "revenue": 53401,
            "revenue_4q": null,
            "common_shares": 225496,
            "book_valuer_per_share": 12.69,
            "book_valuer_per_share_4q_avg": 12.59,
            "equity": 286228,
            "current_ratio": 486.99,
            "debt_ratio": 16.26,
            "inventory_turnover_ratio": 0.66,
            "account_receivable_turnover_ratio": 1.05,
            "reinvestment_rate": null,
            "research_to_sale_ratio": null,
            "price_fair": 23.33,
            "eps_avg_yearly": 0.67,
            "eps_latest_yearly": 1.72,
            "eps_growth_yearly": 1382.22
        },
        "20101": {
            "year_quarter": 20101,
            "year": 2010,
            "quarter": 1,
            "eps": null,
            "eps_growth_year": null,
            "eps_4q": null,
            "eps_4q_growth_year": null,
            "roe": null,
            "roe_4q": 4.04,
            "gross_profit": 41673,
            "gross_margin": null,
            "gross_margin_4q_avg": 41.33,
            "net_income": 12483,
            "net_income_4q": null,
            "revenue": 65994,
            "revenue_4q": null,
            "common_shares": 225496,
            "book_valuer_per_share": 13.24,
            "book_valuer_per_share_4q_avg": 12.62,
            "equity": 298589,
            "current_ratio": 395.54,
            "debt_ratio": 20.51,
            "inventory_turnover_ratio": null,
            "account_receivable_turnover_ratio": null,
            "reinvestment_rate": null,
            "research_to_sale_ratio": null,
            "price_fair": 23.33,
            "eps_avg_yearly": 0.67,
            "eps_latest_yearly": 1.72,
            "eps_growth_yearly": 1382.22
        },
        "20102": {
            "year_quarter": 20102,
            "year": 2010,
            "quarter": 2,
            "eps": 0.89,
            "eps_growth_year": 8838.96,
            "eps_4q": 1.38,
            "eps_4q_growth_year": null,
            "roe": 6.65,
            "roe_4q": 10.59,
            "gross_profit": 52759,
            "gross_margin": 57.67,
            "gross_margin_4q_avg": 42.48,
            "net_income": 20157,
            "net_income_4q": null,
            "revenue": 91487,
            "revenue_4q": null,
            "common_shares": 225496,
            "book_valuer_per_share": 13.65,
            "book_valuer_per_share_4q_avg": 12.97,
            "equity": 307867,
            "current_ratio": 321,
            "debt_ratio": 26.64,
            "inventory_turnover_ratio": 0.78,
            "account_receivable_turnover_ratio": 1.04,
            "reinvestment_rate": null,
            "research_to_sale_ratio": null,
            "price_fair": 23.33,
            "eps_avg_yearly": 0.67,
            "eps_latest_yearly": 1.72,
            "eps_growth_yearly": 1382.22
        },
        "20103": {
            "year_quarter": 20103,
            "year": 2010,
            "quarter": 3,
            "eps": 0.81,
            "eps_growth_year": 1254.86,
            "eps_4q": 2.14,
            "eps_4q_growth_year": null,
            "roe": 5.79,
            "roe_4q": 15.900000000000002,
            "gross_profit": 62963,
            "gross_margin": 58.76,
            "gross_margin_4q_avg": 41.74,
            "net_income": 18331,
            "net_income_4q": null,
            "revenue": 107145,
            "revenue_4q": null,
            "common_shares": 225496,
            "book_valuer_per_share": 14.45,
            "book_valuer_per_share_4q_avg": 13.51,
            "equity": 325866,
            "current_ratio": 287.86,
            "debt_ratio": 30.24,
            "inventory_turnover_ratio": 0.72,
            "account_receivable_turnover_ratio": 0.54,
            "reinvestment_rate": null,
            "research_to_sale_ratio": 13.16,
            "price_fair": 45.85,
            "eps_avg_yearly": 1.31,
            "eps_latest_yearly": 3.24,
            "eps_growth_yearly": 1027.68
        },
        "20104": {
            "year_quarter": 20104,
            "year": 2010,
            "quarter": 4,
            "eps": 0.57,
            "eps_growth_year": 32.63,
            "eps_4q": 2.19,
            "eps_4q_growth_year": 295.38,
            "roe": 4,
            "roe_4q": 16.439999999999998,
            "gross_profit": 52354,
            "gross_margin": 53.21,
            "gross_margin_4q_avg": 42.41,
            "net_income": 13528,
            "net_income_4q": null,
            "revenue": 98390,
            "revenue_4q": null,
            "common_shares": 225496,
            "book_valuer_per_share": 15.24,
            "book_valuer_per_share_4q_avg": 14.15,
            "equity": 350516,
            "current_ratio": 293.7,
            "debt_ratio": 29.82,
            "inventory_turnover_ratio": 0.64,
            "account_receivable_turnover_ratio": 0.49,
            "reinvestment_rate": null,
            "research_to_sale_ratio": 13.27,
            "price_fair": 52.64,
            "eps_avg_yearly": 1.5,
            "eps_latest_yearly": 2.28,
            "eps_growth_yearly": 798.44
        },
        "20111": {
            "year_quarter": 20111,
            "year": 2011,
            "quarter": 1,
            "eps": 1.17,
            "eps_growth_year": null,
            "eps_4q": 3.2,
            "eps_4q_growth_year": null,
            "roe": 7.49,
            "roe_4q": 23.93,
            "gross_profit": 70277,
            "gross_margin": 59.59,
            "gross_margin_4q_avg": 57.31,
            "net_income": 29874,
            "net_income_4q": null,
            "revenue": 117933,
            "revenue_4q": null,
            "common_shares": 255566,
            "book_valuer_per_share": 17.5,
            "book_valuer_per_share_4q_avg": 15.21,
            "equity": 447245,
            "current_ratio": 311.75,
            "debt_ratio": 28.8,
            "inventory_turnover_ratio": 0.54,
            "account_receivable_turnover_ratio": 0.67,
            "reinvestment_rate": null,
            "research_to_sale_ratio": 13.27,
            "price_fair": 71.17,
            "eps_avg_yearly": 2.03,
            "eps_latest_yearly": 4.68,
            "eps_growth_yearly": 735.54
        },
        "20112": {
            "year_quarter": 20112,
            "year": 2011,
            "quarter": 2,
            "eps": 1.57,
            "eps_growth_year": 75.63,
            "eps_4q": 3.58,
            "eps_4q_growth_year": 158.75,
            "roe": 10.32,
            "roe_4q": 27.6,
            "gross_profit": 101179,
            "gross_margin": 61.75,
            "gross_margin_4q_avg": 58.33,
            "net_income": 48146,
            "net_income_4q": null,
            "revenue": 163860,
            "revenue_4q": null,
            "common_shares": 255566,
            "book_valuer_per_share": 19.02,
            "book_valuer_per_share_4q_avg": 16.55,
            "equity": 486194,
            "current_ratio": 277.36,
            "debt_ratio": 33.03,
            "inventory_turnover_ratio": 0.52,
            "account_receivable_turnover_ratio": 0.84,
            "reinvestment_rate": null,
            "research_to_sale_ratio": 10.83,
            "price_fair": 92.4,
            "eps_avg_yearly": 2.64,
            "eps_latest_yearly": 6.28,
            "eps_growth_yearly": 650
        },
        "20113": {
            "year_quarter": 20113,
            "year": 2011,
            "quarter": 3,
            "eps": 1.64,
            "eps_growth_year": 101.98,
            "eps_4q": 4.63,
            "eps_4q_growth_year": 116.35,
            "roe": 9.83,
            "roe_4q": 31.64,
            "gross_profit": 92320,
            "gross_margin": 60.46,
            "gross_margin_4q_avg": 58.75,
            "net_income": 50356,
            "net_income_4q": null,
            "revenue": 152685,
            "revenue_4q": null,
            "common_shares": 306680,
            "book_valuer_per_share": 17.54,
            "book_valuer_per_share_4q_avg": 17.33,
            "equity": 538054,
            "current_ratio": 347.74,
            "debt_ratio": 26.37,
            "inventory_turnover_ratio": 0.46,
            "account_receivable_turnover_ratio": 0.69,
            "reinvestment_rate": null,
            "research_to_sale_ratio": 10.96,
            "price_fair": 109.55,
            "eps_avg_yearly": 3.13,
            "eps_latest_yearly": 6.56,
            "eps_growth_yearly": 570.98
        },
        "20114": {
            "year_quarter": 20114,
            "year": 2011,
            "quarter": 4,
            "eps": 0.57,
            "eps_growth_year": 0.01,
            "eps_4q": 4.76,
            "eps_4q_growth_year": 116.9,
            "roe": 3.2,
            "roe_4q": 30.840000000000003,
            "gross_profit": 53634,
            "gross_margin": 51.31,
            "gross_margin_4q_avg": 58.28,
            "net_income": 17493,
            "net_income_4q": null,
            "revenue": 104533,
            "revenue_4q": null,
            "common_shares": 306679,
            "book_valuer_per_share": 18.13,
            "book_valuer_per_share_4q_avg": 18.05,
            "equity": 556105,
            "current_ratio": 428.58,
            "debt_ratio": 21.76,
            "inventory_turnover_ratio": 0.43,
            "account_receivable_turnover_ratio": 0.49,
            "reinvestment_rate": null,
            "research_to_sale_ratio": 16.08,
            "price_fair": 106.24,
            "eps_avg_yearly": 3.04,
            "eps_latest_yearly": 2.28,
            "eps_growth_yearly": 478.54
        },
        "20121": {
            "year_quarter": 20121,
            "year": 2012,
            "quarter": 1,
            "eps": 2.04,
            "eps_growth_year": 74.36,
            "eps_4q": 5.82,
            "eps_4q_growth_year": 81.58,
            "roe": 10.65,
            "roe_4q": 34,
            "gross_profit": 60183,
            "gross_margin": 63.84,
            "gross_margin_4q_avg": 59.34,
            "net_income": 62438,
            "net_income_4q": null,
            "revenue": 94273,
            "revenue_4q": null,
            "common_shares": 306679,
            "book_valuer_per_share": 20.12,
            "book_valuer_per_share_4q_avg": 18.7,
            "equity": 616969,
            "current_ratio": 448.63,
            "debt_ratio": 19.42,
            "inventory_turnover_ratio": 0.31,
            "account_receivable_turnover_ratio": 0.47,
            "reinvestment_rate": null,
            "research_to_sale_ratio": 14.06,
            "price_fair": 124.18,
            "eps_avg_yearly": 3.55,
            "eps_latest_yearly": 8.16,
            "eps_growth_yearly": 533.84
        },
        "20122": {
            "year_quarter": 20122,
            "year": 2012,
            "quarter": 2,
            "eps": 1,
            "eps_growth_year": -36.3,
            "eps_4q": 4.86,
            "eps_4q_growth_year": 35.71,
            "roe": 5.78,
            "roe_4q": 29.46,
            "gross_profit": 69619,
            "gross_margin": 55.52,
            "gross_margin_4q_avg": 57.78,
            "net_income": 33738,
            "net_income_4q": null,
            "revenue": 125393,
            "revenue_4q": null,
            "common_shares": 306679,
            "book_valuer_per_share": 17.97,
            "book_valuer_per_share_4q_avg": 18.44,
            "equity": 551191,
            "current_ratio": 277.12,
            "debt_ratio": 32.07,
            "inventory_turnover_ratio": 0.52,
            "account_receivable_turnover_ratio": 0.54,
            "reinvestment_rate": null,
            "research_to_sale_ratio": 13.53,
            "price_fair": 125.62,
            "eps_avg_yearly": 3.59,
            "eps_latest_yearly": 4,
            "eps_growth_yearly": 466.77
        },
        "20123": {
            "year_quarter": 20123,
            "year": 2012,
            "quarter": 3,
            "eps": 0.65,
            "eps_growth_year": -60.65,
            "eps_4q": 4.02,
            "eps_4q_growth_year": -13.22,
            "roe": 3.88,
            "roe_4q": 23.51,
            "gross_profit": 69734,
            "gross_margin": 51.93,
            "gross_margin_4q_avg": 55.65,
            "net_income": 21794,
            "net_income_4q": null,
            "revenue": 134274,
            "revenue_4q": null,
            "common_shares": 337347,
            "book_valuer_per_share": 16.98,
            "book_valuer_per_share_4q_avg": 18.3,
            "equity": 572660,
            "current_ratio": 376.65,
            "debt_ratio": 22.72,
            "inventory_turnover_ratio": 0.67,
            "account_receivable_turnover_ratio": 0.52,
            "reinvestment_rate": null,
            "research_to_sale_ratio": 13.88,
            "price_fair": 122.73,
            "eps_avg_yearly": 3.51,
            "eps_latest_yearly": 2.6,
            "eps_growth_yearly": 416.21
        },
        "20124": {
            "year_quarter": 20124,
            "year": 2012,
            "quarter": 4,
            "eps": 0.71,
            "eps_growth_year": 23.63,
            "eps_4q": 4.2,
            "eps_4q_growth_year": -11.65,
            "roe": 4.07,
            "roe_4q": 24.380000000000003,
            "gross_profit": 75056,
            "gross_margin": 60,
            "gross_margin_4q_avg": 57.82,
            "net_income": 23789,
            "net_income_4q": null,
            "revenue": 125087,
            "revenue_4q": null,
            "common_shares": 337347,
            "book_valuer_per_share": 17.67,
            "book_valuer_per_share_4q_avg": 18.19,
            "equity": 596187,
            "current_ratio": 378.53,
            "debt_ratio": 23.21,
            "inventory_turnover_ratio": 0.58,
            "account_receivable_turnover_ratio": 0.53,
            "reinvestment_rate": 13.91,
            "research_to_sale_ratio": 14.6,
            "price_fair": 120.94,
            "eps_avg_yearly": 3.46,
            "eps_latest_yearly": 2.84,
            "eps_growth_yearly": 387.03
        },
        "20131": {
            "year_quarter": 20131,
            "year": 2013,
            "quarter": 1,
            "eps": 1.5,
            "eps_growth_year": -26.47,
            "eps_4q": 3.85,
            "eps_4q_growth_year": -33.86,
            "roe": 8.14,
            "roe_4q": 21.87,
            "gross_profit": 95253,
            "gross_margin": 63.3,
            "gross_margin_4q_avg": 57.69,
            "net_income": 50504,
            "net_income_4q": null,
            "revenue": 150472,
            "revenue_4q": null,
            "common_shares": 337347,
            "book_valuer_per_share": 19.12,
            "book_valuer_per_share_4q_avg": 17.94,
            "equity": 645024,
            "current_ratio": 346.86,
            "debt_ratio": 25.8,
            "inventory_turnover_ratio": 0.53,
            "account_receivable_turnover_ratio": 0.61,
            "reinvestment_rate": 2.96,
            "research_to_sale_ratio": 12.21,
            "price_fair": 127.3,
            "eps_avg_yearly": 3.64,
            "eps_latest_yearly": 6,
            "eps_growth_yearly": 391.18
        },
        "20132": {
            "year_quarter": 20132,
            "year": 2013,
            "quarter": 2,
            "eps": 2.01,
            "eps_growth_year": 100.98,
            "eps_4q": 4.6,
            "eps_4q_growth_year": -5.39,
            "roe": 11.73,
            "roe_4q": 27.82,
            "gross_profit": 134867,
            "gross_margin": 61.15,
            "gross_margin_4q_avg": 59.1,
            "net_income": 74610,
            "net_income_4q": null,
            "revenue": 220546,
            "revenue_4q": null,
            "common_shares": 337347,
            "book_valuer_per_share": 18.6,
            "book_valuer_per_share_4q_avg": 18.09,
            "equity": 627505,
            "current_ratio": 199.2,
            "debt_ratio": 38.2,
            "inventory_turnover_ratio": 0.62,
            "account_receivable_turnover_ratio": 0.69,
            "reinvestment_rate": 31.58,
            "research_to_sale_ratio": 10.8,
            "price_fair": 147.3,
            "eps_avg_yearly": 4.21,
            "eps_latest_yearly": 8.04,
            "eps_growth_yearly": 423.75
        },
        "20133": {
            "year_quarter": 20133,
            "year": 2013,
            "quarter": 3,
            "eps": 1.71,
            "eps_growth_year": 164.69,
            "eps_4q": 5.72,
            "eps_4q_growth_year": 42.57,
            "roe": 9.59,
            "roe_4q": 33.53,
            "gross_profit": 142686,
            "gross_margin": 61.93,
            "gross_margin_4q_avg": 61.6,
            "net_income": 63536,
            "net_income_4q": null,
            "revenue": 230402,
            "revenue_4q": null,
            "common_shares": 371082,
            "book_valuer_per_share": 18.8,
            "book_valuer_per_share_4q_avg": 18.55,
            "equity": 697604,
            "current_ratio": 227.87,
            "debt_ratio": 33.79,
            "inventory_turnover_ratio": 0.63,
            "account_receivable_turnover_ratio": 0.6,
            "reinvestment_rate": 28.22,
            "research_to_sale_ratio": 11.71,
            "price_fair": 163.8,
            "eps_avg_yearly": 4.68,
            "eps_latest_yearly": 6.84,
            "eps_growth_yearly": 276.63
        },
        "20134": {
            "year_quarter": 20134,
            "year": 2013,
            "quarter": 4,
            "eps": 0.39,
            "eps_growth_year": -44.33,
            "eps_4q": 4.82,
            "eps_4q_growth_year": 14.71,
            "roe": 1.95,
            "roe_4q": 31.41,
            "gross_profit": 59015,
            "gross_margin": 51.33,
            "gross_margin_4q_avg": 59.43,
            "net_income": 16728,
            "net_income_4q": null,
            "revenue": 114961,
            "revenue_4q": null,
            "common_shares": 426082,
            "book_valuer_per_share": 23.99,
            "book_valuer_per_share_4q_avg": 20.13,
            "equity": 1021988,
            "current_ratio": 443.62,
            "debt_ratio": 18.34,
            "inventory_turnover_ratio": 0.46,
            "account_receivable_turnover_ratio": 0.34,
            "reinvestment_rate": 27.95,
            "research_to_sale_ratio": 16.39,
            "price_fair": 163.4,
            "eps_avg_yearly": 4.67,
            "eps_latest_yearly": 1.56,
            "eps_growth_yearly": 78.38
        },
        "20141": {
            "year_quarter": 20141,
            "year": 2014,
            "quarter": 1,
            "eps": 0.93,
            "eps_growth_year": -38,
            "eps_4q": 4.57,
            "eps_4q_growth_year": 18.72,
            "roe": 3.82,
            "roe_4q": 27.09,
            "gross_profit": 83952,
            "gross_margin": 59.75,
            "gross_margin_4q_avg": 58.54,
            "net_income": 39802,
            "net_income_4q": null,
            "revenue": 140496,
            "revenue_4q": null,
            "common_shares": 426082,
            "book_valuer_per_share": 24.91,
            "book_valuer_per_share_4q_avg": 21.58,
            "equity": 1061573,
            "current_ratio": 432.27,
            "debt_ratio": 18.52,
            "inventory_turnover_ratio": 0.47,
            "account_receivable_turnover_ratio": 0.5,
            "reinvestment_rate": 28.52,
            "research_to_sale_ratio": 16.47,
            "price_fair": 161.19,
            "eps_avg_yearly": 4.61,
            "eps_latest_yearly": 3.72,
            "eps_growth_yearly": 110.08
        },
        "20142": {
            "year_quarter": 20142,
            "year": 2014,
            "quarter": 2,
            "eps": 1.01,
            "eps_growth_year": -49.75,
            "eps_4q": 3.82,
            "eps_4q_growth_year": -16.98,
            "roe": 4.3,
            "roe_4q": 19.659999999999997,
            "gross_profit": 99926,
            "gross_margin": 55.07,
            "gross_margin_4q_avg": 57.02,
            "net_income": 42660,
            "net_income_4q": null,
            "revenue": 181461,
            "revenue_4q": null,
            "common_shares": 426082,
            "book_valuer_per_share": 21.7,
            "book_valuer_per_share_4q_avg": 22.35,
            "equity": 924639,
            "current_ratio": 244.46,
            "debt_ratio": 32.78,
            "inventory_turnover_ratio": 0.65,
            "account_receivable_turnover_ratio": 0.59,
            "reinvestment_rate": 32.67,
            "research_to_sale_ratio": 11.35,
            "price_fair": 159.95,
            "eps_avg_yearly": 4.57,
            "eps_latest_yearly": 4.04,
            "eps_growth_yearly": 105.35
        },
        "20143": {
            "year_quarter": 20143,
            "year": 2014,
            "quarter": 3,
            "eps": 1.38,
            "eps_growth_year": -19.3,
            "eps_4q": 3.71,
            "eps_4q_growth_year": -35.16,
            "roe": 6.18,
            "roe_4q": 16.25,
            "gross_profit": 113703,
            "gross_margin": 55.61,
            "gross_margin_4q_avg": 55.44,
            "net_income": 58980,
            "net_income_4q": null,
            "revenue": 204451,
            "revenue_4q": null,
            "common_shares": 426082,
            "book_valuer_per_share": 23.11,
            "book_valuer_per_share_4q_avg": 23.43,
            "equity": 984483,
            "current_ratio": 355.1,
            "debt_ratio": 22.11,
            "inventory_turnover_ratio": 0.65,
            "account_receivable_turnover_ratio": 0.65,
            "reinvestment_rate": 33.41,
            "research_to_sale_ratio": 12,
            "price_fair": 164.94,
            "eps_avg_yearly": 4.71,
            "eps_latest_yearly": 5.52,
            "eps_growth_yearly": 116.76
        },
        "20144": {
            "year_quarter": 20144,
            "year": 2014,
            "quarter": 4,
            "eps": 0.71,
            "eps_growth_year": 82.03,
            "eps_4q": 4.03,
            "eps_4q_growth_year": -16.3,
            "roe": 3.05,
            "roe_4q": 17.35,
            "gross_profit": 65177,
            "gross_margin": 51,
            "gross_margin_4q_avg": 55.36,
            "net_income": 30450,
            "net_income_4q": null,
            "revenue": 127786,
            "revenue_4q": null,
            "common_shares": 426082,
            "book_valuer_per_share": 23.82,
            "book_valuer_per_share_4q_avg": 23.39,
            "equity": 1014775,
            "current_ratio": 474.96,
            "debt_ratio": 17.1,
            "inventory_turnover_ratio": 0.46,
            "account_receivable_turnover_ratio": 0.44,
            "reinvestment_rate": 32.89,
            "research_to_sale_ratio": 15.42,
            "price_fair": 166.16,
            "eps_avg_yearly": 4.75,
            "eps_latest_yearly": 2.84,
            "eps_growth_yearly": 112.03
        },
        "20151": {
            "year_quarter": 20151,
            "year": 2015,
            "quarter": 1,
            "eps": 0.8,
            "eps_growth_year": -13.98,
            "eps_4q": 3.9,
            "eps_4q_growth_year": -14.74,
            "roe": 3.28,
            "roe_4q": 16.81,
            "gross_profit": 82984,
            "gross_margin": 58.98,
            "gross_margin_4q_avg": 55.17,
            "net_income": 33881,
            "net_income_4q": null,
            "revenue": 140704,
            "revenue_4q": null,
            "common_shares": 426082,
            "book_valuer_per_share": 24.6,
            "book_valuer_per_share_4q_avg": 23.31,
            "equity": 1048355,
            "current_ratio": 570.12,
            "debt_ratio": 14.31,
            "inventory_turnover_ratio": 0.47,
            "account_receivable_turnover_ratio": 0.55,
            "reinvestment_rate": 28.2,
            "research_to_sale_ratio": 10.02,
            "price_fair": 162.93,
            "eps_avg_yearly": 4.66,
            "eps_latest_yearly": 3.2,
            "eps_growth_yearly": 88.88
        },
        "20152": {
            "year_quarter": 20152,
            "year": 2015,
            "quarter": 2,
            "eps": 0.93,
            "eps_growth_year": -7.92,
            "eps_4q": 3.82,
            "eps_4q_growth_year": 0.07,
            "roe": 3.93,
            "roe_4q": 16.439999999999998,
            "gross_profit": 110847,
            "gross_margin": 62.58,
            "gross_margin_4q_avg": 57.04,
            "net_income": 39525,
            "net_income_4q": null,
            "revenue": 177120,
            "revenue_4q": null,
            "common_shares": 426082,
            "book_valuer_per_share": 21.9,
            "book_valuer_per_share_4q_avg": 23.36,
            "equity": 963196,
            "current_ratio": 281.31,
            "debt_ratio": 29.02,
            "inventory_turnover_ratio": 0.55,
            "account_receivable_turnover_ratio": 0.67,
            "reinvestment_rate": 32.68,
            "research_to_sale_ratio": 11.62,
            "price_fair": 157.33,
            "eps_avg_yearly": 4.5,
            "eps_latest_yearly": 3.72,
            "eps_growth_yearly": 84.4
        },
        "20153": {
            "year_quarter": 20153,
            "year": 2015,
            "quarter": 3,
            "eps": 1.51,
            "eps_growth_year": 9.42,
            "eps_4q": 3.95,
            "eps_4q_growth_year": 6.35,
            "roe": 6.3,
            "roe_4q": 16.56,
            "gross_profit": 107998,
            "gross_margin": 64.26,
            "gross_margin_4q_avg": 59.21,
            "net_income": 62708,
            "net_income_4q": null,
            "revenue": 168071,
            "revenue_4q": null,
            "common_shares": 426082,
            "book_valuer_per_share": 23.45,
            "book_valuer_per_share_4q_avg": 23.44,
            "equity": 1027514,
            "current_ratio": 471.64,
            "debt_ratio": 17.08,
            "inventory_turnover_ratio": 0.52,
            "account_receivable_turnover_ratio": 0.52,
            "reinvestment_rate": 32.15,
            "research_to_sale_ratio": 13.61,
            "price_fair": 156.19,
            "eps_avg_yearly": 4.46,
            "eps_latest_yearly": 6.04,
            "eps_growth_yearly": 98.87
        },
        "20154": {
            "year_quarter": 20154,
            "year": 2015,
            "quarter": 4,
            "eps": 0.48,
            "eps_growth_year": -32.29,
            "eps_4q": 3.72,
            "eps_4q_growth_year": -7.86,
            "roe": 1.78,
            "roe_4q": 15.29,
            "gross_profit": 70983,
            "gross_margin": 57.14,
            "gross_margin_4q_avg": 60.74,
            "net_income": 18454,
            "net_income_4q": null,
            "revenue": 124232,
            "revenue_4q": null,
            "common_shares": 426082,
            "book_valuer_per_share": 23.88,
            "book_valuer_per_share_4q_avg": 23.46,
            "equity": 1043656,
            "current_ratio": 485.68,
            "debt_ratio": 16.95,
            "inventory_turnover_ratio": 0.46,
            "account_receivable_turnover_ratio": 0.4,
            "reinvestment_rate": 23.88,
            "research_to_sale_ratio": 17.05,
            "price_fair": 155.4,
            "eps_avg_yearly": 4.44,
            "eps_latest_yearly": 1.92,
            "eps_growth_yearly": 98.13
        },
        "20161": {
            "year_quarter": 20161,
            "year": 2016,
            "quarter": 1,
            "eps": 0.65,
            "eps_growth_year": -18.75,
            "eps_4q": 3.57,
            "eps_4q_growth_year": -8.24,
            "roe": 2.49,
            "roe_4q": 14.5,
            "gross_profit": 86878,
            "gross_margin": 59.28,
            "gross_margin_4q_avg": 60.82,
            "net_income": 26309,
            "net_income_4q": null,
            "revenue": 146551,
            "revenue_4q": null,
            "common_shares": 426082,
            "book_valuer_per_share": 24.52,
            "book_valuer_per_share_4q_avg": 23.44,
            "equity": 1071562,
            "current_ratio": 462.37,
            "debt_ratio": 17.88,
            "inventory_turnover_ratio": 0.48,
            "account_receivable_turnover_ratio": 0.51,
            "reinvestment_rate": 22.93,
            "research_to_sale_ratio": 14.5,
            "price_fair": 143.24,
            "eps_avg_yearly": 4.09,
            "eps_latest_yearly": 2.6,
            "eps_growth_yearly": 42.51
        },
        "20162": {
            "year_quarter": 20162,
            "year": 2016,
            "quarter": 2,
            "eps": 0.93,
            "eps_growth_year": 0,
            "eps_4q": 3.58,
            "eps_4q_growth_year": -6.33,
            "roe": 4.5,
            "roe_4q": 15.07,
            "gross_profit": 121503,
            "gross_margin": 66.07,
            "gross_margin_4q_avg": 61.69,
            "net_income": 45805,
            "net_income_4q": null,
            "revenue": 183905,
            "revenue_4q": null,
            "common_shares": 426082,
            "book_valuer_per_share": 21.83,
            "book_valuer_per_share_4q_avg": 23.42,
            "equity": 962818,
            "current_ratio": 281.86,
            "debt_ratio": 29.2,
            "inventory_turnover_ratio": 0.46,
            "account_receivable_turnover_ratio": 0.61,
            "reinvestment_rate": 29.79,
            "research_to_sale_ratio": 12.63,
            "price_fair": 142.63,
            "eps_avg_yearly": 4.08,
            "eps_latest_yearly": 3.72,
            "eps_growth_yearly": 66.02
        },
        "20163": {
            "year_quarter": 20163,
            "year": 2016,
            "quarter": 3,
            "eps": 1.53,
            "eps_growth_year": 1.32,
            "eps_4q": 3.6,
            "eps_4q_growth_year": -8.88,
            "roe": 6.28,
            "roe_4q": 15.05,
            "gross_profit": 141778,
            "gross_margin": 62.61,
            "gross_margin_4q_avg": 61.28,
            "net_income": 62377,
            "net_income_4q": null,
            "revenue": 226437,
            "revenue_4q": null,
            "common_shares": 426082,
            "book_valuer_per_share": 23.33,
            "book_valuer_per_share_4q_avg": 23.39,
            "equity": 1023765,
            "current_ratio": 364.03,
            "debt_ratio": 22.91,
            "inventory_turnover_ratio": 0.56,
            "account_receivable_turnover_ratio": 0.67,
            "reinvestment_rate": 27.6,
            "research_to_sale_ratio": 11.69,
            "price_fair": 150.33,
            "eps_avg_yearly": 4.3,
            "eps_latest_yearly": 6.12,
            "eps_growth_yearly": 90.9
        },
        "20164": {
            "year_quarter": 20164,
            "year": 2016,
            "quarter": 4,
            "eps": 1.55,
            "eps_growth_year": 220.77,
            "eps_4q": 4.67,
            "eps_4q_growth_year": 25.51,
            "roe": 6.28,
            "roe_4q": 19.550000000000004,
            "gross_profit": 149110,
            "gross_margin": 59,
            "gross_margin_4q_avg": 61.74,
            "net_income": 66256,
            "net_income_4q": null,
            "revenue": 252738,
            "revenue_4q": null,
            "common_shares": 426082,
            "book_valuer_per_share": 24.82,
            "book_valuer_per_share_4q_avg": 23.63,
            "equity": 1087654,
            "current_ratio": 369.81,
            "debt_ratio": 22.88,
            "inventory_turnover_ratio": 0.65,
            "account_receivable_turnover_ratio": 0.71,
            "reinvestment_rate": 20.15,
            "research_to_sale_ratio": 13.41,
            "price_fair": 157.68,
            "eps_avg_yearly": 4.51,
            "eps_latest_yearly": 6.2,
            "eps_growth_yearly": 88.92
        },
        "20171": {
            "year_quarter": 20171,
            "year": 2017,
            "quarter": 1,
            "eps": 1.41,
            "eps_growth_year": 116.92,
            "eps_4q": 5.42,
            "eps_4q_growth_year": 51.67,
            "roe": 5.59,
            "roe_4q": 22.650000000000002,
            "gross_profit": 146241,
            "gross_margin": 63.23,
            "gross_margin_4q_avg": 62.73,
            "net_income": 62432,
            "net_income_4q": null,
            "revenue": 231275,
            "revenue_4q": null,
            "common_shares": 426082,
            "book_valuer_per_share": 26.18,
            "book_valuer_per_share_4q_avg": 24.04,
            "equity": 1147894,
            "current_ratio": 381.03,
            "debt_ratio": 22.23,
            "inventory_turnover_ratio": 0.51,
            "account_receivable_turnover_ratio": 0.66,
            "reinvestment_rate": 25.53,
            "research_to_sale_ratio": 11.04,
            "price_fair": 156.89,
            "eps_avg_yearly": 4.48,
            "eps_latest_yearly": 5.64,
            "eps_growth_yearly": 58.85
        },
        "20172": {
            "year_quarter": 20172,
            "year": 2017,
            "quarter": 2,
            "eps": 2.15,
            "eps_growth_year": 131.18,
            "eps_4q": 6.64,
            "eps_4q_growth_year": 85.42,
            "roe": 8.17,
            "roe_4q": 26.32,
            "gross_profit": 183774,
            "gross_margin": 61.89,
            "gross_margin_4q_avg": 61.68,
            "net_income": 91102,
            "net_income_4q": null,
            "revenue": 296950,
            "revenue_4q": null,
            "common_shares": 426082,
            "book_valuer_per_share": 24.15,
            "book_valuer_per_share_4q_avg": 24.62,
            "equity": 1082158,
            "current_ratio": 264.54,
            "debt_ratio": 32.36,
            "inventory_turnover_ratio": 0.62,
            "account_receivable_turnover_ratio": 0.77,
            "reinvestment_rate": 6.02,
            "research_to_sale_ratio": 11.52,
            "price_fair": 158.11,
            "eps_avg_yearly": 4.52,
            "eps_latest_yearly": 8.6,
            "eps_growth_yearly": 63.47
        },
        "20173": {
            "year_quarter": 20173,
            "year": 2017,
            "quarter": 3,
            "eps": 2.7,
            "eps_growth_year": 76.47,
            "eps_4q": 7.81,
            "eps_4q_growth_year": 117.13,
            "roe": 10.02,
            "roe_4q": 30.06,
            "gross_profit": 221660,
            "gross_margin": 59.89,
            "gross_margin_4q_avg": 61,
            "net_income": 114194,
            "net_income_4q": null,
            "revenue": 370100,
            "revenue_4q": null,
            "common_shares": 426082,
            "book_valuer_per_share": 26.87,
            "book_valuer_per_share_4q_avg": 25.51,
            "equity": 1196964,
            "current_ratio": 334.83,
            "debt_ratio": 25.7,
            "inventory_turnover_ratio": 0.79,
            "account_receivable_turnover_ratio": 0.74,
            "reinvestment_rate": 5.53,
            "research_to_sale_ratio": 10.15,
            "price_fair": 166.78,
            "eps_avg_yearly": 4.77,
            "eps_latest_yearly": 10.8,
            "eps_growth_yearly": 73.6
        },
        "20174": {
            "year_quarter": 20174,
            "year": 2017,
            "quarter": 4,
            "eps": 4.6,
            "eps_growth_year": 196.5,
            "eps_4q": 10.86,
            "eps_4q_growth_year": 132.79,
            "roe": 14.97,
            "roe_4q": 38.75,
            "gross_profit": 357928,
            "gross_margin": 68.49,
            "gross_margin_4q_avg": 63.38,
            "net_income": 193696,
            "net_income_4q": null,
            "revenue": 522563,
            "revenue_4q": null,
            "common_shares": 426082,
            "book_valuer_per_share": 31.47,
            "book_valuer_per_share_4q_avg": 27.17,
            "equity": 1390841,
            "current_ratio": 318.47,
            "debt_ratio": 27.58,
            "inventory_turnover_ratio": 0.86,
            "account_receivable_turnover_ratio": 0.81,
            "reinvestment_rate": 4.49,
            "research_to_sale_ratio": 8.89,
            "price_fair": 203.61,
            "eps_avg_yearly": 5.82,
            "eps_latest_yearly": 18.4,
            "eps_growth_yearly": 110.49
        },
        "20181": {
            "year_quarter": 20181,
            "year": 2018,
            "quarter": 1,
            "eps": 4.72,
            "eps_growth_year": 234.75,
            "eps_4q": 14.17,
            "eps_4q_growth_year": 161.45,
            "roe": 13.56,
            "roe_4q": 46.72,
            "gross_profit": 375847,
            "gross_margin": 66.4,
            "gross_margin_4q_avg": 64.17,
            "net_income": 202255,
            "net_income_4q": null,
            "revenue": 566038,
            "revenue_4q": null,
            "common_shares": 426082,
            "book_valuer_per_share": 36.2,
            "book_valuer_per_share_4q_avg": 29.67,
            "equity": 1593232,
            "current_ratio": 289.13,
            "debt_ratio": 31.14,
            "inventory_turnover_ratio": 0.88,
            "account_receivable_turnover_ratio": 0.7,
            "reinvestment_rate": 2.86,
            "research_to_sale_ratio": 4.6,
            "price_fair": 236.78,
            "eps_avg_yearly": 6.77,
            "eps_latest_yearly": 18.88,
            "eps_growth_yearly": 76.52
        },
        "20182": {
            "year_quarter": 20182,
            "year": 2018,
            "quarter": 2,
            "eps": 7.61,
            "eps_growth_year": 253.95,
            "eps_4q": 19.63,
            "eps_4q_growth_year": 195.74,
            "roe": 20.95,
            "roe_4q": 59.5,
            "gross_profit": 543358,
            "gross_margin": 73.81,
            "gross_margin_4q_avg": 67.15,
            "net_income": 322936,
            "net_income_4q": null,
            "revenue": 736179,
            "revenue_4q": null,
            "common_shares": 426082,
            "book_valuer_per_share": 33.81,
            "book_valuer_per_share_4q_avg": 32.09,
            "equity": 1490338,
            "current_ratio": 172.52,
            "debt_ratio": 53.5,
            "inventory_turnover_ratio": 0.76,
            "account_receivable_turnover_ratio": 0.79,
            "reinvestment_rate": -0.07,
            "research_to_sale_ratio": 4.85,
            "price_fair": 294.53,
            "eps_avg_yearly": 8.42,
            "eps_latest_yearly": 30.44,
            "eps_growth_yearly": 89.68
        },
        "20183": {
            "year_quarter": 20183,
            "year": 2018,
            "quarter": 3,
            "eps": 10.07,
            "eps_growth_year": 272.96,
            "eps_4q": 27,
            "eps_4q_growth_year": 245.75,
            "roe": 25.47,
            "roe_4q": 74.95,
            "gross_profit": 702687,
            "gross_margin": 72.8,
            "gross_margin_4q_avg": 70.38,
            "net_income": 434839,
            "net_income_4q": null,
            "revenue": 965248,
            "revenue_4q": null,
            "common_shares": 426082,
            "book_valuer_per_share": 43.87,
            "book_valuer_per_share_4q_avg": 36.34,
            "equity": 1924460,
            "current_ratio": 262.48,
            "debt_ratio": 34.4,
            "inventory_turnover_ratio": 0.98,
            "account_receivable_turnover_ratio": 1.04,
            "reinvestment_rate": -0.29,
            "research_to_sale_ratio": 7.25,
            "price_fair": 370.56,
            "eps_avg_yearly": 10.59,
            "eps_latest_yearly": 40.28,
            "eps_growth_yearly": 88.6
        },
        "20184": {
            "year_quarter": 20184,
            "year": 2018,
            "quarter": 4,
            "eps": 8.02,
            "eps_growth_year": 74.35,
            "eps_4q": 30.43,
            "eps_4q_growth_year": 180.16,
            "roe": 16.57,
            "roe_4q": 76.55,
            "gross_profit": 544790,
            "gross_margin": 64.52,
            "gross_margin_4q_avg": 69.38,
            "net_income": 347687,
            "net_income_4q": null,
            "revenue": 844411,
            "revenue_4q": null,
            "common_shares": 426082,
            "book_valuer_per_share": 51.87,
            "book_valuer_per_share_4q_avg": 41.44,
            "equity": 2271331,
            "current_ratio": 261.2,
            "debt_ratio": 34.58,
            "inventory_turnover_ratio": 1.2,
            "account_receivable_turnover_ratio": 0.85,
            "reinvestment_rate": 0.55,
            "research_to_sale_ratio": 4.46,
            "price_fair": 434.53,
            "eps_avg_yearly": 12.42,
            "eps_latest_yearly": 32.08,
            "eps_growth_yearly": 95.65
        },
        "20191": {
            "year_quarter": 20191,
            "year": 2019,
            "quarter": 1,
            "eps": 6.13,
            "eps_growth_year": 29.87,
            "eps_4q": 31.84,
            "eps_4q_growth_year": 124.64,
            "roe": 14.44,
            "roe_4q": 77.42999999999999,
            "gross_profit": 455435,
            "gross_margin": 67.9,
            "gross_margin_4q_avg": 69.76,
            "net_income": 264105,
            "net_income_4q": null,
            "revenue": 670772,
            "revenue_4q": null,
            "common_shares": 426082,
            "book_valuer_per_share": 31.02,
            "book_valuer_per_share_4q_avg": 40.14,
            "equity": 1385732,
            "current_ratio": 142.3,
            "debt_ratio": 63.84,
            "inventory_turnover_ratio": 0.84,
            "account_receivable_turnover_ratio": 0.57,
            "reinvestment_rate": 0.92,
            "research_to_sale_ratio": 7.1,
            "price_fair": 481.16,
            "eps_avg_yearly": 13.75,
            "eps_latest_yearly": 24.52,
            "eps_growth_yearly": 86.59
        },
        "20192": {
            "year_quarter": 20192,
            "year": 2019,
            "quarter": 2,
            "eps": 7.28,
            "eps_growth_year": -4.34,
            "eps_4q": 31.52,
            "eps_4q_growth_year": 60.55,
            "roe": 20.63,
            "roe_4q": 77.11,
            "gross_profit": 525344,
            "gross_margin": 67.36,
            "gross_margin_4q_avg": 68.15,
            "net_income": 322202,
            "net_income_4q": null,
            "revenue": 779880,
            "revenue_4q": null,
            "common_shares": 426082,
            "book_valuer_per_share": 38.3,
            "book_valuer_per_share_4q_avg": 41.27,
            "equity": 1738086,
            "current_ratio": 161.43,
            "debt_ratio": 57.09,
            "inventory_turnover_ratio": 0.93,
            "account_receivable_turnover_ratio": 0.57,
            "reinvestment_rate": 1.08,
            "research_to_sale_ratio": 7.13,
            "price_fair": 536.73,
            "eps_avg_yearly": 15.34,
            "eps_latest_yearly": 29.12,
            "eps_growth_yearly": 87.22
        },
        "20193": {
            "year_quarter": 20193,
            "year": 2019,
            "quarter": 3,
            "eps": 4.6,
            "eps_growth_year": -54.32,
            "eps_4q": 26.04,
            "eps_4q_growth_year": -3.57,
            "roe": 10.61,
            "roe_4q": 62.25,
            "gross_profit": 403930,
            "gross_margin": 62.82,
            "gross_margin_4q_avg": 65.65,
            "net_income": 194667,
            "net_income_4q": null,
            "revenue": 642973,
            "revenue_4q": null,
            "common_shares": 426082,
            "book_valuer_per_share": 42.87,
            "book_valuer_per_share_4q_avg": 41.02,
            "equity": 1930524,
            "current_ratio": 263.61,
            "debt_ratio": 35.01,
            "inventory_turnover_ratio": 0.86,
            "account_receivable_turnover_ratio": 0.43,
            "reinvestment_rate": 1.39,
            "research_to_sale_ratio": 8.42,
            "price_fair": 563.76,
            "eps_avg_yearly": 16.11,
            "eps_latest_yearly": 18.4,
            "eps_growth_yearly": 62.42
        },
        "20194": {
            "year_quarter": 20194,
            "year": 2019,
            "quarter": 4,
            "eps": 1.99,
            "eps_growth_year": -75.16,
            "eps_4q": 20.01,
            "eps_4q_growth_year": -34.23,
            "roe": 4.32,
            "roe_4q": 50,
            "gross_profit": 254213,
            "gross_margin": 56.51,
            "gross_margin_4q_avg": 63.65,
            "net_income": 85895,
            "net_income_4q": null,
            "revenue": 449816,
            "revenue_4q": null,
            "common_shares": 426082,
            "book_valuer_per_share": 44.82,
            "book_valuer_per_share_4q_avg": 39.25,
            "equity": 2042818,
            "current_ratio": 263.06,
            "debt_ratio": 32.89,
            "inventory_turnover_ratio": 0.59,
            "account_receivable_turnover_ratio": 0.33,
            "reinvestment_rate": 1.57,
            "research_to_sale_ratio": 13.32,
            "price_fair": 576.98,
            "eps_avg_yearly": 16.49,
            "eps_latest_yearly": 7.96,
            "eps_growth_yearly": 65.29
        },
        "20201": {
            "year_quarter": 20201,
            "year": 2020,
            "quarter": 1,
            "eps": 5.3,
            "eps_growth_year": -13.54,
            "eps_4q": 19.17,
            "eps_4q_growth_year": -39.78,
            "roe": 11.85,
            "roe_4q": 47.41,
            "gross_profit": 444725,
            "gross_margin": 64.81,
            "gross_margin_4q_avg": 62.88,
            "net_income": 227670,
            "net_income_4q": null,
            "revenue": 686231,
            "revenue_4q": null,
            "common_shares": 426082,
            "book_valuer_per_share": 39.61,
            "book_valuer_per_share_4q_avg": 41.4,
            "equity": 1798119,
            "current_ratio": 210.2,
            "debt_ratio": 47.49,
            "inventory_turnover_ratio": 0.65,
            "account_receivable_turnover_ratio": 0.55,
            "reinvestment_rate": 1.4,
            "research_to_sale_ratio": 6.95,
            "price_fair": 617.66,
            "eps_avg_yearly": 17.65,
            "eps_latest_yearly": 21.2,
            "eps_growth_yearly": 98.02
        },
        "20202": {
            "year_quarter": 20202,
            "year": 2020,
            "quarter": 2,
            "eps": 4.71,
            "eps_growth_year": -35.3,
            "eps_4q": 15.93,
            "eps_4q_growth_year": -49.45,
            "roe": 9.52,
            "roe_4q": 36.3,
            "gross_profit": 456392,
            "gross_margin": 67.4,
            "gross_margin_4q_avg": 62.89,
            "net_income": 206309,
            "net_income_4q": null,
            "revenue": 677118,
            "revenue_4q": null,
            "common_shares": 447282,
            "book_valuer_per_share": 54.22,
            "book_valuer_per_share_4q_avg": 45.38,
            "equity": 2534558,
            "current_ratio": 274.94,
            "debt_ratio": 38.13,
            "inventory_turnover_ratio": 0.6,
            "account_receivable_turnover_ratio": 0.5,
            "reinvestment_rate": 1.55,
            "research_to_sale_ratio": 9.4,
            "price_fair": 650.74,
            "eps_avg_yearly": 18.59,
            "eps_latest_yearly": 18.84,
            "eps_growth_yearly": 84.47
        },
        "20203": {
            "year_quarter": 20203,
            "year": 2020,
            "quarter": 3,
            "eps": 2.01,
            "eps_growth_year": -56.3,
            "eps_4q": 13.56,
            "eps_4q_growth_year": -47.93,
            "roe": 3.42,
            "roe_4q": 29.11,
            "gross_profit": 284576,
            "gross_margin": 59.52,
            "gross_margin_4q_avg": 62.06,
            "net_income": 85812,
            "net_income_4q": null,
            "revenue": 478140,
            "revenue_4q": null,
            "common_shares": 447282,
            "book_valuer_per_share": 53.22,
            "book_valuer_per_share_4q_avg": 47.97,
            "equity": 2487433,
            "current_ratio": 333.24,
            "debt_ratio": 32.69,
            "inventory_turnover_ratio": 0.52,
            "account_receivable_turnover_ratio": 0.37,
            "reinvestment_rate": 1.76,
            "research_to_sale_ratio": 14.26,
            "price_fair": 654.94,
            "eps_avg_yearly": 18.71,
            "eps_latest_yearly": 8.04,
            "eps_growth_yearly": 54.01
        },
        "20204": {
            "year_quarter": 20204,
            "year": 2020,
            "quarter": 4,
            "eps": 3.1,
            "eps_growth_year": 55.28,
            "eps_4q": 14.76,
            "eps_4q_growth_year": -26.25,
            "roe": 5.29,
            "roe_4q": 30.08,
            "gross_profit": 333972,
            "gross_margin": 60.03,
            "gross_margin_4q_avg": 62.94,
            "net_income": 134724,
            "net_income_4q": null,
            "revenue": 556366,
            "revenue_4q": null,
            "common_shares": 447282,
            "book_valuer_per_share": 56.31,
            "book_valuer_per_share_4q_avg": 50.84,
            "equity": 2607730,
            "current_ratio": 380.02,
            "debt_ratio": 29.7,
            "inventory_turnover_ratio": 0.6,
            "account_receivable_turnover_ratio": 0.49,
            "reinvestment_rate": 1.73,
            "research_to_sale_ratio": 11.53,
            "price_fair": 668.5,
            "eps_avg_yearly": 19.1,
            "eps_latest_yearly": 12.4,
            "eps_growth_yearly": 67.24
        },
        "20211": {
            "year_quarter": 20211,
            "year": 2021,
            "quarter": 1,
            "eps": 4.81,
            "eps_growth_year": -9.25,
            "eps_4q": 14.52,
            "eps_4q_growth_year": -24.29,
            "roe": 8.48,
            "roe_4q": 26.709999999999997,
            "gross_profit": 436594,
            "gross_margin": 63.4,
            "gross_margin_4q_avg": 62.59,
            "net_income": 213122,
            "net_income_4q": null,
            "revenue": 688633,
            "revenue_4q": null,
            "common_shares": 447282,
            "book_valuer_per_share": 52.11,
            "book_valuer_per_share_4q_avg": 53.97,
            "equity": 2418114,
            "current_ratio": 259.28,
            "debt_ratio": 39.62,
            "inventory_turnover_ratio": 0.67,
            "account_receivable_turnover_ratio": 0.57,
            "reinvestment_rate": 1.46,
            "research_to_sale_ratio": 11.2,
            "price_fair": 698.25,
            "eps_avg_yearly": 19.95,
            "eps_latest_yearly": 19.24,
            "eps_growth_yearly": 83.29
        },
        "20212": {
            "year_quarter": 20212,
            "year": 2021,
            "quarter": 2,
            "eps": 4.22,
            "eps_growth_year": -10.4,
            "eps_4q": 14.14,
            "eps_4q_growth_year": -11.27,
            "roe": 7.39,
            "roe_4q": 24.58,
            "gross_profit": 430069,
            "gross_margin": 60.12,
            "gross_margin_4q_avg": 60.77,
            "net_income": 185969,
            "net_income_4q": null,
            "revenue": 715360,
            "revenue_4q": null,
            "common_shares": 447282,
            "book_valuer_per_share": 56.34,
            "book_valuer_per_share_4q_avg": 54.5,
            "equity": 2611989,
            "current_ratio": 283.5,
            "debt_ratio": 37.96,
            "inventory_turnover_ratio": 0.75,
            "account_receivable_turnover_ratio": 0.53,
            "reinvestment_rate": 1.34,
            "research_to_sale_ratio": 8.61,
            "price_fair": 716.36,
            "eps_avg_yearly": 20.47,
            "eps_latest_yearly": 16.88,
            "eps_growth_yearly": 67.1
        },
        "20213": {
            "year_quarter": 20213,
            "year": 2021,
            "quarter": 3,
            "eps": 5.71,
            "eps_growth_year": 184.08,
            "eps_4q": 17.84,
            "eps_4q_growth_year": 31.56,
            "roe": 9.42,
            "roe_4q": 30.58,
            "gross_profit": 456621,
            "gross_margin": 64.1,
            "gross_margin_4q_avg": 61.91,
            "net_income": 258597,
            "net_income_4q": null,
            "revenue": 712341,
            "revenue_4q": null,
            "common_shares": 447282,
            "book_valuer_per_share": 62.01,
            "book_valuer_per_share_4q_avg": 56.69,
            "equity": 2879276,
            "current_ratio": 359.26,
            "debt_ratio": 31.48,
            "inventory_turnover_ratio": 0.65,
            "account_receivable_turnover_ratio": 0.5,
            "reinvestment_rate": 1.66,
            "research_to_sale_ratio": 11.14,
            "price_fair": 742.7,
            "eps_avg_yearly": 21.22,
            "eps_latest_yearly": 22.84,
            "eps_growth_yearly": 69.53
        },
        "20214": {
            "year_quarter": 20214,
            "year": 2021,
            "quarter": 4,
            "eps": 3.76,
            "eps_growth_year": 21.51,
            "eps_4q": 18.51,
            "eps_4q_growth_year": 25.41,
            "roe": 5.78,
            "roe_4q": 31.07,
            "gross_profit": 371287,
            "gross_margin": 58.57,
            "gross_margin_4q_avg": 61.55,
            "net_income": 168781,
            "net_income_4q": null,
            "revenue": 633930,
            "revenue_4q": null,
            "common_shares": 447282,
            "book_valuer_per_share": 63.76,
            "book_valuer_per_share_4q_avg": 58.56,
            "equity": 2958224,
            "current_ratio": 337.4,
            "debt_ratio": 34.39,
            "inventory_turnover_ratio": 0.65,
            "account_receivable_turnover_ratio": 0.46,
            "reinvestment_rate": 1.63,
            "research_to_sale_ratio": 10.12,
            "price_fair": 735.35,
            "eps_avg_yearly": 21.01,
            "eps_latest_yearly": 15.04,
            "eps_growth_yearly": 43.4
        },
        "20221": {
            "year_quarter": 20221,
            "year": 2022,
            "quarter": 1,
            "eps": 4.07,
            "eps_growth_year": -15.38,
            "eps_4q": 17.77,
            "eps_4q_growth_year": 22.38,
            "roe": 6.41,
            "roe_4q": 29,
            "gross_profit": 357107,
            "gross_margin": 58.41,
            "gross_margin_4q_avg": 60.3,
            "net_income": 181167,
            "net_income_4q": null,
            "revenue": 611369,
            "revenue_4q": null,
            "common_shares": 447282,
            "book_valuer_per_share": 57.84,
            "book_valuer_per_share_4q_avg": 59.99,
            "equity": 2692703,
            "current_ratio": 264.68,
            "debt_ratio": 40.81,
            "inventory_turnover_ratio": 0.66,
            "account_receivable_turnover_ratio": 0.44,
            "reinvestment_rate": 1.54,
            "research_to_sale_ratio": 11.32,
            "price_fair": 729.66,
            "eps_avg_yearly": 20.85,
            "eps_latest_yearly": 16.28,
            "eps_growth_yearly": 44.81
        },
        "20222": {
            "year_quarter": 20222,
            "year": 2022,
            "quarter": 2,
            "eps": 3.73,
            "eps_growth_year": -11.61,
            "eps_4q": 17.28,
            "eps_4q_growth_year": 22.21,
            "roe": 6.11,
            "roe_4q": 27.72,
            "gross_profit": 309196,
            "gross_margin": 56.26,
            "gross_margin_4q_avg": 59.34,
            "net_income": 169758,
            "net_income_4q": null,
            "revenue": 549539,
            "revenue_4q": null,
            "common_shares": 447282,
            "book_valuer_per_share": 61.57,
            "book_valuer_per_share_4q_avg": 61.3,
            "equity": 2861709,
            "current_ratio": 289.42,
            "debt_ratio": 37.66,
            "inventory_turnover_ratio": 0.63,
            "account_receivable_turnover_ratio": 0.43,
            "reinvestment_rate": 1.58,
            "research_to_sale_ratio": 9.32,
            "price_fair": 695.71,
            "eps_avg_yearly": 19.88,
            "eps_latest_yearly": 14.92,
            "eps_growth_yearly": 27.41
        },
        "20223": {
            "year_quarter": 20223,
            "year": 2022,
            "quarter": 3,
            "eps": 3.09,
            "eps_growth_year": -45.88,
            "eps_4q": 14.66,
            "eps_4q_growth_year": -17.85,
            "roe": 4.7,
            "roe_4q": 23,
            "gross_profit": 258015,
            "gross_margin": 58.09,
            "gross_margin_4q_avg": 57.83,
            "net_income": 137817,
            "net_income_4q": null,
            "revenue": 444180,
            "revenue_4q": null,
            "common_shares": 447282,
            "book_valuer_per_share": 64.67,
            "book_valuer_per_share_4q_avg": 61.96,
            "equity": 2999701,
            "current_ratio": 408.48,
            "debt_ratio": 29.35,
            "inventory_turnover_ratio": 0.47,
            "account_receivable_turnover_ratio": 0.39,
            "reinvestment_rate": 1.13,
            "research_to_sale_ratio": 14.36,
            "price_fair": 454.1,
            "eps_avg_yearly": 18.13,
            "eps_latest_yearly": 12.36,
            "eps_growth_yearly": 15.04
        },
        "20224": {
            "year_quarter": 20224,
            "year": 2022,
            "quarter": 4,
            "eps": 2.46,
            "eps_growth_year": -34.6,
            "eps_4q": 13.35,
            "eps_4q_growth_year": -27.84,
            "roe": 3.42,
            "roe_4q": 20.64,
            "gross_profit": 289870,
            "gross_margin": 58.3,
            "gross_margin_4q_avg": 57.77,
            "net_income": 103034,
            "net_income_4q": null,
            "revenue": 497214,
            "revenue_4q": null,
            "common_shares": 447282,
            "book_valuer_per_share": 65.16,
            "book_valuer_per_share_4q_avg": 62.31,
            "equity": 3017169,
            "current_ratio": 467.52,
            "debt_ratio": 23.84,
            "inventory_turnover_ratio": 0.57,
            "account_receivable_turnover_ratio": 0.47,
            "reinvestment_rate": 0.42,
            "research_to_sale_ratio": 11.64,
            "price_fair": 419.16,
            "eps_avg_yearly": 16.74,
            "eps_latest_yearly": 9.84,
            "eps_growth_yearly": 15.04
        },
        "20231": {
            "year_quarter": 20231,
            "year": 2023,
            "quarter": 1,
            "eps": 3.5,
            "eps_growth_year": -14,
            "eps_4q": 12.79,
            "eps_4q_growth_year": -28,
            "roe": 5.21,
            "roe_4q": 19.439999999999998,
            "gross_profit": 334485,
            "gross_margin": 62.98,
            "gross_margin_4q_avg": 58.91,
            "net_income": 151877,
            "net_income_4q": null,
            "revenue": 531074,
            "revenue_4q": null,
            "common_shares": 447282,
            "book_valuer_per_share": 60.66,
            "book_valuer_per_share_4q_avg": 63.02,
            "equity": 2808619,
            "current_ratio": 323.39,
            "debt_ratio": 32.01,
            "inventory_turnover_ratio": 0.57,
            "account_receivable_turnover_ratio": 0.5,
            "reinvestment_rate": 0.02,
            "research_to_sale_ratio": 11.36,
            "price_fair": 562.98,
            "eps_avg_yearly": 16.09,
            "eps_latest_yearly": 14,
            "eps_growth_yearly": 31.5
        },
        "20232": {
            "year_quarter": 20232,
            "year": 2023,
            "quarter": 2,
            "eps": 3.61,
            "eps_growth_year": -3.22,
            "eps_4q": 9.84,
            "eps_4q_growth_year": -43.05,
            "roe": 4.07,
            "roe_4q": 17.400000000000002,
            "gross_profit": 363313,
            "gross_margin": 62.8,
            "gross_margin_4q_avg": 60.54,
            "net_income": 161658,
            "net_income_4q": null,
            "revenue": 578553,
            "revenue_4q": null,
            "common_shares": 447282,
            "book_valuer_per_share": 86.75,
            "book_valuer_per_share_4q_avg": 69.31,
            "equity": 5133949,
            "current_ratio": 796.57,
            "debt_ratio": 12.98,
            "inventory_turnover_ratio": 0.65,
            "account_receivable_turnover_ratio": 0.5,
            "reinvestment_rate": -0.41,
            "research_to_sale_ratio": 10.73,
            "price_fair": 530.86,
            "eps_avg_yearly": 15.17,
            "eps_latest_yearly": 14.44,
            "eps_growth_yearly": 27.59
        }
    },
    "months": {
        "2007-06": {
            "month": "2007-06",
            "price": "48.60",
            "revenue": 18383
        },
        "2007-07": {
            "month": "2007-07",
            "price": "41.63",
            "revenue": 22131
        },
        "2007-08": {
            "month": "2007-08",
            "price": "34.76",
            "revenue": 36447
        },
        "2007-09": {
            "month": "2007-09",
            "price": "31.28",
            "revenue": 20844
        },
        "2007-10": {
            "month": "2007-10",
            "price": "30.33",
            "revenue": 16124
        },
        "2007-11": {
            "month": "2007-11",
            "price": "33.54",
            "revenue": 39376
        },
        "2007-12": {
            "month": "2007-12",
            "price": "31.63",
            "revenue": 15245
        },
        "2008-01": {
            "month": "2008-01",
            "price": "28.54",
            "revenue": 47825
        },
        "2008-02": {
            "month": "2008-02",
            "price": "26.69",
            "revenue": 22375
        },
        "2008-03": {
            "month": "2008-03",
            "price": "27.30",
            "revenue": 28891
        },
        "2008-04": {
            "month": "2008-04",
            "price": "25.48",
            "revenue": 30652
        },
        "2008-05": {
            "month": "2008-05",
            "price": "27.27",
            "revenue": 15407
        },
        "2008-06": {
            "month": "2008-06",
            "price": "26.46",
            "revenue": 16789
        },
        "2008-07": {
            "month": "2008-07",
            "price": "21.67",
            "revenue": 11727
        },
        "2008-08": {
            "month": "2008-08",
            "price": "13.97",
            "revenue": 15613
        },
        "2008-09": {
            "month": "2008-09",
            "price": "12.25",
            "revenue": 26494
        },
        "2008-10": {
            "month": "2008-10",
            "price": "10.91",
            "revenue": 35058
        },
        "2008-11": {
            "month": "2008-11",
            "price": "8.98",
            "revenue": 13123
        },
        "2008-12": {
            "month": "2008-12",
            "price": "9.34",
            "revenue": 24751
        },
        "2009-01": {
            "month": "2009-01",
            "price": "8.52",
            "revenue": 92
        },
        "2009-02": {
            "month": "2009-02",
            "price": "8.92",
            "revenue": 26339
        },
        "2009-03": {
            "month": "2009-03",
            "price": "7.85",
            "revenue": 6221
        },
        "2009-04": {
            "month": "2009-04",
            "price": "8.73",
            "revenue": 17266
        },
        "2009-05": {
            "month": "2009-05",
            "price": "7.88",
            "revenue": 13189
        },
        "2009-06": {
            "month": "2009-06",
            "price": "7.90",
            "revenue": 8765
        },
        "2009-07": {
            "month": "2009-07",
            "price": "7.92",
            "revenue": 6214
        },
        "2009-08": {
            "month": "2009-08",
            "price": "8.02",
            "revenue": 12756
        },
        "2009-09": {
            "month": "2009-09",
            "price": "9.67",
            "revenue": 21763
        },
        "2009-10": {
            "month": "2009-10",
            "price": "11.48",
            "revenue": 19144
        },
        "2009-11": {
            "month": "2009-11",
            "price": "10.44",
            "revenue": 13123
        },
        "2009-12": {
            "month": "2009-12",
            "price": "10.16",
            "revenue": 16611
        },
        "2010-01": {
            "month": "2010-01",
            "price": "13.64",
            "revenue": 11468
        },
        "2010-02": {
            "month": "2010-02",
            "price": "13.93",
            "revenue": 15671
        },
        "2010-03": {
            "month": "2010-03",
            "price": "17.69",
            "revenue": 39472
        },
        "2010-04": {
            "month": "2010-04",
            "price": "24.43",
            "revenue": 30719
        },
        "2010-05": {
            "month": "2010-05",
            "price": "28.72",
            "revenue": 29528
        },
        "2010-06": {
            "month": "2010-06",
            "price": "34.21",
            "revenue": 30008
        },
        "2010-07": {
            "month": "2010-07",
            "price": "31.37",
            "revenue": 32652
        },
        "2010-08": {
            "month": "2010-08",
            "price": "33.99",
            "revenue": 34300
        },
        "2010-09": {
            "month": "2010-09",
            "price": "33.34",
            "revenue": 34310
        },
        "2010-10": {
            "month": "2010-10",
            "price": "33.25",
            "revenue": 32003
        },
        "2010-11": {
            "month": "2010-11",
            "price": "32.95",
            "revenue": 31292
        },
        "2010-12": {
            "month": "2010-12",
            "price": "36.90",
            "revenue": 28118
        },
        "2011-01": {
            "month": "2011-01",
            "price": "42.12",
            "revenue": 31347
        },
        "2011-02": {
            "month": "2011-02",
            "price": "41.06",
            "revenue": 32287
        },
        "2011-03": {
            "month": "2011-03",
            "price": "45.29",
            "revenue": 49797
        },
        "2011-04": {
            "month": "2011-04",
            "price": "59.48",
            "revenue": 51608
        },
        "2011-05": {
            "month": "2011-05",
            "price": "64.79",
            "revenue": 52046
        },
        "2011-06": {
            "month": "2011-06",
            "price": "64.56",
            "revenue": 52450
        },
        "2011-07": {
            "month": "2011-07",
            "price": "66.83",
            "revenue": 53656
        },
        "2011-08": {
            "month": "2011-08",
            "price": "59.77",
            "revenue": 50857
        },
        "2011-09": {
            "month": "2011-09",
            "price": "48.37",
            "revenue": 44919
        },
        "2011-10": {
            "month": "2011-10",
            "price": "43.31",
            "revenue": 35067
        },
        "2011-11": {
            "month": "2011-11",
            "price": "44.08",
            "revenue": 35235
        },
        "2011-12": {
            "month": "2011-12",
            "price": "39.92",
            "revenue": 26873
        },
        "2012-01": {
            "month": "2012-01",
            "price": "40.46",
            "revenue": 24850
        },
        "2012-02": {
            "month": "2012-02",
            "price": "50.90",
            "revenue": 33725
        },
        "2012-03": {
            "month": "2012-03",
            "price": "56.17",
            "revenue": 33813
        },
        "2012-04": {
            "month": "2012-04",
            "price": "52.36",
            "revenue": 41782
        },
        "2012-05": {
            "month": "2012-05",
            "price": "54.71",
            "revenue": 40224
        },
        "2012-06": {
            "month": "2012-06",
            "price": "51.09",
            "revenue": 41494
        },
        "2012-07": {
            "month": "2012-07",
            "price": "51.03",
            "revenue": 44190
        },
        "2012-08": {
            "month": "2012-08",
            "price": "47.19",
            "revenue": 41560
        },
        "2012-09": {
            "month": "2012-09",
            "price": "45.58",
            "revenue": 41633
        },
        "2012-10": {
            "month": "2012-10",
            "price": "40.87",
            "revenue": 40006
        },
        "2012-11": {
            "month": "2012-11",
            "price": "36.67",
            "revenue": 39729
        },
        "2012-12": {
            "month": "2012-12",
            "price": "39.10",
            "revenue": 39341
        },
        "2013-01": {
            "month": "2013-01",
            "price": "42.70",
            "revenue": 42977
        },
        "2013-02": {
            "month": "2013-02",
            "price": "49.92",
            "revenue": 46293
        },
        "2013-03": {
            "month": "2013-03",
            "price": "57.97",
            "revenue": 61162
        },
        "2013-04": {
            "month": "2013-04",
            "price": "59.24",
            "revenue": 66055
        },
        "2013-05": {
            "month": "2013-05",
            "price": "63.32",
            "revenue": 72091
        },
        "2013-06": {
            "month": "2013-06",
            "price": "67.51",
            "revenue": 80285
        },
        "2013-07": {
            "month": "2013-07",
            "price": "74.17",
            "revenue": 81813
        },
        "2013-08": {
            "month": "2013-08",
            "price": "75.96",
            "revenue": 75820
        },
        "2013-09": {
            "month": "2013-09",
            "price": "75.32",
            "revenue": 75300
        },
        "2013-10": {
            "month": "2013-10",
            "price": "68.95",
            "revenue": 35947
        },
        "2013-11": {
            "month": "2013-11",
            "price": "63.22",
            "revenue": 37924
        },
        "2013-12": {
            "month": "2013-12",
            "price": "63.89",
            "revenue": 41076
        },
        "2014-01": {
            "month": "2014-01",
            "price": "68.47",
            "revenue": 43016
        },
        "2014-02": {
            "month": "2014-02",
            "price": "70.02",
            "revenue": 43978
        },
        "2014-03": {
            "month": "2014-03",
            "price": "69.00",
            "revenue": 53519
        },
        "2014-04": {
            "month": "2014-04",
            "price": "73.66",
            "revenue": 55103
        },
        "2014-05": {
            "month": "2014-05",
            "price": "69.64",
            "revenue": 60036
        },
        "2014-06": {
            "month": "2014-06",
            "price": "67.33",
            "revenue": 66255
        },
        "2014-07": {
            "month": "2014-07",
            "price": "59.76",
            "revenue": 70331
        },
        "2014-08": {
            "month": "2014-08",
            "price": "55.46",
            "revenue": 71277
        },
        "2014-09": {
            "month": "2014-09",
            "price": "57.02",
            "revenue": 62771
        },
        "2014-10": {
            "month": "2014-10",
            "price": "50.43",
            "revenue": 42509
        },
        "2014-11": {
            "month": "2014-11",
            "price": "49.63",
            "revenue": 45546
        },
        "2014-12": {
            "month": "2014-12",
            "price": "51.43",
            "revenue": 39673
        },
        "2015-01": {
            "month": "2015-01",
            "price": "52.34",
            "revenue": 42384
        },
        "2015-02": {
            "month": "2015-02",
            "price": "51.08",
            "revenue": 44329
        },
        "2015-03": {
            "month": "2015-03",
            "price": "55.03",
            "revenue": 54003
        },
        "2015-04": {
            "month": "2015-04",
            "price": "54.36",
            "revenue": 53934
        },
        "2015-05": {
            "month": "2015-05",
            "price": "51.88",
            "revenue": 58239
        },
        "2015-06": {
            "month": "2015-06",
            "price": "45.86",
            "revenue": 65003
        },
        "2015-07": {
            "month": "2015-07",
            "price": "41.15",
            "revenue": 65127
        },
        "2015-08": {
            "month": "2015-08",
            "price": "37.81",
            "revenue": 56104
        },
        "2015-09": {
            "month": "2015-09",
            "price": "38.78",
            "revenue": 46937
        },
        "2015-10": {
            "month": "2015-10",
            "price": "41.16",
            "revenue": 40163
        },
        "2015-11": {
            "month": "2015-11",
            "price": "44.08",
            "revenue": 42522
        },
        "2015-12": {
            "month": "2015-12",
            "price": "43.68",
            "revenue": 41552
        },
        "2016-01": {
            "month": "2016-01",
            "price": "40.91",
            "revenue": 43166
        },
        "2016-02": {
            "month": "2016-02",
            "price": "43.92",
            "revenue": 36961
        },
        "2016-03": {
            "month": "2016-03",
            "price": "47.60",
            "revenue": 66419
        },
        "2016-04": {
            "month": "2016-04",
            "price": "46.25",
            "revenue": 57890
        },
        "2016-05": {
            "month": "2016-05",
            "price": "44.45",
            "revenue": 57422
        },
        "2016-06": {
            "month": "2016-06",
            "price": "43.79",
            "revenue": 68785
        },
        "2016-07": {
            "month": "2016-07",
            "price": "42.89",
            "revenue": 67168
        },
        "2016-08": {
            "month": "2016-08",
            "price": "49.28",
            "revenue": 73074
        },
        "2016-09": {
            "month": "2016-09",
            "price": "57.14",
            "revenue": 86689
        },
        "2016-10": {
            "month": "2016-10",
            "price": "60.90",
            "revenue": 91335
        },
        "2016-11": {
            "month": "2016-11",
            "price": "59.66",
            "revenue": 92729
        },
        "2016-12": {
            "month": "2016-12",
            "price": "60.90",
            "revenue": 63386
        },
        "2017-01": {
            "month": "2017-01",
            "price": "58.65",
            "revenue": 70664
        },
        "2017-02": {
            "month": "2017-02",
            "price": "71.51",
            "revenue": 73996
        },
        "2017-03": {
            "month": "2017-03",
            "price": "82.69",
            "revenue": 86495
        },
        "2017-04": {
            "month": "2017-04",
            "price": "81.21",
            "revenue": 90136
        },
        "2017-05": {
            "month": "2017-05",
            "price": "96.62",
            "revenue": 94932
        },
        "2017-06": {
            "month": "2017-06",
            "price": "117.07",
            "revenue": 112102
        },
        "2017-07": {
            "month": "2017-07",
            "price": "147.62",
            "revenue": 116381
        },
        "2017-08": {
            "month": "2017-08",
            "price": "161.83",
            "revenue": 120732
        },
        "2017-09": {
            "month": "2017-09",
            "price": "156.77",
            "revenue": 132750
        },
        "2017-10": {
            "month": "2017-10",
            "price": "158.89",
            "revenue": 171377
        },
        "2017-11": {
            "month": "2017-11",
            "price": "180.32",
            "revenue": 173538
        },
        "2017-12": {
            "month": "2017-12",
            "price": "193.95",
            "revenue": 177550
        },
        "2018-01": {
            "month": "2018-01",
            "price": "277.77",
            "revenue": 180797
        },
        "2018-02": {
            "month": "2018-02",
            "price": "289.27",
            "revenue": 185948
        },
        "2018-03": {
            "month": "2018-03",
            "price": "308.83",
            "revenue": 198703
        },
        "2018-04": {
            "month": "2018-04",
            "price": "368.50",
            "revenue": 210639
        },
        "2018-05": {
            "month": "2018-05",
            "price": "440.39",
            "revenue": 252408
        },
        "2018-06": {
            "month": "2018-06",
            "price": "458.98",
            "revenue": 273731
        },
        "2018-07": {
            "month": "2018-07",
            "price": "406.30",
            "revenue": 324185
        },
        "2018-08": {
            "month": "2018-08",
            "price": "486.67",
            "revenue": 327319
        },
        "2018-09": {
            "month": "2018-09",
            "price": "414.00",
            "revenue": 313755
        },
        "2018-10": {
            "month": "2018-10",
            "price": "315.75",
            "revenue": 315584
        },
        "2018-11": {
            "month": "2018-11",
            "price": "377.32",
            "revenue": 262200
        },
        "2018-12": {
            "month": "2018-12",
            "price": "386.38",
            "revenue": 264930
        },
        "2019-01": {
            "month": "2019-01",
            "price": "397.43",
            "revenue": 206307
        },
        "2019-02": {
            "month": "2019-02",
            "price": "443.69",
            "revenue": 212280
        },
        "2019-03": {
            "month": "2019-03",
            "price": "442.28",
            "revenue": 252096
        },
        "2019-04": {
            "month": "2019-04",
            "price": "431.98",
            "revenue": 254013
        },
        "2019-05": {
            "month": "2019-05",
            "price": "382.45",
            "revenue": 260310
        },
        "2019-06": {
            "month": "2019-06",
            "price": "383.61",
            "revenue": 265706
        },
        "2019-07": {
            "month": "2019-07",
            "price": "372.35",
            "revenue": 234342
        },
        "2019-08": {
            "month": "2019-08",
            "price": "340.90",
            "revenue": 227284
        },
        "2019-09": {
            "month": "2019-09",
            "price": "332.55",
            "revenue": 180799
        },
        "2019-10": {
            "month": "2019-10",
            "price": "302.12",
            "revenue": 171929
        },
        "2019-11": {
            "month": "2019-11",
            "price": "293.86",
            "revenue": 134719
        },
        "2019-12": {
            "month": "2019-12",
            "price": "314.77",
            "revenue": 141343
        },
        "2020-01": {
            "month": "2020-01",
            "price": "401.63",
            "revenue": 210983
        },
        "2020-02": {
            "month": "2020-02",
            "price": "398.53",
            "revenue": 222348
        },
        "2020-03": {
            "month": "2020-03",
            "price": "292.34",
            "revenue": 252833
        },
        "2020-04": {
            "month": "2020-04",
            "price": "308.45",
            "revenue": 255902
        },
        "2020-05": {
            "month": "2020-05",
            "price": "336.70",
            "revenue": 224098
        },
        "2020-06": {
            "month": "2020-06",
            "price": "323.38",
            "revenue": 197235
        },
        "2020-07": {
            "month": "2020-07",
            "price": "294.80",
            "revenue": 150082
        },
        "2020-08": {
            "month": "2020-08",
            "price": "288.24",
            "revenue": 160681
        },
        "2020-09": {
            "month": "2020-09",
            "price": "292.77",
            "revenue": 167571
        },
        "2020-10": {
            "month": "2020-10",
            "price": "292.89",
            "revenue": 184160
        },
        "2020-11": {
            "month": "2020-11",
            "price": "290.86",
            "revenue": 187096
        },
        "2020-12": {
            "month": "2020-12",
            "price": "293.04",
            "revenue": 184805
        },
        "2021-01": {
            "month": "2021-01",
            "price": "280.32",
            "revenue": 206154
        },
        "2021-02": {
            "month": "2021-02",
            "price": "280.12",
            "revenue": 200457
        },
        "2021-03": {
            "month": "2021-03",
            "price": "281.50",
            "revenue": 282214
        },
        "2021-04": {
            "month": "2021-04",
            "price": "284.05",
            "revenue": 230980
        },
        "2021-05": {
            "month": "2021-05",
            "price": "240.21",
            "revenue": 238709
        },
        "2021-06": {
            "month": "2021-06",
            "price": "250.79",
            "revenue": 245477
        },
        "2021-07": {
            "month": "2021-07",
            "price": "259.23",
            "revenue": 232713
        },
        "2021-08": {
            "month": "2021-08",
            "price": "271.64",
            "revenue": 235639
        },
        "2021-09": {
            "month": "2021-09",
            "price": "237.02",
            "revenue": 243760
        },
        "2021-10": {
            "month": "2021-10",
            "price": "225.95",
            "revenue": 209902
        },
        "2021-11": {
            "month": "2021-11",
            "price": "236.27",
            "revenue": 229221
        },
        "2021-12": {
            "month": "2021-12",
            "price": "238.93",
            "revenue": 195317
        },
        "2022-01": {
            "month": "2022-01",
            "price": "253.00",
            "revenue": 202746
        },
        "2022-02": {
            "month": "2022-02",
            "price": "231.53",
            "revenue": 204726
        },
        "2022-03": {
            "month": "2022-03",
            "price": "214.85",
            "revenue": 203747
        },
        "2022-04": {
            "month": "2022-04",
            "price": "197.87",
            "revenue": 191166
        },
        "2022-05": {
            "month": "2022-05",
            "price": "183.12",
            "revenue": 175844
        },
        "2022-06": {
            "month": "2022-06",
            "price": "168.48",
            "revenue": 182372
        },
        "2022-07": {
            "month": "2022-07",
            "price": "138.50",
            "revenue": 163991
        },
        "2022-08": {
            "month": "2022-08",
            "price": "146.57",
            "revenue": 132720
        },
        "2022-09": {
            "month": "2022-09",
            "price": "138.12",
            "revenue": 151004
        },
        "2022-10": {
            "month": "2022-10",
            "price": "120.70",
            "revenue": 151455
        },
        "2022-11": {
            "month": "2022-11",
            "price": "130.89",
            "revenue": 156580
        },
        "2022-12": {
            "month": "2022-12",
            "price": "135.55",
            "revenue": 186029
        },
        "2023-01": {
            "month": "2023-01",
            "price": "139.62",
            "revenue": 163142
        },
        "2023-02": {
            "month": "2023-02",
            "price": "159.17",
            "revenue": 182992
        },
        "2023-03": {
            "month": "2023-03",
            "price": "182.85",
            "revenue": 184924
        },
        "2023-04": {
            "month": "2023-04",
            "price": "187.94",
            "revenue": 192225
        },
        "2023-05": {
            "month": "2023-05",
            "price": "201.16",
            "revenue": 196745
        },
        "2023-06": {
            "month": "2023-06",
            "price": "218.18",
            "revenue": 189731
        },
        "2023-07": {
            "month": "2023-07",
            "price": "228.71",
            "revenue": 166782
        },
        "2023-08": {
            "month": "2023-08",
            "price": "197.89",
            "revenue": 140806
        },
        "2023-09": {
            "month": "2023-09",
            "price": "203.88",
            "revenue": 107483
        }
    }
}
