{
    "summary": {
        "stock_name": "其陽",
        "stock_id": "3564",
        "category": "通信網路",
        "main_business": "工業級電腦主機板及相關產品之設計、製造及銷售",
        "website_url": "http://www.aewin.com",
        "ceo": "林章安",
        "pe_ratio": 62,
        "report_year_from": 2006,
        "report_year_to": 2023,
        "age": 18,
        "eps_negative_percentage": 18,
        "eps_growth_avg": {
            "last_all": -5.67,
            "last_2y": -3.46,
            "last_4y": 3.75,
            "last_8y": -8.74,
            "last_12y": null,
            "last_16y": null,
            "last_20y": null,
            "at_2006_last_3y": null,
            "at_2007_last_3y": null,
            "at_2008_last_3y": null,
            "at_2009_last_3y": null,
            "at_2010_last_3y": null,
            "at_2011_last_3y": null,
            "at_2012_last_3y": null,
            "at_2013_last_3y": null,
            "at_2014_last_3y": null,
            "at_2015_last_3y": null,
            "at_2016_last_3y": null,
            "at_2017_last_3y": -15.09,
            "at_2018_last_3y": -25.39,
            "at_2019_last_3y": -72.24,
            "at_2020_last_3y": -37.32,
            "at_2021_last_3y": 4.81,
            "at_2022_last_3y": 36.54,
            "at_2023_last_3y": 3.75,
            "at_2024_last_3y": 3.75,
            "at_2006_last_all": null,
            "at_2007_last_all": null,
            "at_2008_last_all": null,
            "at_2009_last_all": null,
            "at_2010_last_all": null,
            "at_2011_last_all": null,
            "at_2012_last_all": null,
            "at_2013_last_all": null,
            "at_2014_last_all": null,
            "at_2015_last_all": 42.06,
            "at_2016_last_all": 13.22,
            "at_2017_last_all": -15.09,
            "at_2018_last_all": -15.09,
            "at_2019_last_all": -15.09,
            "at_2020_last_all": -7,
            "at_2021_last_all": -8.45,
            "at_2022_last_all": 7.04,
            "at_2023_last_all": -5.67,
            "at_2024_last_all": -5.67
        },
        "latest_eps": 0.83,
        "latest_price": 51.8,
        "latest_roe": 3.96,
        "latest_gross_margin": 24.42,
        "latest_equity": 1241549,
        "latest_revenue": 421004,
        "latest_gross_profit": 102819,
        "latest_net_income": -13335,
        "latest_debt_ratio": 48.61,
        "latest_current_ratio": 186.61,
        "latest_account_receivable_turnover_ratio": 1.01,
        "latest_inventory_turnover_ratio": 0.44,
        "latest_reinvestment_rate": 170.77,
        "latest_research_to_sale_ratio": 10.43
    },
    "eps_dividends": {
        "2001": {
            "cash": 0,
            "stock": 0,
            "eps": 0
        },
        "2002": {
            "cash": 0,
            "stock": 0,
            "eps": 0
        },
        "2003": {
            "cash": 0,
            "stock": 0,
            "eps": 0
        },
        "2004": {
            "cash": 0,
            "stock": 0,
            "eps": 0
        },
        "2005": {
            "cash": 0,
            "stock": 0,
            "eps": 0
        },
        "2006": {
            "cash": 0,
            "stock": 0,
            "eps": 0
        },
        "2007": {
            "cash": 0.6,
            "stock": 2.21,
            "eps": 0
        },
        "2008": {
            "cash": 0.5,
            "stock": 2,
            "eps": 0
        },
        "2009": {
            "cash": 0,
            "stock": 0,
            "eps": 0
        },
        "2010": {
            "cash": 0,
            "stock": 0,
            "eps": 0
        },
        "2011": {
            "cash": 0,
            "stock": 0,
            "eps": 0
        },
        "2012": {
            "cash": 0,
            "stock": 0,
            "eps": 0
        },
        "2013": {
            "cash": 2.36,
            "stock": 0,
            "eps": 3.16
        },
        "2014": {
            "cash": 1.3,
            "stock": 0.2,
            "eps": 3.66
        },
        "2015": {
            "cash": 1.8,
            "stock": 0,
            "eps": 6.16
        },
        "2016": {
            "cash": 3,
            "stock": 0,
            "eps": 3.42
        },
        "2017": {
            "cash": 1,
            "stock": 1,
            "eps": -3.9
        },
        "2018": {
            "cash": 0,
            "stock": 0,
            "eps": -2.77
        },
        "2019": {
            "cash": 0,
            "stock": 0,
            "eps": 0.71
        },
        "2020": {
            "cash": 0.6,
            "stock": 0,
            "eps": 0.89
        },
        "2021": {
            "cash": 0.6,
            "stock": 0,
            "eps": 0.75
        },
        "2022": {
            "cash": 0.6,
            "stock": 0,
            "eps": 2.61
        },
        "2023": {
            "cash": 0.8,
            "stock": 0,
            "eps": 0.14
        }
    },
    "dividends": {
        "2007-06-29": {
            "cash": 0.6,
            "stock": 2.21
        },
        "2008-03-31": {
            "cash": 0.5,
            "stock": 2
        },
        "2013-05-07": {
            "cash": 2.36,
            "stock": 0
        },
        "2014-10-21": {
            "cash": 1.3,
            "stock": 0.2
        },
        "2015-10-23": {
            "cash": 1.8,
            "stock": 0
        },
        "2016-10-21": {
            "cash": 3,
            "stock": 0
        },
        "2017-09-30": {
            "cash": 1,
            "stock": 1
        },
        "2020-08-28": {
            "cash": 0.6,
            "stock": 0
        },
        "2021-08-17": {
            "cash": 0.6,
            "stock": 0
        },
        "2022-08-12": {
            "cash": 0.6,
            "stock": 0
        },
        "2023-08-09": {
            "cash": 0.8,
            "stock": 0
        }
    },
    "prices": {
        "200101": "無",
        "200102": "無",
        "200103": "無",
        "200104": "無",
        "200105": "無",
        "200106": "無",
        "200107": "無",
        "200108": "無",
        "200109": "無",
        "200110": "無",
        "200111": "無",
        "200112": "無",
        "200201": "無",
        "200202": "無",
        "200203": "無",
        "200204": "無",
        "200205": "無",
        "200206": "無",
        "200207": "無",
        "200208": "無",
        "200209": "無",
        "200210": "無",
        "200211": "無",
        "200212": "無",
        "200301": "無",
        "200302": "無",
        "200303": "無",
        "200304": "無",
        "200305": "無",
        "200306": "無",
        "200307": "無",
        "200308": "無",
        "200309": "無",
        "200310": "無",
        "200311": "無",
        "200312": "無",
        "200401": "無",
        "200402": "無",
        "200403": "無",
        "200404": "無",
        "200405": "無",
        "200406": "無",
        "200407": "無",
        "200408": "無",
        "200409": "無",
        "200410": "無",
        "200411": "無",
        "200412": "無",
        "200501": "無",
        "200502": "無",
        "200503": "無",
        "200504": "無",
        "200505": "無",
        "200506": "無",
        "200507": "無",
        "200508": "無",
        "200509": "無",
        "200510": "無",
        "200511": "無",
        "200512": "無",
        "200601": "無",
        "200602": "無",
        "200603": "無",
        "200604": "無",
        "200605": "無",
        "200606": "無",
        "200607": "無",
        "200608": "無",
        "200609": "無",
        "200610": "無",
        "200611": "無",
        "200612": "無",
        "200701": "無",
        "200702": "無",
        "200703": "無",
        "200704": "無",
        "200705": "無",
        "200706": "無",
        "200707": "無",
        "200708": "83.15",
        "200709": "73.48",
        "200710": "76.88",
        "200711": "70.31",
        "200712": "67.56",
        "200801": "56.02",
        "200802": "47.12",
        "200803": "40.45",
        "200804": "31.78",
        "200805": "34.21",
        "200806": "31.69",
        "200807": "26.87",
        "200808": "28.77",
        "200809": "22.68",
        "200810": "19.92",
        "200811": "17.06",
        "200812": "16.81",
        "200901": "12.48",
        "200902": "無",
        "200903": "10.84",
        "200904": "8.00",
        "200905": "7.78",
        "200906": "7.45",
        "200907": "8.77",
        "200908": "8.83",
        "200909": "7.99",
        "200910": "8.52",
        "200911": "8.86",
        "200912": "9.25",
        "201001": "9.51",
        "201002": "9.36",
        "201003": "11.40",
        "201004": "15.08",
        "201005": "13.85",
        "201006": "13.92",
        "201007": "14.02",
        "201008": "14.64",
        "201009": "13.75",
        "201010": "無",
        "201011": "12.60",
        "201012": "13.60",
        "201101": "14.28",
        "201102": "13.92",
        "201103": "14.51",
        "201104": "15.02",
        "201105": "14.98",
        "201106": "15.34",
        "201107": "15.20",
        "201108": "13.46",
        "201109": "10.37",
        "201110": "10.03",
        "201111": "9.00",
        "201112": "6.84",
        "201201": "7.04",
        "201202": "11.33",
        "201203": "12.56",
        "201204": "16.92",
        "201205": "15.96",
        "201206": "15.99",
        "201207": "21.78",
        "201208": "24.77",
        "201209": "28.15",
        "201210": "28.08",
        "201211": "28.82",
        "201212": "34.20",
        "201301": "35.23",
        "201302": "35.69",
        "201303": "43.69",
        "201304": "51.03",
        "201305": "60.58",
        "201306": "62.84",
        "201307": "56.41",
        "201308": "58.49",
        "201309": "58.38",
        "201310": "62.17",
        "201311": "56.99",
        "201312": "94.51",
        "201401": "80.42",
        "201402": "71.36",
        "201403": "78.66",
        "201404": "74.14",
        "201405": "62.43",
        "201406": "59.65",
        "201407": "53.27",
        "201408": "45.35",
        "201409": "46.61",
        "201410": "42.53",
        "201411": "48.10",
        "201412": "52.61",
        "201501": "53.70",
        "201502": "55.18",
        "201503": "58.55",
        "201504": "64.66",
        "201505": "62.02",
        "201506": "72.17",
        "201507": "64.54",
        "201508": "56.66",
        "201509": "56.20",
        "201510": "68.26",
        "201511": "69.80",
        "201512": "63.49",
        "201601": "53.94",
        "201602": "56.42",
        "201603": "60.20",
        "201604": "54.97",
        "201605": "50.75",
        "201606": "55.09",
        "201607": "57.04",
        "201608": "56.32",
        "201609": "58.06",
        "201610": "52.42",
        "201611": "46.54",
        "201612": "46.73",
        "201701": "45.32",
        "201702": "45.58",
        "201703": "42.42",
        "201704": "38.58",
        "201705": "32.36",
        "201706": "29.69",
        "201707": "29.25",
        "201708": "28.43",
        "201709": "27.86",
        "201710": "26.74",
        "201711": "27.24",
        "201712": "27.92",
        "201801": "27.78",
        "201802": "25.92",
        "201803": "23.60",
        "201804": "21.32",
        "201805": "20.17",
        "201806": "22.24",
        "201807": "21.07",
        "201808": "19.78",
        "201809": "20.09",
        "201810": "18.91",
        "201811": "17.68",
        "201812": "18.61",
        "201901": "20.74",
        "201902": "23.14",
        "201903": "24.40",
        "201904": "28.30",
        "201905": "30.39",
        "201906": "31.29",
        "201907": "38.57",
        "201908": "38.45",
        "201909": "37.86",
        "201910": "37.21",
        "201911": "36.00",
        "201912": "35.54",
        "202001": "33.69",
        "202002": "31.38",
        "202003": "25.76",
        "202004": "26.77",
        "202005": "27.72",
        "202006": "27.46",
        "202007": "27.87",
        "202008": "25.41",
        "202009": "23.87",
        "202010": "24.19",
        "202011": "23.88",
        "202012": "25.67",
        "202101": "25.53",
        "202102": "24.94",
        "202103": "24.76",
        "202104": "25.79",
        "202105": "22.78",
        "202106": "23.12",
        "202107": "23.66",
        "202108": "23.25",
        "202109": "24.21",
        "202110": "29.98",
        "202111": "27.21",
        "202112": "30.07",
        "202201": "29.72",
        "202202": "27.54",
        "202203": "25.65",
        "202204": "25.43",
        "202205": "26.52",
        "202206": "29.11",
        "202207": "29.46",
        "202208": "33.38",
        "202209": "34.31",
        "202210": "28.20",
        "202211": "29.65",
        "202212": "30.37",
        "202301": "29.53",
        "202302": "36.58",
        "202303": "38.85",
        "202304": "38.77",
        "202305": "35.50",
        "202306": "44.01",
        "202307": "60.27",
        "202308": "45.65",
        "202309": "42.75",
        "202310": "40.75",
        "202311": "41.44",
        "202312": "50.22"
    },
    "quarters": {
        "20011": {
            "year_quarter": 20011,
            "year": 2001,
            "quarter": 1,
            "eps": null,
            "eps_growth_year": null,
            "eps_4q": null,
            "eps_4q_growth_year": null,
            "roe": null,
            "roe_4q": 0,
            "gross_profit": null,
            "gross_margin": null,
            "gross_margin_4q_avg": 0,
            "net_income": null,
            "net_income_4q": null,
            "revenue": null,
            "revenue_4q": null,
            "common_shares": null,
            "book_valuer_per_share": null,
            "book_valuer_per_share_4q_avg": 0,
            "equity": null,
            "current_ratio": null,
            "debt_ratio": null,
            "inventory_turnover_ratio": null,
            "account_receivable_turnover_ratio": null,
            "reinvestment_rate": null,
            "research_to_sale_ratio": null,
            "price_fair": 0,
            "eps_avg_yearly": 0,
            "eps_latest_yearly": 0,
            "eps_growth_yearly": 0
        },
        "20012": {
            "year_quarter": 20012,
            "year": 2001,
            "quarter": 2,
            "eps": null,
            "eps_growth_year": null,
            "eps_4q": null,
            "eps_4q_growth_year": null,
            "roe": null,
            "roe_4q": 0,
            "gross_profit": null,
            "gross_margin": null,
            "gross_margin_4q_avg": 0,
            "net_income": null,
            "net_income_4q": null,
            "revenue": null,
            "revenue_4q": null,
            "common_shares": null,
            "book_valuer_per_share": null,
            "book_valuer_per_share_4q_avg": 0,
            "equity": null,
            "current_ratio": null,
            "debt_ratio": null,
            "inventory_turnover_ratio": null,
            "account_receivable_turnover_ratio": null,
            "reinvestment_rate": null,
            "research_to_sale_ratio": null,
            "price_fair": 0,
            "eps_avg_yearly": 0,
            "eps_latest_yearly": 0,
            "eps_growth_yearly": 0
        },
        "20013": {
            "year_quarter": 20013,
            "year": 2001,
            "quarter": 3,
            "eps": null,
            "eps_growth_year": null,
            "eps_4q": null,
            "eps_4q_growth_year": null,
            "roe": null,
            "roe_4q": 0,
            "gross_profit": null,
            "gross_margin": null,
            "gross_margin_4q_avg": 0,
            "net_income": null,
            "net_income_4q": null,
            "revenue": null,
            "revenue_4q": null,
            "common_shares": null,
            "book_valuer_per_share": null,
            "book_valuer_per_share_4q_avg": 0,
            "equity": null,
            "current_ratio": null,
            "debt_ratio": null,
            "inventory_turnover_ratio": null,
            "account_receivable_turnover_ratio": null,
            "reinvestment_rate": null,
            "research_to_sale_ratio": null,
            "price_fair": 0,
            "eps_avg_yearly": 0,
            "eps_latest_yearly": 0,
            "eps_growth_yearly": 0
        },
        "20014": {
            "year_quarter": 20014,
            "year": 2001,
            "quarter": 4,
            "eps": null,
            "eps_growth_year": null,
            "eps_4q": null,
            "eps_4q_growth_year": null,
            "roe": null,
            "roe_4q": 0,
            "gross_profit": null,
            "gross_margin": null,
            "gross_margin_4q_avg": 0,
            "net_income": null,
            "net_income_4q": null,
            "revenue": null,
            "revenue_4q": null,
            "common_shares": null,
            "book_valuer_per_share": null,
            "book_valuer_per_share_4q_avg": 0,
            "equity": null,
            "current_ratio": null,
            "debt_ratio": null,
            "inventory_turnover_ratio": null,
            "account_receivable_turnover_ratio": null,
            "reinvestment_rate": null,
            "research_to_sale_ratio": null,
            "price_fair": 0,
            "eps_avg_yearly": 0,
            "eps_latest_yearly": 0,
            "eps_growth_yearly": 0
        },
        "20021": {
            "year_quarter": 20021,
            "year": 2002,
            "quarter": 1,
            "eps": null,
            "eps_growth_year": null,
            "eps_4q": null,
            "eps_4q_growth_year": null,
            "roe": null,
            "roe_4q": 0,
            "gross_profit": null,
            "gross_margin": null,
            "gross_margin_4q_avg": 0,
            "net_income": null,
            "net_income_4q": null,
            "revenue": null,
            "revenue_4q": null,
            "common_shares": null,
            "book_valuer_per_share": null,
            "book_valuer_per_share_4q_avg": 0,
            "equity": null,
            "current_ratio": null,
            "debt_ratio": null,
            "inventory_turnover_ratio": null,
            "account_receivable_turnover_ratio": null,
            "reinvestment_rate": null,
            "research_to_sale_ratio": null,
            "price_fair": 0,
            "eps_avg_yearly": 0,
            "eps_latest_yearly": 0,
            "eps_growth_yearly": 0
        },
        "20022": {
            "year_quarter": 20022,
            "year": 2002,
            "quarter": 2,
            "eps": null,
            "eps_growth_year": null,
            "eps_4q": null,
            "eps_4q_growth_year": null,
            "roe": null,
            "roe_4q": 0,
            "gross_profit": null,
            "gross_margin": null,
            "gross_margin_4q_avg": 0,
            "net_income": null,
            "net_income_4q": null,
            "revenue": null,
            "revenue_4q": null,
            "common_shares": null,
            "book_valuer_per_share": null,
            "book_valuer_per_share_4q_avg": 0,
            "equity": null,
            "current_ratio": null,
            "debt_ratio": null,
            "inventory_turnover_ratio": null,
            "account_receivable_turnover_ratio": null,
            "reinvestment_rate": null,
            "research_to_sale_ratio": null,
            "price_fair": 0,
            "eps_avg_yearly": 0,
            "eps_latest_yearly": 0,
            "eps_growth_yearly": 0
        },
        "20023": {
            "year_quarter": 20023,
            "year": 2002,
            "quarter": 3,
            "eps": null,
            "eps_growth_year": null,
            "eps_4q": null,
            "eps_4q_growth_year": null,
            "roe": null,
            "roe_4q": 0,
            "gross_profit": null,
            "gross_margin": null,
            "gross_margin_4q_avg": 0,
            "net_income": null,
            "net_income_4q": null,
            "revenue": null,
            "revenue_4q": null,
            "common_shares": null,
            "book_valuer_per_share": null,
            "book_valuer_per_share_4q_avg": 0,
            "equity": null,
            "current_ratio": null,
            "debt_ratio": null,
            "inventory_turnover_ratio": null,
            "account_receivable_turnover_ratio": null,
            "reinvestment_rate": null,
            "research_to_sale_ratio": null,
            "price_fair": 0,
            "eps_avg_yearly": 0,
            "eps_latest_yearly": 0,
            "eps_growth_yearly": 0
        },
        "20024": {
            "year_quarter": 20024,
            "year": 2002,
            "quarter": 4,
            "eps": null,
            "eps_growth_year": null,
            "eps_4q": null,
            "eps_4q_growth_year": null,
            "roe": null,
            "roe_4q": 0,
            "gross_profit": null,
            "gross_margin": null,
            "gross_margin_4q_avg": 0,
            "net_income": null,
            "net_income_4q": null,
            "revenue": null,
            "revenue_4q": null,
            "common_shares": 25000,
            "book_valuer_per_share": 7.58,
            "book_valuer_per_share_4q_avg": 1.9,
            "equity": 18959,
            "current_ratio": 144.8,
            "debt_ratio": 65.99,
            "inventory_turnover_ratio": null,
            "account_receivable_turnover_ratio": null,
            "reinvestment_rate": null,
            "research_to_sale_ratio": null,
            "price_fair": 0,
            "eps_avg_yearly": 0,
            "eps_latest_yearly": 0,
            "eps_growth_yearly": 0
        },
        "20031": {
            "year_quarter": 20031,
            "year": 2003,
            "quarter": 1,
            "eps": null,
            "eps_growth_year": null,
            "eps_4q": null,
            "eps_4q_growth_year": null,
            "roe": null,
            "roe_4q": 0,
            "gross_profit": null,
            "gross_margin": null,
            "gross_margin_4q_avg": 0,
            "net_income": null,
            "net_income_4q": null,
            "revenue": null,
            "revenue_4q": null,
            "common_shares": null,
            "book_valuer_per_share": null,
            "book_valuer_per_share_4q_avg": 1.9,
            "equity": null,
            "current_ratio": null,
            "debt_ratio": null,
            "inventory_turnover_ratio": null,
            "account_receivable_turnover_ratio": null,
            "reinvestment_rate": null,
            "research_to_sale_ratio": null,
            "price_fair": 0,
            "eps_avg_yearly": 0,
            "eps_latest_yearly": 0,
            "eps_growth_yearly": 0
        },
        "20032": {
            "year_quarter": 20032,
            "year": 2003,
            "quarter": 2,
            "eps": null,
            "eps_growth_year": null,
            "eps_4q": null,
            "eps_4q_growth_year": null,
            "roe": null,
            "roe_4q": 0,
            "gross_profit": null,
            "gross_margin": null,
            "gross_margin_4q_avg": 0,
            "net_income": null,
            "net_income_4q": null,
            "revenue": null,
            "revenue_4q": null,
            "common_shares": null,
            "book_valuer_per_share": null,
            "book_valuer_per_share_4q_avg": 1.9,
            "equity": null,
            "current_ratio": null,
            "debt_ratio": null,
            "inventory_turnover_ratio": null,
            "account_receivable_turnover_ratio": null,
            "reinvestment_rate": null,
            "research_to_sale_ratio": null,
            "price_fair": 0,
            "eps_avg_yearly": 0,
            "eps_latest_yearly": 0,
            "eps_growth_yearly": 0
        },
        "20033": {
            "year_quarter": 20033,
            "year": 2003,
            "quarter": 3,
            "eps": null,
            "eps_growth_year": null,
            "eps_4q": null,
            "eps_4q_growth_year": null,
            "roe": null,
            "roe_4q": 0,
            "gross_profit": null,
            "gross_margin": null,
            "gross_margin_4q_avg": 0,
            "net_income": null,
            "net_income_4q": null,
            "revenue": null,
            "revenue_4q": null,
            "common_shares": null,
            "book_valuer_per_share": null,
            "book_valuer_per_share_4q_avg": 1.9,
            "equity": null,
            "current_ratio": null,
            "debt_ratio": null,
            "inventory_turnover_ratio": null,
            "account_receivable_turnover_ratio": null,
            "reinvestment_rate": null,
            "research_to_sale_ratio": null,
            "price_fair": 0,
            "eps_avg_yearly": 0,
            "eps_latest_yearly": 0,
            "eps_growth_yearly": 0
        },
        "20034": {
            "year_quarter": 20034,
            "year": 2003,
            "quarter": 4,
            "eps": null,
            "eps_growth_year": null,
            "eps_4q": null,
            "eps_4q_growth_year": null,
            "roe": null,
            "roe_4q": 0,
            "gross_profit": null,
            "gross_margin": null,
            "gross_margin_4q_avg": 0,
            "net_income": null,
            "net_income_4q": null,
            "revenue": null,
            "revenue_4q": null,
            "common_shares": 26000,
            "book_valuer_per_share": 13.6,
            "book_valuer_per_share_4q_avg": 3.4,
            "equity": 35355,
            "current_ratio": 187.21,
            "debt_ratio": 54.17,
            "inventory_turnover_ratio": null,
            "account_receivable_turnover_ratio": null,
            "reinvestment_rate": null,
            "research_to_sale_ratio": null,
            "price_fair": 0,
            "eps_avg_yearly": 0,
            "eps_latest_yearly": 0,
            "eps_growth_yearly": 0
        },
        "20041": {
            "year_quarter": 20041,
            "year": 2004,
            "quarter": 1,
            "eps": null,
            "eps_growth_year": null,
            "eps_4q": null,
            "eps_4q_growth_year": null,
            "roe": null,
            "roe_4q": 0,
            "gross_profit": null,
            "gross_margin": null,
            "gross_margin_4q_avg": 0,
            "net_income": null,
            "net_income_4q": null,
            "revenue": null,
            "revenue_4q": null,
            "common_shares": null,
            "book_valuer_per_share": null,
            "book_valuer_per_share_4q_avg": 3.4,
            "equity": null,
            "current_ratio": null,
            "debt_ratio": null,
            "inventory_turnover_ratio": null,
            "account_receivable_turnover_ratio": null,
            "reinvestment_rate": null,
            "research_to_sale_ratio": null,
            "price_fair": 0,
            "eps_avg_yearly": 0,
            "eps_latest_yearly": 0,
            "eps_growth_yearly": 0
        },
        "20042": {
            "year_quarter": 20042,
            "year": 2004,
            "quarter": 2,
            "eps": null,
            "eps_growth_year": null,
            "eps_4q": null,
            "eps_4q_growth_year": null,
            "roe": null,
            "roe_4q": 0,
            "gross_profit": null,
            "gross_margin": null,
            "gross_margin_4q_avg": 0,
            "net_income": null,
            "net_income_4q": null,
            "revenue": null,
            "revenue_4q": null,
            "common_shares": null,
            "book_valuer_per_share": null,
            "book_valuer_per_share_4q_avg": 3.4,
            "equity": null,
            "current_ratio": null,
            "debt_ratio": null,
            "inventory_turnover_ratio": null,
            "account_receivable_turnover_ratio": null,
            "reinvestment_rate": null,
            "research_to_sale_ratio": null,
            "price_fair": 0,
            "eps_avg_yearly": 0,
            "eps_latest_yearly": 0,
            "eps_growth_yearly": 0
        },
        "20043": {
            "year_quarter": 20043,
            "year": 2004,
            "quarter": 3,
            "eps": null,
            "eps_growth_year": null,
            "eps_4q": null,
            "eps_4q_growth_year": null,
            "roe": null,
            "roe_4q": 0,
            "gross_profit": null,
            "gross_margin": null,
            "gross_margin_4q_avg": 0,
            "net_income": null,
            "net_income_4q": null,
            "revenue": null,
            "revenue_4q": null,
            "common_shares": null,
            "book_valuer_per_share": null,
            "book_valuer_per_share_4q_avg": 3.4,
            "equity": null,
            "current_ratio": null,
            "debt_ratio": null,
            "inventory_turnover_ratio": null,
            "account_receivable_turnover_ratio": null,
            "reinvestment_rate": null,
            "research_to_sale_ratio": null,
            "price_fair": 0,
            "eps_avg_yearly": 0,
            "eps_latest_yearly": 0,
            "eps_growth_yearly": 0
        },
        "20044": {
            "year_quarter": 20044,
            "year": 2004,
            "quarter": 4,
            "eps": null,
            "eps_growth_year": null,
            "eps_4q": null,
            "eps_4q_growth_year": null,
            "roe": null,
            "roe_4q": 0,
            "gross_profit": null,
            "gross_margin": null,
            "gross_margin_4q_avg": 0,
            "net_income": null,
            "net_income_4q": null,
            "revenue": null,
            "revenue_4q": null,
            "common_shares": 78419,
            "book_valuer_per_share": 11.84,
            "book_valuer_per_share_4q_avg": 2.96,
            "equity": 92840,
            "current_ratio": 248.91,
            "debt_ratio": 39.49,
            "inventory_turnover_ratio": null,
            "account_receivable_turnover_ratio": null,
            "reinvestment_rate": null,
            "research_to_sale_ratio": null,
            "price_fair": 0,
            "eps_avg_yearly": 0,
            "eps_latest_yearly": 0,
            "eps_growth_yearly": 0
        },
        "20051": {
            "year_quarter": 20051,
            "year": 2005,
            "quarter": 1,
            "eps": null,
            "eps_growth_year": null,
            "eps_4q": null,
            "eps_4q_growth_year": null,
            "roe": null,
            "roe_4q": 0,
            "gross_profit": null,
            "gross_margin": null,
            "gross_margin_4q_avg": 0,
            "net_income": null,
            "net_income_4q": null,
            "revenue": null,
            "revenue_4q": null,
            "common_shares": null,
            "book_valuer_per_share": null,
            "book_valuer_per_share_4q_avg": 2.96,
            "equity": null,
            "current_ratio": null,
            "debt_ratio": null,
            "inventory_turnover_ratio": null,
            "account_receivable_turnover_ratio": null,
            "reinvestment_rate": null,
            "research_to_sale_ratio": null,
            "price_fair": 0,
            "eps_avg_yearly": 0,
            "eps_latest_yearly": 0,
            "eps_growth_yearly": 0
        },
        "20052": {
            "year_quarter": 20052,
            "year": 2005,
            "quarter": 2,
            "eps": null,
            "eps_growth_year": null,
            "eps_4q": null,
            "eps_4q_growth_year": null,
            "roe": null,
            "roe_4q": 0,
            "gross_profit": null,
            "gross_margin": null,
            "gross_margin_4q_avg": 0,
            "net_income": null,
            "net_income_4q": null,
            "revenue": null,
            "revenue_4q": null,
            "common_shares": null,
            "book_valuer_per_share": null,
            "book_valuer_per_share_4q_avg": 2.96,
            "equity": null,
            "current_ratio": null,
            "debt_ratio": null,
            "inventory_turnover_ratio": null,
            "account_receivable_turnover_ratio": null,
            "reinvestment_rate": null,
            "research_to_sale_ratio": null,
            "price_fair": 0,
            "eps_avg_yearly": 0,
            "eps_latest_yearly": 0,
            "eps_growth_yearly": 0
        },
        "20053": {
            "year_quarter": 20053,
            "year": 2005,
            "quarter": 3,
            "eps": null,
            "eps_growth_year": null,
            "eps_4q": null,
            "eps_4q_growth_year": null,
            "roe": null,
            "roe_4q": 0,
            "gross_profit": null,
            "gross_margin": null,
            "gross_margin_4q_avg": 0,
            "net_income": null,
            "net_income_4q": null,
            "revenue": null,
            "revenue_4q": null,
            "common_shares": null,
            "book_valuer_per_share": null,
            "book_valuer_per_share_4q_avg": 2.96,
            "equity": null,
            "current_ratio": null,
            "debt_ratio": null,
            "inventory_turnover_ratio": null,
            "account_receivable_turnover_ratio": null,
            "reinvestment_rate": null,
            "research_to_sale_ratio": null,
            "price_fair": 0,
            "eps_avg_yearly": 0,
            "eps_latest_yearly": 0,
            "eps_growth_yearly": 0
        },
        "20054": {
            "year_quarter": 20054,
            "year": 2005,
            "quarter": 4,
            "eps": null,
            "eps_growth_year": null,
            "eps_4q": null,
            "eps_4q_growth_year": null,
            "roe": null,
            "roe_4q": 0,
            "gross_profit": null,
            "gross_margin": null,
            "gross_margin_4q_avg": 0,
            "net_income": null,
            "net_income_4q": null,
            "revenue": null,
            "revenue_4q": null,
            "common_shares": 78419,
            "book_valuer_per_share": 13.12,
            "book_valuer_per_share_4q_avg": 3.28,
            "equity": 102847,
            "current_ratio": 312.06,
            "debt_ratio": 31.14,
            "inventory_turnover_ratio": null,
            "account_receivable_turnover_ratio": null,
            "reinvestment_rate": null,
            "research_to_sale_ratio": null,
            "price_fair": 0,
            "eps_avg_yearly": 0,
            "eps_latest_yearly": 0,
            "eps_growth_yearly": 0
        },
        "20061": {
            "year_quarter": 20061,
            "year": 2006,
            "quarter": 1,
            "eps": null,
            "eps_growth_year": null,
            "eps_4q": null,
            "eps_4q_growth_year": null,
            "roe": null,
            "roe_4q": 0,
            "gross_profit": null,
            "gross_margin": null,
            "gross_margin_4q_avg": 0,
            "net_income": null,
            "net_income_4q": null,
            "revenue": null,
            "revenue_4q": null,
            "common_shares": null,
            "book_valuer_per_share": null,
            "book_valuer_per_share_4q_avg": 3.28,
            "equity": null,
            "current_ratio": null,
            "debt_ratio": null,
            "inventory_turnover_ratio": null,
            "account_receivable_turnover_ratio": null,
            "reinvestment_rate": null,
            "research_to_sale_ratio": null,
            "price_fair": 0,
            "eps_avg_yearly": 0,
            "eps_latest_yearly": 0,
            "eps_growth_yearly": 0
        },
        "20062": {
            "year_quarter": 20062,
            "year": 2006,
            "quarter": 2,
            "eps": null,
            "eps_growth_year": null,
            "eps_4q": null,
            "eps_4q_growth_year": null,
            "roe": null,
            "roe_4q": 0,
            "gross_profit": null,
            "gross_margin": null,
            "gross_margin_4q_avg": 0,
            "net_income": null,
            "net_income_4q": null,
            "revenue": null,
            "revenue_4q": null,
            "common_shares": null,
            "book_valuer_per_share": null,
            "book_valuer_per_share_4q_avg": 3.28,
            "equity": null,
            "current_ratio": null,
            "debt_ratio": null,
            "inventory_turnover_ratio": null,
            "account_receivable_turnover_ratio": null,
            "reinvestment_rate": null,
            "research_to_sale_ratio": null,
            "price_fair": 0,
            "eps_avg_yearly": 0,
            "eps_latest_yearly": 0,
            "eps_growth_yearly": 0
        },
        "20063": {
            "year_quarter": 20063,
            "year": 2006,
            "quarter": 3,
            "eps": null,
            "eps_growth_year": null,
            "eps_4q": null,
            "eps_4q_growth_year": null,
            "roe": null,
            "roe_4q": 0,
            "gross_profit": null,
            "gross_margin": null,
            "gross_margin_4q_avg": 0,
            "net_income": null,
            "net_income_4q": null,
            "revenue": null,
            "revenue_4q": null,
            "common_shares": null,
            "book_valuer_per_share": null,
            "book_valuer_per_share_4q_avg": 3.28,
            "equity": null,
            "current_ratio": null,
            "debt_ratio": null,
            "inventory_turnover_ratio": null,
            "account_receivable_turnover_ratio": null,
            "reinvestment_rate": null,
            "research_to_sale_ratio": null,
            "price_fair": 0,
            "eps_avg_yearly": 0,
            "eps_latest_yearly": 0,
            "eps_growth_yearly": 0
        },
        "20064": {
            "year_quarter": 20064,
            "year": 2006,
            "quarter": 4,
            "eps": null,
            "eps_growth_year": null,
            "eps_4q": null,
            "eps_4q_growth_year": null,
            "roe": null,
            "roe_4q": 0,
            "gross_profit": null,
            "gross_margin": null,
            "gross_margin_4q_avg": 0,
            "net_income": null,
            "net_income_4q": null,
            "revenue": null,
            "revenue_4q": null,
            "common_shares": 78419,
            "book_valuer_per_share": 16.32,
            "book_valuer_per_share_4q_avg": 4.08,
            "equity": 127953,
            "current_ratio": 312.23,
            "debt_ratio": 30.88,
            "inventory_turnover_ratio": null,
            "account_receivable_turnover_ratio": null,
            "reinvestment_rate": null,
            "research_to_sale_ratio": null,
            "price_fair": 0,
            "eps_avg_yearly": 0,
            "eps_latest_yearly": 0,
            "eps_growth_yearly": 0
        },
        "20071": {
            "year_quarter": 20071,
            "year": 2007,
            "quarter": 1,
            "eps": null,
            "eps_growth_year": null,
            "eps_4q": null,
            "eps_4q_growth_year": null,
            "roe": null,
            "roe_4q": 0,
            "gross_profit": null,
            "gross_margin": null,
            "gross_margin_4q_avg": 0,
            "net_income": null,
            "net_income_4q": null,
            "revenue": null,
            "revenue_4q": null,
            "common_shares": null,
            "book_valuer_per_share": null,
            "book_valuer_per_share_4q_avg": 4.08,
            "equity": null,
            "current_ratio": null,
            "debt_ratio": null,
            "inventory_turnover_ratio": null,
            "account_receivable_turnover_ratio": null,
            "reinvestment_rate": null,
            "research_to_sale_ratio": null,
            "price_fair": 0,
            "eps_avg_yearly": 0,
            "eps_latest_yearly": 0,
            "eps_growth_yearly": 0
        },
        "20072": {
            "year_quarter": 20072,
            "year": 2007,
            "quarter": 2,
            "eps": null,
            "eps_growth_year": null,
            "eps_4q": null,
            "eps_4q_growth_year": null,
            "roe": null,
            "roe_4q": 0,
            "gross_profit": null,
            "gross_margin": null,
            "gross_margin_4q_avg": 0,
            "net_income": null,
            "net_income_4q": null,
            "revenue": null,
            "revenue_4q": null,
            "common_shares": null,
            "book_valuer_per_share": null,
            "book_valuer_per_share_4q_avg": 4.08,
            "equity": null,
            "current_ratio": null,
            "debt_ratio": null,
            "inventory_turnover_ratio": null,
            "account_receivable_turnover_ratio": null,
            "reinvestment_rate": null,
            "research_to_sale_ratio": null,
            "price_fair": 0,
            "eps_avg_yearly": 0,
            "eps_latest_yearly": 0,
            "eps_growth_yearly": 0
        },
        "20073": {
            "year_quarter": 20073,
            "year": 2007,
            "quarter": 3,
            "eps": null,
            "eps_growth_year": null,
            "eps_4q": null,
            "eps_4q_growth_year": null,
            "roe": null,
            "roe_4q": 0,
            "gross_profit": null,
            "gross_margin": null,
            "gross_margin_4q_avg": 0,
            "net_income": null,
            "net_income_4q": null,
            "revenue": null,
            "revenue_4q": null,
            "common_shares": null,
            "book_valuer_per_share": null,
            "book_valuer_per_share_4q_avg": 4.08,
            "equity": null,
            "current_ratio": null,
            "debt_ratio": null,
            "inventory_turnover_ratio": null,
            "account_receivable_turnover_ratio": null,
            "reinvestment_rate": null,
            "research_to_sale_ratio": null,
            "price_fair": 0,
            "eps_avg_yearly": 0,
            "eps_latest_yearly": 0,
            "eps_growth_yearly": 0
        },
        "20074": {
            "year_quarter": 20074,
            "year": 2007,
            "quarter": 4,
            "eps": null,
            "eps_growth_year": null,
            "eps_4q": null,
            "eps_4q_growth_year": null,
            "roe": null,
            "roe_4q": 0,
            "gross_profit": null,
            "gross_margin": null,
            "gross_margin_4q_avg": 0,
            "net_income": null,
            "net_income_4q": null,
            "revenue": null,
            "revenue_4q": null,
            "common_shares": 136370,
            "book_valuer_per_share": 18.58,
            "book_valuer_per_share_4q_avg": 4.65,
            "equity": 253430,
            "current_ratio": 474.18,
            "debt_ratio": 18.54,
            "inventory_turnover_ratio": null,
            "account_receivable_turnover_ratio": null,
            "reinvestment_rate": null,
            "research_to_sale_ratio": null,
            "price_fair": 0,
            "eps_avg_yearly": 0,
            "eps_latest_yearly": 0,
            "eps_growth_yearly": 0
        },
        "20081": {
            "year_quarter": 20081,
            "year": 2008,
            "quarter": 1,
            "eps": null,
            "eps_growth_year": null,
            "eps_4q": null,
            "eps_4q_growth_year": null,
            "roe": null,
            "roe_4q": 0,
            "gross_profit": null,
            "gross_margin": null,
            "gross_margin_4q_avg": 0,
            "net_income": null,
            "net_income_4q": null,
            "revenue": null,
            "revenue_4q": null,
            "common_shares": null,
            "book_valuer_per_share": null,
            "book_valuer_per_share_4q_avg": 4.65,
            "equity": null,
            "current_ratio": null,
            "debt_ratio": null,
            "inventory_turnover_ratio": null,
            "account_receivable_turnover_ratio": null,
            "reinvestment_rate": null,
            "research_to_sale_ratio": null,
            "price_fair": 0,
            "eps_avg_yearly": 0,
            "eps_latest_yearly": 0,
            "eps_growth_yearly": 0
        },
        "20082": {
            "year_quarter": 20082,
            "year": 2008,
            "quarter": 2,
            "eps": null,
            "eps_growth_year": null,
            "eps_4q": null,
            "eps_4q_growth_year": null,
            "roe": null,
            "roe_4q": 0,
            "gross_profit": null,
            "gross_margin": null,
            "gross_margin_4q_avg": 0,
            "net_income": null,
            "net_income_4q": null,
            "revenue": null,
            "revenue_4q": null,
            "common_shares": null,
            "book_valuer_per_share": null,
            "book_valuer_per_share_4q_avg": 4.65,
            "equity": null,
            "current_ratio": null,
            "debt_ratio": null,
            "inventory_turnover_ratio": null,
            "account_receivable_turnover_ratio": null,
            "reinvestment_rate": null,
            "research_to_sale_ratio": null,
            "price_fair": 0,
            "eps_avg_yearly": 0,
            "eps_latest_yearly": 0,
            "eps_growth_yearly": 0
        },
        "20083": {
            "year_quarter": 20083,
            "year": 2008,
            "quarter": 3,
            "eps": null,
            "eps_growth_year": null,
            "eps_4q": null,
            "eps_4q_growth_year": null,
            "roe": null,
            "roe_4q": 0,
            "gross_profit": null,
            "gross_margin": null,
            "gross_margin_4q_avg": 0,
            "net_income": null,
            "net_income_4q": null,
            "revenue": null,
            "revenue_4q": null,
            "common_shares": null,
            "book_valuer_per_share": null,
            "book_valuer_per_share_4q_avg": 4.65,
            "equity": null,
            "current_ratio": null,
            "debt_ratio": null,
            "inventory_turnover_ratio": null,
            "account_receivable_turnover_ratio": null,
            "reinvestment_rate": null,
            "research_to_sale_ratio": null,
            "price_fair": 0,
            "eps_avg_yearly": 0,
            "eps_latest_yearly": 0,
            "eps_growth_yearly": 0
        },
        "20084": {
            "year_quarter": 20084,
            "year": 2008,
            "quarter": 4,
            "eps": null,
            "eps_growth_year": null,
            "eps_4q": null,
            "eps_4q_growth_year": null,
            "roe": null,
            "roe_4q": 0,
            "gross_profit": null,
            "gross_margin": null,
            "gross_margin_4q_avg": 0,
            "net_income": null,
            "net_income_4q": null,
            "revenue": null,
            "revenue_4q": null,
            "common_shares": 172644,
            "book_valuer_per_share": 11.99,
            "book_valuer_per_share_4q_avg": 3,
            "equity": 206990,
            "current_ratio": 378.68,
            "debt_ratio": 22.4,
            "inventory_turnover_ratio": null,
            "account_receivable_turnover_ratio": null,
            "reinvestment_rate": null,
            "research_to_sale_ratio": null,
            "price_fair": 0,
            "eps_avg_yearly": 0,
            "eps_latest_yearly": 0,
            "eps_growth_yearly": 0
        },
        "20091": {
            "year_quarter": 20091,
            "year": 2009,
            "quarter": 1,
            "eps": null,
            "eps_growth_year": null,
            "eps_4q": null,
            "eps_4q_growth_year": null,
            "roe": null,
            "roe_4q": 0,
            "gross_profit": null,
            "gross_margin": null,
            "gross_margin_4q_avg": 0,
            "net_income": null,
            "net_income_4q": null,
            "revenue": null,
            "revenue_4q": null,
            "common_shares": null,
            "book_valuer_per_share": null,
            "book_valuer_per_share_4q_avg": 3,
            "equity": null,
            "current_ratio": null,
            "debt_ratio": null,
            "inventory_turnover_ratio": null,
            "account_receivable_turnover_ratio": null,
            "reinvestment_rate": null,
            "research_to_sale_ratio": null,
            "price_fair": 0,
            "eps_avg_yearly": 0,
            "eps_latest_yearly": 0,
            "eps_growth_yearly": 0
        },
        "20092": {
            "year_quarter": 20092,
            "year": 2009,
            "quarter": 2,
            "eps": null,
            "eps_growth_year": null,
            "eps_4q": null,
            "eps_4q_growth_year": null,
            "roe": null,
            "roe_4q": 0,
            "gross_profit": null,
            "gross_margin": null,
            "gross_margin_4q_avg": 0,
            "net_income": null,
            "net_income_4q": null,
            "revenue": null,
            "revenue_4q": null,
            "common_shares": 172644,
            "book_valuer_per_share": null,
            "book_valuer_per_share_4q_avg": 3,
            "equity": 200422,
            "current_ratio": null,
            "debt_ratio": null,
            "inventory_turnover_ratio": null,
            "account_receivable_turnover_ratio": null,
            "reinvestment_rate": null,
            "research_to_sale_ratio": null,
            "price_fair": 0,
            "eps_avg_yearly": 0,
            "eps_latest_yearly": 0,
            "eps_growth_yearly": 0
        },
        "20093": {
            "year_quarter": 20093,
            "year": 2009,
            "quarter": 3,
            "eps": null,
            "eps_growth_year": null,
            "eps_4q": null,
            "eps_4q_growth_year": null,
            "roe": null,
            "roe_4q": 0,
            "gross_profit": null,
            "gross_margin": null,
            "gross_margin_4q_avg": 0,
            "net_income": null,
            "net_income_4q": null,
            "revenue": null,
            "revenue_4q": null,
            "common_shares": null,
            "book_valuer_per_share": null,
            "book_valuer_per_share_4q_avg": 3,
            "equity": null,
            "current_ratio": null,
            "debt_ratio": null,
            "inventory_turnover_ratio": null,
            "account_receivable_turnover_ratio": null,
            "reinvestment_rate": null,
            "research_to_sale_ratio": null,
            "price_fair": 0,
            "eps_avg_yearly": 0,
            "eps_latest_yearly": 0,
            "eps_growth_yearly": 0
        },
        "20094": {
            "year_quarter": 20094,
            "year": 2009,
            "quarter": 4,
            "eps": null,
            "eps_growth_year": null,
            "eps_4q": null,
            "eps_4q_growth_year": null,
            "roe": null,
            "roe_4q": 0,
            "gross_profit": null,
            "gross_margin": null,
            "gross_margin_4q_avg": 0,
            "net_income": null,
            "net_income_4q": null,
            "revenue": null,
            "revenue_4q": null,
            "common_shares": 172644,
            "book_valuer_per_share": 11.1,
            "book_valuer_per_share_4q_avg": 2.78,
            "equity": 191637,
            "current_ratio": 313.66,
            "debt_ratio": 27.55,
            "inventory_turnover_ratio": null,
            "account_receivable_turnover_ratio": null,
            "reinvestment_rate": null,
            "research_to_sale_ratio": null,
            "price_fair": 0,
            "eps_avg_yearly": 0,
            "eps_latest_yearly": 0,
            "eps_growth_yearly": 0
        },
        "20101": {
            "year_quarter": 20101,
            "year": 2010,
            "quarter": 1,
            "eps": null,
            "eps_growth_year": null,
            "eps_4q": null,
            "eps_4q_growth_year": null,
            "roe": null,
            "roe_4q": 0,
            "gross_profit": null,
            "gross_margin": null,
            "gross_margin_4q_avg": 0,
            "net_income": null,
            "net_income_4q": null,
            "revenue": null,
            "revenue_4q": null,
            "common_shares": null,
            "book_valuer_per_share": null,
            "book_valuer_per_share_4q_avg": 2.78,
            "equity": null,
            "current_ratio": null,
            "debt_ratio": null,
            "inventory_turnover_ratio": null,
            "account_receivable_turnover_ratio": null,
            "reinvestment_rate": null,
            "research_to_sale_ratio": null,
            "price_fair": 0,
            "eps_avg_yearly": 0,
            "eps_latest_yearly": 0,
            "eps_growth_yearly": 0
        },
        "20102": {
            "year_quarter": 20102,
            "year": 2010,
            "quarter": 2,
            "eps": null,
            "eps_growth_year": null,
            "eps_4q": null,
            "eps_4q_growth_year": null,
            "roe": null,
            "roe_4q": 0,
            "gross_profit": null,
            "gross_margin": null,
            "gross_margin_4q_avg": 0,
            "net_income": null,
            "net_income_4q": null,
            "revenue": null,
            "revenue_4q": null,
            "common_shares": 172644,
            "book_valuer_per_share": 10.6,
            "book_valuer_per_share_4q_avg": 5.43,
            "equity": 182970,
            "current_ratio": 223.17,
            "debt_ratio": 35.41,
            "inventory_turnover_ratio": null,
            "account_receivable_turnover_ratio": null,
            "reinvestment_rate": null,
            "research_to_sale_ratio": null,
            "price_fair": 0,
            "eps_avg_yearly": 0,
            "eps_latest_yearly": 0,
            "eps_growth_yearly": 0
        },
        "20103": {
            "year_quarter": 20103,
            "year": 2010,
            "quarter": 3,
            "eps": null,
            "eps_growth_year": null,
            "eps_4q": null,
            "eps_4q_growth_year": null,
            "roe": null,
            "roe_4q": 0,
            "gross_profit": null,
            "gross_margin": null,
            "gross_margin_4q_avg": 0,
            "net_income": null,
            "net_income_4q": null,
            "revenue": null,
            "revenue_4q": null,
            "common_shares": null,
            "book_valuer_per_share": null,
            "book_valuer_per_share_4q_avg": 5.43,
            "equity": null,
            "current_ratio": null,
            "debt_ratio": null,
            "inventory_turnover_ratio": null,
            "account_receivable_turnover_ratio": null,
            "reinvestment_rate": null,
            "research_to_sale_ratio": null,
            "price_fair": 0,
            "eps_avg_yearly": 0,
            "eps_latest_yearly": 0,
            "eps_growth_yearly": 0
        },
        "20104": {
            "year_quarter": 20104,
            "year": 2010,
            "quarter": 4,
            "eps": null,
            "eps_growth_year": null,
            "eps_4q": null,
            "eps_4q_growth_year": null,
            "roe": null,
            "roe_4q": 0,
            "gross_profit": null,
            "gross_margin": null,
            "gross_margin_4q_avg": 0,
            "net_income": null,
            "net_income_4q": null,
            "revenue": null,
            "revenue_4q": null,
            "common_shares": 172644,
            "book_valuer_per_share": 11.15,
            "book_valuer_per_share_4q_avg": 5.44,
            "equity": 192412,
            "current_ratio": 206.82,
            "debt_ratio": 39.61,
            "inventory_turnover_ratio": null,
            "account_receivable_turnover_ratio": null,
            "reinvestment_rate": null,
            "research_to_sale_ratio": null,
            "price_fair": 0,
            "eps_avg_yearly": 0,
            "eps_latest_yearly": 0,
            "eps_growth_yearly": 0
        },
        "20111": {
            "year_quarter": 20111,
            "year": 2011,
            "quarter": 1,
            "eps": null,
            "eps_growth_year": null,
            "eps_4q": null,
            "eps_4q_growth_year": null,
            "roe": null,
            "roe_4q": 0,
            "gross_profit": null,
            "gross_margin": null,
            "gross_margin_4q_avg": 0,
            "net_income": null,
            "net_income_4q": null,
            "revenue": null,
            "revenue_4q": null,
            "common_shares": null,
            "book_valuer_per_share": null,
            "book_valuer_per_share_4q_avg": 5.44,
            "equity": null,
            "current_ratio": null,
            "debt_ratio": null,
            "inventory_turnover_ratio": null,
            "account_receivable_turnover_ratio": null,
            "reinvestment_rate": null,
            "research_to_sale_ratio": null,
            "price_fair": 0,
            "eps_avg_yearly": 0,
            "eps_latest_yearly": 0,
            "eps_growth_yearly": 0
        },
        "20112": {
            "year_quarter": 20112,
            "year": 2011,
            "quarter": 2,
            "eps": null,
            "eps_growth_year": null,
            "eps_4q": null,
            "eps_4q_growth_year": null,
            "roe": null,
            "roe_4q": 0,
            "gross_profit": null,
            "gross_margin": null,
            "gross_margin_4q_avg": 0,
            "net_income": null,
            "net_income_4q": null,
            "revenue": null,
            "revenue_4q": null,
            "common_shares": 172644,
            "book_valuer_per_share": 10.37,
            "book_valuer_per_share_4q_avg": 5.38,
            "equity": 179040,
            "current_ratio": 176.74,
            "debt_ratio": 46.26,
            "inventory_turnover_ratio": null,
            "account_receivable_turnover_ratio": null,
            "reinvestment_rate": null,
            "research_to_sale_ratio": null,
            "price_fair": 0,
            "eps_avg_yearly": 0,
            "eps_latest_yearly": 0,
            "eps_growth_yearly": 0
        },
        "20113": {
            "year_quarter": 20113,
            "year": 2011,
            "quarter": 3,
            "eps": null,
            "eps_growth_year": null,
            "eps_4q": null,
            "eps_4q_growth_year": null,
            "roe": null,
            "roe_4q": 0,
            "gross_profit": null,
            "gross_margin": null,
            "gross_margin_4q_avg": 0,
            "net_income": null,
            "net_income_4q": null,
            "revenue": null,
            "revenue_4q": null,
            "common_shares": null,
            "book_valuer_per_share": null,
            "book_valuer_per_share_4q_avg": 5.38,
            "equity": null,
            "current_ratio": null,
            "debt_ratio": null,
            "inventory_turnover_ratio": null,
            "account_receivable_turnover_ratio": null,
            "reinvestment_rate": null,
            "research_to_sale_ratio": null,
            "price_fair": 0,
            "eps_avg_yearly": 0,
            "eps_latest_yearly": 0,
            "eps_growth_yearly": 0
        },
        "20114": {
            "year_quarter": 20114,
            "year": 2011,
            "quarter": 4,
            "eps": null,
            "eps_growth_year": null,
            "eps_4q": null,
            "eps_4q_growth_year": null,
            "roe": null,
            "roe_4q": 0,
            "gross_profit": null,
            "gross_margin": null,
            "gross_margin_4q_avg": 0,
            "net_income": null,
            "net_income_4q": null,
            "revenue": null,
            "revenue_4q": null,
            "common_shares": 172644,
            "book_valuer_per_share": 11.92,
            "book_valuer_per_share_4q_avg": 5.57,
            "equity": 205735,
            "current_ratio": 194.83,
            "debt_ratio": 43.9,
            "inventory_turnover_ratio": null,
            "account_receivable_turnover_ratio": null,
            "reinvestment_rate": null,
            "research_to_sale_ratio": null,
            "price_fair": 0,
            "eps_avg_yearly": 0,
            "eps_latest_yearly": 0,
            "eps_growth_yearly": 0
        },
        "20121": {
            "year_quarter": 20121,
            "year": 2012,
            "quarter": 1,
            "eps": null,
            "eps_growth_year": null,
            "eps_4q": null,
            "eps_4q_growth_year": null,
            "roe": null,
            "roe_4q": 0,
            "gross_profit": 45007,
            "gross_margin": null,
            "gross_margin_4q_avg": 0,
            "net_income": 6912,
            "net_income_4q": null,
            "revenue": 155981,
            "revenue_4q": null,
            "common_shares": 172644,
            "book_valuer_per_share": null,
            "book_valuer_per_share_4q_avg": 5.57,
            "equity": 209197,
            "current_ratio": null,
            "debt_ratio": null,
            "inventory_turnover_ratio": null,
            "account_receivable_turnover_ratio": null,
            "reinvestment_rate": null,
            "research_to_sale_ratio": null,
            "price_fair": 0,
            "eps_avg_yearly": 0,
            "eps_latest_yearly": 0,
            "eps_growth_yearly": 0
        },
        "20122": {
            "year_quarter": 20122,
            "year": 2012,
            "quarter": 2,
            "eps": null,
            "eps_growth_year": null,
            "eps_4q": null,
            "eps_4q_growth_year": null,
            "roe": null,
            "roe_4q": 0,
            "gross_profit": 49819,
            "gross_margin": null,
            "gross_margin_4q_avg": 0,
            "net_income": 6925,
            "net_income_4q": null,
            "revenue": 185817,
            "revenue_4q": null,
            "common_shares": 172644,
            "book_valuer_per_share": 12.68,
            "book_valuer_per_share_4q_avg": 6.15,
            "equity": 218879,
            "current_ratio": 205.82,
            "debt_ratio": 41.54,
            "inventory_turnover_ratio": null,
            "account_receivable_turnover_ratio": null,
            "reinvestment_rate": null,
            "research_to_sale_ratio": null,
            "price_fair": 0,
            "eps_avg_yearly": 0,
            "eps_latest_yearly": 0,
            "eps_growth_yearly": 0
        },
        "20123": {
            "year_quarter": 20123,
            "year": 2012,
            "quarter": 3,
            "eps": null,
            "eps_growth_year": null,
            "eps_4q": null,
            "eps_4q_growth_year": null,
            "roe": null,
            "roe_4q": 0,
            "gross_profit": 73952,
            "gross_margin": null,
            "gross_margin_4q_avg": 0,
            "net_income": 22709,
            "net_income_4q": null,
            "revenue": 240409,
            "revenue_4q": null,
            "common_shares": 172644,
            "book_valuer_per_share": null,
            "book_valuer_per_share_4q_avg": 6.15,
            "equity": 237587,
            "current_ratio": null,
            "debt_ratio": null,
            "inventory_turnover_ratio": null,
            "account_receivable_turnover_ratio": null,
            "reinvestment_rate": null,
            "research_to_sale_ratio": null,
            "price_fair": 0,
            "eps_avg_yearly": 0,
            "eps_latest_yearly": 0,
            "eps_growth_yearly": 0
        },
        "20124": {
            "year_quarter": 20124,
            "year": 2012,
            "quarter": 4,
            "eps": null,
            "eps_growth_year": null,
            "eps_4q": null,
            "eps_4q_growth_year": null,
            "roe": null,
            "roe_4q": 0,
            "gross_profit": 83947,
            "gross_margin": null,
            "gross_margin_4q_avg": 0,
            "net_income": 33515,
            "net_income_4q": null,
            "revenue": 293672,
            "revenue_4q": null,
            "common_shares": 172644,
            "book_valuer_per_share": 15.84,
            "book_valuer_per_share_4q_avg": 7.13,
            "equity": 273525,
            "current_ratio": 211.95,
            "debt_ratio": 43.12,
            "inventory_turnover_ratio": null,
            "account_receivable_turnover_ratio": null,
            "reinvestment_rate": null,
            "research_to_sale_ratio": null,
            "price_fair": 0,
            "eps_avg_yearly": 0,
            "eps_latest_yearly": 0,
            "eps_growth_yearly": 0
        },
        "20131": {
            "year_quarter": 20131,
            "year": 2013,
            "quarter": 1,
            "eps": 1.37,
            "eps_growth_year": null,
            "eps_4q": 1.37,
            "eps_4q_growth_year": null,
            "roe": 8.32,
            "roe_4q": 8.32,
            "gross_profit": 65807,
            "gross_margin": 29.31,
            "gross_margin_4q_avg": 7.33,
            "net_income": 23671,
            "net_income_4q": null,
            "revenue": 224535,
            "revenue_4q": null,
            "common_shares": 172644,
            "book_valuer_per_share": 17.14,
            "book_valuer_per_share_4q_avg": 11.42,
            "equity": 295835,
            "current_ratio": 242.84,
            "debt_ratio": 37.21,
            "inventory_turnover_ratio": 0.78,
            "account_receivable_turnover_ratio": 1.04,
            "reinvestment_rate": null,
            "research_to_sale_ratio": 8,
            "price_fair": 0,
            "eps_avg_yearly": 0,
            "eps_latest_yearly": 0,
            "eps_growth_yearly": 0
        },
        "20132": {
            "year_quarter": 20132,
            "year": 2013,
            "quarter": 2,
            "eps": 1.14,
            "eps_growth_year": null,
            "eps_4q": 2.51,
            "eps_4q_growth_year": null,
            "roe": 6.88,
            "roe_4q": 15.2,
            "gross_profit": 68443,
            "gross_margin": 27.78,
            "gross_margin_4q_avg": 14.27,
            "net_income": 19662,
            "net_income_4q": null,
            "revenue": 246376,
            "revenue_4q": null,
            "common_shares": 172644,
            "book_valuer_per_share": 15.97,
            "book_valuer_per_share_4q_avg": 12.24,
            "equity": 275716,
            "current_ratio": 216.56,
            "debt_ratio": 42.15,
            "inventory_turnover_ratio": 0.89,
            "account_receivable_turnover_ratio": 1.64,
            "reinvestment_rate": null,
            "research_to_sale_ratio": 7.17,
            "price_fair": 13.68,
            "eps_avg_yearly": 4.56,
            "eps_latest_yearly": 4.56,
            "eps_growth_yearly": -67.15
        },
        "20133": {
            "year_quarter": 20133,
            "year": 2013,
            "quarter": 3,
            "eps": 0.58,
            "eps_growth_year": null,
            "eps_4q": 3.09,
            "eps_4q_growth_year": null,
            "roe": 3.57,
            "roe_4q": 18.77,
            "gross_profit": 59453,
            "gross_margin": 28.4,
            "gross_margin_4q_avg": 21.37,
            "net_income": 10013,
            "net_income_4q": null,
            "revenue": 209366,
            "revenue_4q": null,
            "common_shares": 172644,
            "book_valuer_per_share": 16.52,
            "book_valuer_per_share_4q_avg": 16.37,
            "equity": 285244,
            "current_ratio": 256.82,
            "debt_ratio": 34.86,
            "inventory_turnover_ratio": 0.79,
            "account_receivable_turnover_ratio": 1.63,
            "reinvestment_rate": null,
            "research_to_sale_ratio": 8.14,
            "price_fair": 10.32,
            "eps_avg_yearly": 3.44,
            "eps_latest_yearly": 2.32,
            "eps_growth_yearly": -131.82
        },
        "20134": {
            "year_quarter": 20134,
            "year": 2013,
            "quarter": 4,
            "eps": 0.07,
            "eps_growth_year": null,
            "eps_4q": 2.74,
            "eps_4q_growth_year": null,
            "roe": 0.4,
            "roe_4q": 19.17,
            "gross_profit": 66358,
            "gross_margin": 23.09,
            "gross_margin_4q_avg": 27.15,
            "net_income": 1371,
            "net_income_4q": null,
            "revenue": 287340,
            "revenue_4q": null,
            "common_shares": 200000,
            "book_valuer_per_share": 20.14,
            "book_valuer_per_share_4q_avg": 17.44,
            "equity": 402777,
            "current_ratio": 326.84,
            "debt_ratio": 29.07,
            "inventory_turnover_ratio": 1.35,
            "account_receivable_turnover_ratio": 1.98,
            "reinvestment_rate": null,
            "research_to_sale_ratio": 7.6,
            "price_fair": 7.16,
            "eps_avg_yearly": 2.39,
            "eps_latest_yearly": 0.28,
            "eps_growth_yearly": -205.12
        },
        "20141": {
            "year_quarter": 20141,
            "year": 2014,
            "quarter": 1,
            "eps": 0.02,
            "eps_growth_year": -98.54,
            "eps_4q": 1.58,
            "eps_4q_growth_year": 14.94,
            "roe": 0.12,
            "roe_4q": 10.969999999999999,
            "gross_profit": 50533,
            "gross_margin": 27.66,
            "gross_margin_4q_avg": 26.73,
            "net_income": 473,
            "net_income_4q": null,
            "revenue": 182677,
            "revenue_4q": null,
            "common_shares": 200000,
            "book_valuer_per_share": 20.2,
            "book_valuer_per_share_4q_avg": 18.21,
            "equity": 403958,
            "current_ratio": 291.23,
            "debt_ratio": 32.63,
            "inventory_turnover_ratio": 0.82,
            "account_receivable_turnover_ratio": 1.26,
            "reinvestment_rate": null,
            "research_to_sale_ratio": 11.69,
            "price_fair": 5.43,
            "eps_avg_yearly": 1.81,
            "eps_latest_yearly": 0.08,
            "eps_growth_yearly": -225.27
        },
        "20142": {
            "year_quarter": 20142,
            "year": 2014,
            "quarter": 2,
            "eps": 0.28,
            "eps_growth_year": -75.44,
            "eps_4q": 0.85,
            "eps_4q_growth_year": -66.04,
            "roe": 1.41,
            "roe_4q": 5.5,
            "gross_profit": 59104,
            "gross_margin": 25.43,
            "gross_margin_4q_avg": 26.15,
            "net_income": 5530,
            "net_income_4q": null,
            "revenue": 232415,
            "revenue_4q": null,
            "common_shares": 200000,
            "book_valuer_per_share": 19.12,
            "book_valuer_per_share_4q_avg": 19,
            "equity": 382408,
            "current_ratio": 243.61,
            "debt_ratio": 36.56,
            "inventory_turnover_ratio": 0.92,
            "account_receivable_turnover_ratio": 1.78,
            "reinvestment_rate": null,
            "research_to_sale_ratio": 7.92,
            "price_fair": 58.52,
            "eps_avg_yearly": 1.67,
            "eps_latest_yearly": 1.12,
            "eps_growth_yearly": 859.78
        },
        "20143": {
            "year_quarter": 20143,
            "year": 2014,
            "quarter": 3,
            "eps": 0.76,
            "eps_growth_year": 31.03,
            "eps_4q": 1.12,
            "eps_4q_growth_year": -63.8,
            "roe": 3.95,
            "roe_4q": 5.880000000000001,
            "gross_profit": 67424,
            "gross_margin": 27.48,
            "gross_margin_4q_avg": 25.92,
            "net_income": 15442,
            "net_income_4q": null,
            "revenue": 245319,
            "revenue_4q": null,
            "common_shares": 204000,
            "book_valuer_per_share": 19.59,
            "book_valuer_per_share_4q_avg": 19.76,
            "equity": 399625,
            "current_ratio": 247.38,
            "debt_ratio": 35.56,
            "inventory_turnover_ratio": 0.89,
            "account_receivable_turnover_ratio": 1.65,
            "reinvestment_rate": null,
            "research_to_sale_ratio": 8.76,
            "price_fair": 66.5,
            "eps_avg_yearly": 1.9,
            "eps_latest_yearly": 3.04,
            "eps_growth_yearly": 830.77
        },
        "20144": {
            "year_quarter": 20144,
            "year": 2014,
            "quarter": 4,
            "eps": 2.6,
            "eps_growth_year": 3695.21,
            "eps_4q": 3.65,
            "eps_4q_growth_year": 33.52,
            "roe": 12.39,
            "roe_4q": 17.87,
            "gross_profit": 107648,
            "gross_margin": 30.47,
            "gross_margin_4q_avg": 27.76,
            "net_income": 53073,
            "net_income_4q": null,
            "revenue": 353279,
            "revenue_4q": null,
            "common_shares": 204000,
            "book_valuer_per_share": 22.4,
            "book_valuer_per_share_4q_avg": 20.33,
            "equity": 456928,
            "current_ratio": 259.45,
            "debt_ratio": 34.46,
            "inventory_turnover_ratio": 1.19,
            "account_receivable_turnover_ratio": 1.62,
            "reinvestment_rate": null,
            "research_to_sale_ratio": 6.14,
            "price_fair": 109,
            "eps_avg_yearly": 3.11,
            "eps_latest_yearly": 10.4,
            "eps_growth_yearly": 850.44
        },
        "20151": {
            "year_quarter": 20151,
            "year": 2015,
            "quarter": 1,
            "eps": 0.61,
            "eps_growth_year": 2950,
            "eps_4q": 4.24,
            "eps_4q_growth_year": 169.06,
            "roe": 2.69,
            "roe_4q": 20.44,
            "gross_profit": 81171,
            "gross_margin": 28.57,
            "gross_margin_4q_avg": 27.99,
            "net_income": 12455,
            "net_income_4q": null,
            "revenue": 284108,
            "revenue_4q": null,
            "common_shares": 204000,
            "book_valuer_per_share": 22.99,
            "book_valuer_per_share_4q_avg": 21.03,
            "equity": 468943,
            "current_ratio": 259.5,
            "debt_ratio": 34.55,
            "inventory_turnover_ratio": 0.94,
            "account_receivable_turnover_ratio": 1.32,
            "reinvestment_rate": null,
            "research_to_sale_ratio": 7.43,
            "price_fair": 106.05,
            "eps_avg_yearly": 3.03,
            "eps_latest_yearly": 2.44,
            "eps_growth_yearly": 705.86
        },
        "20152": {
            "year_quarter": 20152,
            "year": 2015,
            "quarter": 2,
            "eps": 2.5,
            "eps_growth_year": 792.86,
            "eps_4q": 6.47,
            "eps_4q_growth_year": 658.64,
            "roe": 10.7,
            "roe_4q": 29.73,
            "gross_profit": 126861,
            "gross_margin": 32.88,
            "gross_margin_4q_avg": 29.85,
            "net_income": 50934,
            "net_income_4q": null,
            "revenue": 385812,
            "revenue_4q": null,
            "common_shares": 204000,
            "book_valuer_per_share": 23.68,
            "book_valuer_per_share_4q_avg": 22.17,
            "equity": 482980,
            "current_ratio": 245.68,
            "debt_ratio": 36.9,
            "inventory_turnover_ratio": 1.11,
            "account_receivable_turnover_ratio": 1.76,
            "reinvestment_rate": null,
            "research_to_sale_ratio": 5.35,
            "price_fair": 133.16,
            "eps_avg_yearly": 3.8,
            "eps_latest_yearly": 10,
            "eps_growth_yearly": 765.14
        },
        "20153": {
            "year_quarter": 20153,
            "year": 2015,
            "quarter": 3,
            "eps": 1.9,
            "eps_growth_year": 150,
            "eps_4q": 7.62,
            "eps_4q_growth_year": 580.96,
            "roe": 7.72,
            "roe_4q": 33.5,
            "gross_profit": 90366,
            "gross_margin": 27.88,
            "gross_margin_4q_avg": 29.95,
            "net_income": 38906,
            "net_income_4q": null,
            "revenue": 324162,
            "revenue_4q": null,
            "common_shares": 204000,
            "book_valuer_per_share": 25.72,
            "book_valuer_per_share_4q_avg": 23.7,
            "equity": 524641,
            "current_ratio": 220.48,
            "debt_ratio": 49.57,
            "inventory_turnover_ratio": 1.1,
            "account_receivable_turnover_ratio": 1.36,
            "reinvestment_rate": null,
            "research_to_sale_ratio": 6.88,
            "price_fair": 146.44,
            "eps_avg_yearly": 4.18,
            "eps_latest_yearly": 7.6,
            "eps_growth_yearly": 679.02
        },
        "20154": {
            "year_quarter": 20154,
            "year": 2015,
            "quarter": 4,
            "eps": 1.15,
            "eps_growth_year": -55.84,
            "eps_4q": 6.16,
            "eps_4q_growth_year": 68.72,
            "roe": 4.35,
            "roe_4q": 25.46,
            "gross_profit": 107768,
            "gross_margin": 32.38,
            "gross_margin_4q_avg": 30.43,
            "net_income": 23435,
            "net_income_4q": null,
            "revenue": 332779,
            "revenue_4q": null,
            "common_shares": 204000,
            "book_valuer_per_share": 27.09,
            "book_valuer_per_share_4q_avg": 24.87,
            "equity": 552540,
            "current_ratio": 205.98,
            "debt_ratio": 49.6,
            "inventory_turnover_ratio": 1.1,
            "account_receivable_turnover_ratio": 1.78,
            "reinvestment_rate": 125.18,
            "research_to_sale_ratio": 8.34,
            "price_fair": 147.76,
            "eps_avg_yearly": 4.22,
            "eps_latest_yearly": 4.6,
            "eps_growth_yearly": 602.94
        },
        "20161": {
            "year_quarter": 20161,
            "year": 2016,
            "quarter": 1,
            "eps": 0.6,
            "eps_growth_year": -1.64,
            "eps_4q": 6.15,
            "eps_4q_growth_year": 45.1,
            "roe": 2.19,
            "roe_4q": 24.959999999999997,
            "gross_profit": 84157,
            "gross_margin": 28.69,
            "gross_margin_4q_avg": 30.46,
            "net_income": 12238,
            "net_income_4q": null,
            "revenue": 293355,
            "revenue_4q": null,
            "common_shares": 204000,
            "book_valuer_per_share": 27.67,
            "book_valuer_per_share_4q_avg": 26.04,
            "equity": 564558,
            "current_ratio": 238.19,
            "debt_ratio": 45.45,
            "inventory_turnover_ratio": 0.99,
            "account_receivable_turnover_ratio": 1.8,
            "reinvestment_rate": 145.88,
            "research_to_sale_ratio": 10.73,
            "price_fair": 142.45,
            "eps_avg_yearly": 4.07,
            "eps_latest_yearly": 2.4,
            "eps_growth_yearly": 536.75
        },
        "20162": {
            "year_quarter": 20162,
            "year": 2016,
            "quarter": 2,
            "eps": 1.41,
            "eps_growth_year": -43.6,
            "eps_4q": 5.07,
            "eps_4q_growth_year": -21.61,
            "roe": 5.26,
            "roe_4q": 19.52,
            "gross_profit": 100322,
            "gross_margin": 30.31,
            "gross_margin_4q_avg": 29.82,
            "net_income": 28823,
            "net_income_4q": null,
            "revenue": 330965,
            "revenue_4q": null,
            "common_shares": 204000,
            "book_valuer_per_share": 26.07,
            "book_valuer_per_share_4q_avg": 26.64,
            "equity": 531741,
            "current_ratio": 181.53,
            "debt_ratio": 52.24,
            "inventory_turnover_ratio": 1.07,
            "account_receivable_turnover_ratio": 2.04,
            "reinvestment_rate": 118.33,
            "research_to_sale_ratio": 10.16,
            "price_fair": 146.68,
            "eps_avg_yearly": 4.19,
            "eps_latest_yearly": 5.64,
            "eps_growth_yearly": 537
        },
        "20163": {
            "year_quarter": 20163,
            "year": 2016,
            "quarter": 3,
            "eps": 0.68,
            "eps_growth_year": -64.21,
            "eps_4q": 3.83,
            "eps_4q_growth_year": -49.66,
            "roe": 2.59,
            "roe_4q": 14.389999999999999,
            "gross_profit": 100714,
            "gross_margin": 29.82,
            "gross_margin_4q_avg": 30.3,
            "net_income": 13996,
            "net_income_4q": null,
            "revenue": 337749,
            "revenue_4q": null,
            "common_shares": 204750,
            "book_valuer_per_share": 26.8,
            "book_valuer_per_share_4q_avg": 26.91,
            "equity": 548809,
            "current_ratio": 190.56,
            "debt_ratio": 50.55,
            "inventory_turnover_ratio": 1.07,
            "account_receivable_turnover_ratio": 1.89,
            "reinvestment_rate": 136.5,
            "research_to_sale_ratio": 10.58,
            "price_fair": 143,
            "eps_avg_yearly": 4.09,
            "eps_latest_yearly": 2.72,
            "eps_growth_yearly": 483.85
        },
        "20164": {
            "year_quarter": 20164,
            "year": 2016,
            "quarter": 4,
            "eps": 0.73,
            "eps_growth_year": -36.83,
            "eps_4q": 3.41,
            "eps_4q_growth_year": -44.61,
            "roe": 2.67,
            "roe_4q": 12.709999999999999,
            "gross_profit": 89899,
            "gross_margin": 27.55,
            "gross_margin_4q_avg": 29.09,
            "net_income": 14863,
            "net_income_4q": null,
            "revenue": 326338,
            "revenue_4q": null,
            "common_shares": 204810,
            "book_valuer_per_share": 27.54,
            "book_valuer_per_share_4q_avg": 27.02,
            "equity": 564106,
            "current_ratio": 126.19,
            "debt_ratio": 45.78,
            "inventory_turnover_ratio": 1.17,
            "account_receivable_turnover_ratio": 1.83,
            "reinvestment_rate": 125.01,
            "research_to_sale_ratio": 11.27,
            "price_fair": 140.28,
            "eps_avg_yearly": 4.01,
            "eps_latest_yearly": 2.92,
            "eps_growth_yearly": 453.56
        },
        "20171": {
            "year_quarter": 20171,
            "year": 2017,
            "quarter": 1,
            "eps": -1.78,
            "eps_growth_year": -396.67,
            "eps_4q": 1.04,
            "eps_4q_growth_year": -83.1,
            "roe": -6.68,
            "roe_4q": 3.84,
            "gross_profit": 54084,
            "gross_margin": 25.08,
            "gross_margin_4q_avg": 28.19,
            "net_income": -36388,
            "net_income_4q": null,
            "revenue": 215677,
            "revenue_4q": null,
            "common_shares": 204810,
            "book_valuer_per_share": 25.68,
            "book_valuer_per_share_4q_avg": 26.52,
            "equity": 526001,
            "current_ratio": 116.39,
            "debt_ratio": 46.29,
            "inventory_turnover_ratio": 0.79,
            "account_receivable_turnover_ratio": 1.41,
            "reinvestment_rate": 166.35,
            "research_to_sale_ratio": 16.91,
            "price_fair": 140.28,
            "eps_avg_yearly": 4.01,
            "eps_latest_yearly": 2.92,
            "eps_growth_yearly": 453.56
        },
        "20172": {
            "year_quarter": 20172,
            "year": 2017,
            "quarter": 2,
            "eps": -1.03,
            "eps_growth_year": -173.05,
            "eps_4q": -1.27,
            "eps_4q_growth_year": -125.14,
            "roe": -4.18,
            "roe_4q": -5.6,
            "gross_profit": 48161,
            "gross_margin": 22.49,
            "gross_margin_4q_avg": 26.24,
            "net_income": -21179,
            "net_income_4q": null,
            "revenue": 214127,
            "revenue_4q": null,
            "common_shares": 204810,
            "book_valuer_per_share": 23.76,
            "book_valuer_per_share_4q_avg": 25.95,
            "equity": 486699,
            "current_ratio": 104.11,
            "debt_ratio": 50.07,
            "inventory_turnover_ratio": 0.73,
            "account_receivable_turnover_ratio": 1.6,
            "reinvestment_rate": 199.46,
            "research_to_sale_ratio": 16.81,
            "price_fair": 138.9,
            "eps_avg_yearly": 3.97,
            "eps_latest_yearly": 2.92,
            "eps_growth_yearly": 490.75
        },
        "20173": {
            "year_quarter": 20173,
            "year": 2017,
            "quarter": 3,
            "eps": -0.77,
            "eps_growth_year": -213.24,
            "eps_4q": -2.67,
            "eps_4q_growth_year": -169.58,
            "roe": -3.63,
            "roe_4q": -11.819999999999999,
            "gross_profit": 51857,
            "gross_margin": 21.64,
            "gross_margin_4q_avg": 24.19,
            "net_income": -17392,
            "net_income_4q": null,
            "revenue": 239618,
            "revenue_4q": null,
            "common_shares": 225291,
            "book_valuer_per_share": 20.91,
            "book_valuer_per_share_4q_avg": 24.47,
            "equity": 471146,
            "current_ratio": 101.12,
            "debt_ratio": 56.28,
            "inventory_turnover_ratio": 0.7,
            "account_receivable_turnover_ratio": 1.72,
            "reinvestment_rate": 224.11,
            "research_to_sale_ratio": 15.52,
            "price_fair": 143.34,
            "eps_avg_yearly": 4.1,
            "eps_latest_yearly": 2.92,
            "eps_growth_yearly": 543.62
        },
        "20174": {
            "year_quarter": 20174,
            "year": 2017,
            "quarter": 4,
            "eps": -0.32,
            "eps_growth_year": -144.75,
            "eps_4q": -3.65,
            "eps_4q_growth_year": -206.97,
            "roe": -1.56,
            "roe_4q": -16.049999999999997,
            "gross_profit": 83990,
            "gross_margin": 25.06,
            "gross_margin_4q_avg": 23.57,
            "net_income": -7316,
            "net_income_4q": null,
            "revenue": 335125,
            "revenue_4q": null,
            "common_shares": 225291,
            "book_valuer_per_share": 20.62,
            "book_valuer_per_share_4q_avg": 22.74,
            "equity": 464638,
            "current_ratio": 133.75,
            "debt_ratio": 60.17,
            "inventory_turnover_ratio": 0.8,
            "account_receivable_turnover_ratio": 1.77,
            "reinvestment_rate": 238.79,
            "research_to_sale_ratio": 11.45,
            "price_fair": 154.47,
            "eps_avg_yearly": 4.41,
            "eps_latest_yearly": 2.92,
            "eps_growth_yearly": 618.23
        },
        "20181": {
            "year_quarter": 20181,
            "year": 2018,
            "quarter": 1,
            "eps": -1.29,
            "eps_growth_year": null,
            "eps_4q": -3.33,
            "eps_4q_growth_year": -420,
            "roe": -6.44,
            "roe_4q": -15.809999999999999,
            "gross_profit": 44197,
            "gross_margin": 20.48,
            "gross_margin_4q_avg": 22.42,
            "net_income": -29067,
            "net_income_4q": null,
            "revenue": 215754,
            "revenue_4q": null,
            "common_shares": 225291,
            "book_valuer_per_share": 19.42,
            "book_valuer_per_share_4q_avg": 21.18,
            "equity": 437601,
            "current_ratio": 132.03,
            "debt_ratio": 59.27,
            "inventory_turnover_ratio": 0.53,
            "account_receivable_turnover_ratio": 1.02,
            "reinvestment_rate": 279.73,
            "research_to_sale_ratio": 17.75,
            "price_fair": 168.25,
            "eps_avg_yearly": 4.81,
            "eps_latest_yearly": 2.92,
            "eps_growth_yearly": 700.4
        },
        "20182": {
            "year_quarter": 20182,
            "year": 2018,
            "quarter": 2,
            "eps": -1.51,
            "eps_growth_year": null,
            "eps_4q": -3.9,
            "eps_4q_growth_year": null,
            "roe": -8.1,
            "roe_4q": -19.729999999999997,
            "gross_profit": 35059,
            "gross_margin": 17.43,
            "gross_margin_4q_avg": 21.15,
            "net_income": -34081,
            "net_income_4q": null,
            "revenue": 201132,
            "revenue_4q": null,
            "common_shares": 225291,
            "book_valuer_per_share": 17.94,
            "book_valuer_per_share_4q_avg": 19.72,
            "equity": 404238,
            "current_ratio": 126.57,
            "debt_ratio": 60.09,
            "inventory_turnover_ratio": 0.5,
            "account_receivable_turnover_ratio": 1.38,
            "reinvestment_rate": 366.23,
            "research_to_sale_ratio": 19.06,
            "price_fair": 181.16,
            "eps_avg_yearly": 5.18,
            "eps_latest_yearly": 2.92,
            "eps_growth_yearly": 250.44
        },
        "20183": {
            "year_quarter": 20183,
            "year": 2018,
            "quarter": 3,
            "eps": -0.38,
            "eps_growth_year": null,
            "eps_4q": -2.84,
            "eps_4q_growth_year": null,
            "roe": -2.31,
            "roe_4q": -18.41,
            "gross_profit": 80766,
            "gross_margin": 25.42,
            "gross_margin_4q_avg": 22.1,
            "net_income": -10441,
            "net_income_4q": null,
            "revenue": 317698,
            "revenue_4q": null,
            "common_shares": 285291,
            "book_valuer_per_share": 17.47,
            "book_valuer_per_share_4q_avg": 18.86,
            "equity": 498283,
            "current_ratio": 148.78,
            "debt_ratio": 54.88,
            "inventory_turnover_ratio": 0.7,
            "account_receivable_turnover_ratio": 1.95,
            "reinvestment_rate": 420.59,
            "research_to_sale_ratio": 12.14,
            "price_fair": 189.47,
            "eps_avg_yearly": 5.41,
            "eps_latest_yearly": 2.92,
            "eps_growth_yearly": 202.08
        },
        "20184": {
            "year_quarter": 20184,
            "year": 2018,
            "quarter": 4,
            "eps": 0.41,
            "eps_growth_year": null,
            "eps_4q": -2.17,
            "eps_4q_growth_year": null,
            "roe": 2.31,
            "roe_4q": -14.54,
            "gross_profit": 105357,
            "gross_margin": 26.49,
            "gross_margin_4q_avg": 22.46,
            "net_income": 11650,
            "net_income_4q": null,
            "revenue": 397697,
            "revenue_4q": null,
            "common_shares": 285291,
            "book_valuer_per_share": 17.88,
            "book_valuer_per_share_4q_avg": 18.18,
            "equity": 510049,
            "current_ratio": 149.51,
            "debt_ratio": 59.24,
            "inventory_turnover_ratio": 0.82,
            "account_receivable_turnover_ratio": 1.5,
            "reinvestment_rate": 739.62,
            "research_to_sale_ratio": 9.87,
            "price_fair": 167.65,
            "eps_avg_yearly": 4.79,
            "eps_latest_yearly": 2.92,
            "eps_growth_yearly": 106.29
        },
        "20191": {
            "year_quarter": 20191,
            "year": 2019,
            "quarter": 1,
            "eps": -0.27,
            "eps_growth_year": null,
            "eps_4q": -0.74,
            "eps_4q_growth_year": null,
            "roe": -1.33,
            "roe_4q": -9.43,
            "gross_profit": 74462,
            "gross_margin": 27.4,
            "gross_margin_4q_avg": 24.19,
            "net_income": -10404,
            "net_income_4q": null,
            "revenue": 271731,
            "revenue_4q": null,
            "common_shares": 585291,
            "book_valuer_per_share": 18.02,
            "book_valuer_per_share_4q_avg": 17.83,
            "equity": 1054881,
            "current_ratio": 520.27,
            "debt_ratio": 28.83,
            "inventory_turnover_ratio": 0.54,
            "account_receivable_turnover_ratio": 1.07,
            "reinvestment_rate": 1317.86,
            "research_to_sale_ratio": 12.02,
            "price_fair": 179.4,
            "eps_avg_yearly": 5.13,
            "eps_latest_yearly": 2.92,
            "eps_growth_yearly": 165.21
        },
        "20192": {
            "year_quarter": 20192,
            "year": 2019,
            "quarter": 2,
            "eps": 0.1,
            "eps_growth_year": null,
            "eps_4q": -0.05,
            "eps_4q_growth_year": null,
            "roe": 0.58,
            "roe_4q": -0.75,
            "gross_profit": 92563,
            "gross_margin": 28.06,
            "gross_margin_4q_avg": 26.84,
            "net_income": 6143,
            "net_income_4q": null,
            "revenue": 329845,
            "revenue_4q": null,
            "common_shares": 587131,
            "book_valuer_per_share": 18.16,
            "book_valuer_per_share_4q_avg": 17.88,
            "equity": 1066305,
            "current_ratio": 344.93,
            "debt_ratio": 19.6,
            "inventory_turnover_ratio": 0.7,
            "account_receivable_turnover_ratio": 1.67,
            "reinvestment_rate": null,
            "research_to_sale_ratio": 11.07,
            "price_fair": 12.94,
            "eps_avg_yearly": 4.31,
            "eps_latest_yearly": 2.92,
            "eps_growth_yearly": -13.81
        },
        "20193": {
            "year_quarter": 20193,
            "year": 2019,
            "quarter": 3,
            "eps": 0.34,
            "eps_growth_year": null,
            "eps_4q": 0.46,
            "eps_4q_growth_year": null,
            "roe": 1.84,
            "roe_4q": 3.4,
            "gross_profit": 110092,
            "gross_margin": 28.22,
            "gross_margin_4q_avg": 27.54,
            "net_income": 19943,
            "net_income_4q": null,
            "revenue": 390114,
            "revenue_4q": null,
            "common_shares": 591231,
            "book_valuer_per_share": 18.58,
            "book_valuer_per_share_4q_avg": 18.16,
            "equity": 1098359,
            "current_ratio": 240.24,
            "debt_ratio": 29.44,
            "inventory_turnover_ratio": 0.79,
            "account_receivable_turnover_ratio": 1.45,
            "reinvestment_rate": null,
            "research_to_sale_ratio": 9.48,
            "price_fair": 114.57,
            "eps_avg_yearly": 3.27,
            "eps_latest_yearly": 1.36,
            "eps_growth_yearly": 162.19
        },
        "20194": {
            "year_quarter": 20194,
            "year": 2019,
            "quarter": 4,
            "eps": 0.54,
            "eps_growth_year": 32.48,
            "eps_4q": 0.81,
            "eps_4q_growth_year": null,
            "roe": 2.87,
            "roe_4q": 3.96,
            "gross_profit": 123658,
            "gross_margin": 23.53,
            "gross_margin_4q_avg": 26.8,
            "net_income": 31984,
            "net_income_4q": null,
            "revenue": 525633,
            "revenue_4q": null,
            "common_shares": 591231,
            "book_valuer_per_share": 19.09,
            "book_valuer_per_share_4q_avg": 18.46,
            "equity": 1128569,
            "current_ratio": 229.7,
            "debt_ratio": 31.07,
            "inventory_turnover_ratio": 0.95,
            "account_receivable_turnover_ratio": 1.45,
            "reinvestment_rate": null,
            "research_to_sale_ratio": 7.57,
            "price_fair": 100.33,
            "eps_avg_yearly": 2.87,
            "eps_latest_yearly": 2.16,
            "eps_growth_yearly": 227.72
        },
        "20201": {
            "year_quarter": 20201,
            "year": 2020,
            "quarter": 1,
            "eps": 0.05,
            "eps_growth_year": null,
            "eps_4q": 1.03,
            "eps_4q_growth_year": null,
            "roe": 0.26,
            "roe_4q": 5.55,
            "gross_profit": 111172,
            "gross_margin": 26.07,
            "gross_margin_4q_avg": 26.47,
            "net_income": 2990,
            "net_income_4q": null,
            "revenue": 426513,
            "revenue_4q": null,
            "common_shares": 591231,
            "book_valuer_per_share": 19.14,
            "book_valuer_per_share_4q_avg": 18.74,
            "equity": 1131649,
            "current_ratio": 233.36,
            "debt_ratio": 30.49,
            "inventory_turnover_ratio": 0.67,
            "account_receivable_turnover_ratio": 1.14,
            "reinvestment_rate": null,
            "research_to_sale_ratio": 8.21,
            "price_fair": 87.5,
            "eps_avg_yearly": 2.5,
            "eps_latest_yearly": 0.2,
            "eps_growth_yearly": 199.11
        },
        "20202": {
            "year_quarter": 20202,
            "year": 2020,
            "quarter": 2,
            "eps": 0.09,
            "eps_growth_year": -10,
            "eps_4q": 1.02,
            "eps_4q_growth_year": null,
            "roe": 0.49,
            "roe_4q": 5.46,
            "gross_profit": 100971,
            "gross_margin": 26.75,
            "gross_margin_4q_avg": 26.14,
            "net_income": 5523,
            "net_income_4q": null,
            "revenue": 377518,
            "revenue_4q": null,
            "common_shares": 591231,
            "book_valuer_per_share": 18.63,
            "book_valuer_per_share_4q_avg": 18.86,
            "equity": 1101287,
            "current_ratio": 246.5,
            "debt_ratio": 28.39,
            "inventory_turnover_ratio": 0.58,
            "account_receivable_turnover_ratio": 1.15,
            "reinvestment_rate": null,
            "research_to_sale_ratio": 8.71,
            "price_fair": 56.7,
            "eps_avg_yearly": 1.62,
            "eps_latest_yearly": 0.36,
            "eps_growth_yearly": 162.44
        },
        "20203": {
            "year_quarter": 20203,
            "year": 2020,
            "quarter": 3,
            "eps": 0.23,
            "eps_growth_year": -32.35,
            "eps_4q": 0.92,
            "eps_4q_growth_year": 98.4,
            "roe": 1.24,
            "roe_4q": 4.86,
            "gross_profit": 105220,
            "gross_margin": 25.53,
            "gross_margin_4q_avg": 25.47,
            "net_income": 13729,
            "net_income_4q": null,
            "revenue": 412089,
            "revenue_4q": null,
            "common_shares": 591231,
            "book_valuer_per_share": 18.88,
            "book_valuer_per_share_4q_avg": 18.94,
            "equity": 1116025,
            "current_ratio": 237.78,
            "debt_ratio": 30.03,
            "inventory_turnover_ratio": 0.64,
            "account_receivable_turnover_ratio": 1.15,
            "reinvestment_rate": null,
            "research_to_sale_ratio": 8.59,
            "price_fair": 46.2,
            "eps_avg_yearly": 1.32,
            "eps_latest_yearly": 0.92,
            "eps_growth_yearly": 300.66
        },
        "20204": {
            "year_quarter": 20204,
            "year": 2020,
            "quarter": 4,
            "eps": 0.52,
            "eps_growth_year": -3.37,
            "eps_4q": 0.9,
            "eps_4q_growth_year": 11.5,
            "roe": 2.73,
            "roe_4q": 4.72,
            "gross_profit": 146783,
            "gross_margin": 26.91,
            "gross_margin_4q_avg": 26.32,
            "net_income": 30906,
            "net_income_4q": null,
            "revenue": 545372,
            "revenue_4q": null,
            "common_shares": 591231,
            "book_valuer_per_share": 19.42,
            "book_valuer_per_share_4q_avg": 19.02,
            "equity": 1148145,
            "current_ratio": 230.08,
            "debt_ratio": 32.24,
            "inventory_turnover_ratio": 0.82,
            "account_receivable_turnover_ratio": 1.19,
            "reinvestment_rate": null,
            "research_to_sale_ratio": 8.36,
            "price_fair": 41.3,
            "eps_avg_yearly": 1.18,
            "eps_latest_yearly": 2.08,
            "eps_growth_yearly": 379.82
        },
        "20211": {
            "year_quarter": 20211,
            "year": 2021,
            "quarter": 1,
            "eps": 0.06,
            "eps_growth_year": 20,
            "eps_4q": 0.91,
            "eps_4q_growth_year": -11.65,
            "roe": 0.33,
            "roe_4q": 4.79,
            "gross_profit": 89143,
            "gross_margin": 27.59,
            "gross_margin_4q_avg": 26.7,
            "net_income": 3786,
            "net_income_4q": null,
            "revenue": 323055,
            "revenue_4q": null,
            "common_shares": 591231,
            "book_valuer_per_share": 19.5,
            "book_valuer_per_share_4q_avg": 19.11,
            "equity": 1152734,
            "current_ratio": 250.43,
            "debt_ratio": 29.47,
            "inventory_turnover_ratio": 0.47,
            "account_receivable_turnover_ratio": 0.72,
            "reinvestment_rate": null,
            "research_to_sale_ratio": 10.19,
            "price_fair": 36.6,
            "eps_avg_yearly": 1.05,
            "eps_latest_yearly": 0.24,
            "eps_growth_yearly": 275.01
        },
        "20212": {
            "year_quarter": 20212,
            "year": 2021,
            "quarter": 2,
            "eps": 0.04,
            "eps_growth_year": -55.56,
            "eps_4q": 0.86,
            "eps_4q_growth_year": -15.75,
            "roe": 0.22,
            "roe_4q": 4.5200000000000005,
            "gross_profit": 90171,
            "gross_margin": 24.17,
            "gross_margin_4q_avg": 26.05,
            "net_income": 2498,
            "net_income_4q": null,
            "revenue": 373065,
            "revenue_4q": null,
            "common_shares": 591231,
            "book_valuer_per_share": 18.92,
            "book_valuer_per_share_4q_avg": 19.18,
            "equity": 1118641,
            "current_ratio": 222.32,
            "debt_ratio": 33.21,
            "inventory_turnover_ratio": 0.5,
            "account_receivable_turnover_ratio": 0.98,
            "reinvestment_rate": -355.99,
            "research_to_sale_ratio": 9.18,
            "price_fair": 32.73,
            "eps_avg_yearly": 0.94,
            "eps_latest_yearly": 0.16,
            "eps_growth_yearly": 223.97
        },
        "20213": {
            "year_quarter": 20213,
            "year": 2021,
            "quarter": 3,
            "eps": 0.27,
            "eps_growth_year": 17.39,
            "eps_4q": 0.9,
            "eps_4q_growth_year": -1.64,
            "roe": 1.43,
            "roe_4q": 4.71,
            "gross_profit": 136587,
            "gross_margin": 22.01,
            "gross_margin_4q_avg": 25.17,
            "net_income": 16144,
            "net_income_4q": null,
            "revenue": 620596,
            "revenue_4q": null,
            "common_shares": 591231,
            "book_valuer_per_share": 19.19,
            "book_valuer_per_share_4q_avg": 19.26,
            "equity": 1134445,
            "current_ratio": 174.74,
            "debt_ratio": 44.45,
            "inventory_turnover_ratio": 0.69,
            "account_receivable_turnover_ratio": 1.3,
            "reinvestment_rate": -118.98,
            "research_to_sale_ratio": 6.49,
            "price_fair": 33.29,
            "eps_avg_yearly": 0.95,
            "eps_latest_yearly": 1.08,
            "eps_growth_yearly": 454.64
        },
        "20214": {
            "year_quarter": 20214,
            "year": 2021,
            "quarter": 4,
            "eps": 0.38,
            "eps_growth_year": -28.2,
            "eps_4q": 0.75,
            "eps_4q_growth_year": -16.05,
            "roe": 1.93,
            "roe_4q": 3.91,
            "gross_profit": 154854,
            "gross_margin": 22.12,
            "gross_margin_4q_avg": 23.97,
            "net_income": 22189,
            "net_income_4q": null,
            "revenue": 700011,
            "revenue_4q": null,
            "common_shares": 591231,
            "book_valuer_per_share": 19.61,
            "book_valuer_per_share_4q_avg": 19.31,
            "equity": 1159294,
            "current_ratio": 169.38,
            "debt_ratio": 54.85,
            "inventory_turnover_ratio": 0.7,
            "account_receivable_turnover_ratio": 1.16,
            "reinvestment_rate": 490.69,
            "research_to_sale_ratio": 5.92,
            "price_fair": 35.28,
            "eps_avg_yearly": 1.01,
            "eps_latest_yearly": 1.52,
            "eps_growth_yearly": 425.47
        },
        "20221": {
            "year_quarter": 20221,
            "year": 2022,
            "quarter": 1,
            "eps": 0.26,
            "eps_growth_year": 333.33,
            "eps_4q": 0.95,
            "eps_4q_growth_year": 4.09,
            "roe": 1.33,
            "roe_4q": 4.909999999999999,
            "gross_profit": 115234,
            "gross_margin": 27.95,
            "gross_margin_4q_avg": 24.06,
            "net_income": 15317,
            "net_income_4q": null,
            "revenue": 412276,
            "revenue_4q": null,
            "common_shares": 591231,
            "book_valuer_per_share": 19.38,
            "book_valuer_per_share_4q_avg": 19.28,
            "equity": 1145968,
            "current_ratio": 159.44,
            "debt_ratio": 56.23,
            "inventory_turnover_ratio": 0.36,
            "account_receivable_turnover_ratio": 0.84,
            "reinvestment_rate": 361.64,
            "research_to_sale_ratio": 9.55,
            "price_fair": 35.38,
            "eps_avg_yearly": 1.01,
            "eps_latest_yearly": 1.04,
            "eps_growth_yearly": 375.31
        },
        "20222": {
            "year_quarter": 20222,
            "year": 2022,
            "quarter": 2,
            "eps": 0.83,
            "eps_growth_year": 1975,
            "eps_4q": 1.73,
            "eps_4q_growth_year": 101.17,
            "roe": 4.17,
            "roe_4q": 8.86,
            "gross_profit": 182107,
            "gross_margin": 26.43,
            "gross_margin_4q_avg": 24.63,
            "net_income": 48785,
            "net_income_4q": null,
            "revenue": 689018,
            "revenue_4q": null,
            "common_shares": 591231,
            "book_valuer_per_share": 20.17,
            "book_valuer_per_share_4q_avg": 19.59,
            "equity": 1192266,
            "current_ratio": 149.95,
            "debt_ratio": 55.86,
            "inventory_turnover_ratio": 0.59,
            "account_receivable_turnover_ratio": 1.52,
            "reinvestment_rate": 223.58,
            "research_to_sale_ratio": 6.37,
            "price_fair": 42.12,
            "eps_avg_yearly": 1.2,
            "eps_latest_yearly": 3.32,
            "eps_growth_yearly": 417.11
        },
        "20223": {
            "year_quarter": 20223,
            "year": 2022,
            "quarter": 3,
            "eps": 0.82,
            "eps_growth_year": 203.7,
            "eps_4q": 2.28,
            "eps_4q_growth_year": 152.55,
            "roe": 3.97,
            "roe_4q": 11.4,
            "gross_profit": 194258,
            "gross_margin": 28.77,
            "gross_margin_4q_avg": 26.32,
            "net_income": 48404,
            "net_income_4q": null,
            "revenue": 675151,
            "revenue_4q": null,
            "common_shares": 591231,
            "book_valuer_per_share": 21.03,
            "book_valuer_per_share_4q_avg": 20.05,
            "equity": 1243313,
            "current_ratio": 148.13,
            "debt_ratio": 58.5,
            "inventory_turnover_ratio": 0.55,
            "account_receivable_turnover_ratio": 1.1,
            "reinvestment_rate": 175.44,
            "research_to_sale_ratio": 7.1,
            "price_fair": 47.71,
            "eps_avg_yearly": 1.36,
            "eps_latest_yearly": 3.28,
            "eps_growth_yearly": 384.65
        },
        "20224": {
            "year_quarter": 20224,
            "year": 2022,
            "quarter": 4,
            "eps": 0.7,
            "eps_growth_year": 85.84,
            "eps_4q": 2.6,
            "eps_4q_growth_year": 244.58,
            "roe": 3.27,
            "roe_4q": 12.74,
            "gross_profit": 178072,
            "gross_margin": 25.93,
            "gross_margin_4q_avg": 27.27,
            "net_income": 41237,
            "net_income_4q": null,
            "revenue": 686791,
            "revenue_4q": null,
            "common_shares": 591231,
            "book_valuer_per_share": 21.64,
            "book_valuer_per_share_4q_avg": 20.56,
            "equity": 1279197,
            "current_ratio": 152.73,
            "debt_ratio": 56.78,
            "inventory_turnover_ratio": 0.57,
            "account_receivable_turnover_ratio": 1.04,
            "reinvestment_rate": 162.5,
            "research_to_sale_ratio": 6.12,
            "price_fair": 51.3,
            "eps_avg_yearly": 1.47,
            "eps_latest_yearly": 2.8,
            "eps_growth_yearly": 353
        },
        "20231": {
            "year_quarter": 20231,
            "year": 2023,
            "quarter": 1,
            "eps": 0.24,
            "eps_growth_year": -7.69,
            "eps_4q": 2.58,
            "eps_4q_growth_year": 172.19,
            "roe": 1.14,
            "roe_4q": 12.55,
            "gross_profit": 138587,
            "gross_margin": 27.35,
            "gross_margin_4q_avg": 27.12,
            "net_income": 14403,
            "net_income_4q": null,
            "revenue": 506718,
            "revenue_4q": null,
            "common_shares": 591231,
            "book_valuer_per_share": 21.11,
            "book_valuer_per_share_4q_avg": 20.99,
            "equity": 1247800,
            "current_ratio": 168.45,
            "debt_ratio": 52.28,
            "inventory_turnover_ratio": 0.45,
            "account_receivable_turnover_ratio": 0.86,
            "reinvestment_rate": 149.89,
            "research_to_sale_ratio": 8.24,
            "price_fair": 50.12,
            "eps_avg_yearly": 1.43,
            "eps_latest_yearly": 0.96,
            "eps_growth_yearly": 311.94
        },
        "20232": {
            "year_quarter": 20232,
            "year": 2023,
            "quarter": 2,
            "eps": 0.12,
            "eps_growth_year": -85.54,
            "eps_4q": 1.88,
            "eps_4q_growth_year": 8.36,
            "roe": 0.56,
            "roe_4q": 8.94,
            "gross_profit": 119597,
            "gross_margin": 25.67,
            "gross_margin_4q_avg": 26.93,
            "net_income": 6954,
            "net_income_4q": null,
            "revenue": 465963,
            "revenue_4q": null,
            "common_shares": 591231,
            "book_valuer_per_share": 21.14,
            "book_valuer_per_share_4q_avg": 21.23,
            "equity": 1249876,
            "current_ratio": 156.84,
            "debt_ratio": 50.74,
            "inventory_turnover_ratio": 0.46,
            "account_receivable_turnover_ratio": 0.98,
            "reinvestment_rate": 154.06,
            "research_to_sale_ratio": 8.89,
            "price_fair": 48.04,
            "eps_avg_yearly": 1.37,
            "eps_latest_yearly": 0.48,
            "eps_growth_yearly": 279.94
        },
        "20233": {
            "year_quarter": 20233,
            "year": 2023,
            "quarter": 3,
            "eps": -0.22,
            "eps_growth_year": -126.83,
            "eps_4q": 0.83,
            "eps_4q_growth_year": -63.43,
            "roe": -1.07,
            "roe_4q": 3.9,
            "gross_profit": 102819,
            "gross_margin": 24.42,
            "gross_margin_4q_avg": 25.84,
            "net_income": -13335,
            "net_income_4q": null,
            "revenue": 421004,
            "revenue_4q": null,
            "common_shares": 591231,
            "book_valuer_per_share": 21,
            "book_valuer_per_share_4q_avg": 21.22,
            "equity": 1241549,
            "current_ratio": 186.61,
            "debt_ratio": 48.61,
            "inventory_turnover_ratio": 0.44,
            "account_receivable_turnover_ratio": 1.01,
            "reinvestment_rate": 170.77,
            "research_to_sale_ratio": 10.43,
            "price_fair": 48.07,
            "eps_avg_yearly": 1.37,
            "eps_latest_yearly": 0.48,
            "eps_growth_yearly": 234.61
        }
    },
    "months": {
        "2007-08": {
            "month": "2007-08",
            "price": "83.15",
            "revenue": 55709
        },
        "2007-09": {
            "month": "2007-09",
            "price": "73.48",
            "revenue": 47689
        },
        "2007-10": {
            "month": "2007-10",
            "price": "76.88",
            "revenue": 32555
        },
        "2007-11": {
            "month": "2007-11",
            "price": "70.31",
            "revenue": 32131
        },
        "2007-12": {
            "month": "2007-12",
            "price": "67.56",
            "revenue": 35867
        },
        "2008-01": {
            "month": "2008-01",
            "price": "56.02",
            "revenue": 25970
        },
        "2008-02": {
            "month": "2008-02",
            "price": "47.12",
            "revenue": 18851
        },
        "2008-03": {
            "month": "2008-03",
            "price": "40.45",
            "revenue": 36288
        },
        "2008-04": {
            "month": "2008-04",
            "price": "31.78",
            "revenue": 30452
        },
        "2008-05": {
            "month": "2008-05",
            "price": "34.21",
            "revenue": 21350
        },
        "2008-06": {
            "month": "2008-06",
            "price": "31.69",
            "revenue": 41424
        },
        "2008-07": {
            "month": "2008-07",
            "price": "26.87",
            "revenue": 23814
        },
        "2008-08": {
            "month": "2008-08",
            "price": "28.77",
            "revenue": 21937
        },
        "2008-09": {
            "month": "2008-09",
            "price": "22.68",
            "revenue": 39467
        },
        "2008-10": {
            "month": "2008-10",
            "price": "19.92",
            "revenue": 17726
        },
        "2008-11": {
            "month": "2008-11",
            "price": "17.06",
            "revenue": 30258
        },
        "2008-12": {
            "month": "2008-12",
            "price": "16.81",
            "revenue": 46906
        },
        "2009-01": {
            "month": "2009-01",
            "price": "12.48",
            "revenue": 20232
        },
        "2009-03": {
            "month": "2009-03",
            "price": "10.84",
            "revenue": 25197
        },
        "2009-04": {
            "month": "2009-04",
            "price": "8.00",
            "revenue": 15755
        },
        "2009-05": {
            "month": "2009-05",
            "price": "7.78",
            "revenue": 23918
        },
        "2009-06": {
            "month": "2009-06",
            "price": "7.45",
            "revenue": 28265
        },
        "2009-07": {
            "month": "2009-07",
            "price": "8.77",
            "revenue": 36347
        },
        "2009-08": {
            "month": "2009-08",
            "price": "8.83",
            "revenue": 27715
        },
        "2009-09": {
            "month": "2009-09",
            "price": "7.99",
            "revenue": 27061
        },
        "2009-10": {
            "month": "2009-10",
            "price": "8.52",
            "revenue": 34957
        },
        "2009-11": {
            "month": "2009-11",
            "price": "8.86",
            "revenue": 31336
        },
        "2009-12": {
            "month": "2009-12",
            "price": "9.25",
            "revenue": 30454
        },
        "2010-01": {
            "month": "2010-01",
            "price": "9.51",
            "revenue": 39983
        },
        "2010-02": {
            "month": "2010-02",
            "price": "9.36",
            "revenue": 39322
        },
        "2010-03": {
            "month": "2010-03",
            "price": "11.40",
            "revenue": 31730
        },
        "2010-04": {
            "month": "2010-04",
            "price": "15.08",
            "revenue": 22498
        },
        "2010-05": {
            "month": "2010-05",
            "price": "13.85",
            "revenue": 51599
        },
        "2010-06": {
            "month": "2010-06",
            "price": "13.92",
            "revenue": 30615
        },
        "2010-07": {
            "month": "2010-07",
            "price": "14.02",
            "revenue": 47423
        },
        "2010-08": {
            "month": "2010-08",
            "price": "14.64",
            "revenue": 56359
        },
        "2010-09": {
            "month": "2010-09",
            "price": "13.75",
            "revenue": 52661
        },
        "2010-11": {
            "month": "2010-11",
            "price": "12.60",
            "revenue": 47262
        },
        "2010-12": {
            "month": "2010-12",
            "price": "13.60",
            "revenue": 67731
        },
        "2011-01": {
            "month": "2011-01",
            "price": "14.28",
            "revenue": 51026
        },
        "2011-02": {
            "month": "2011-02",
            "price": "13.92",
            "revenue": 43765
        },
        "2011-03": {
            "month": "2011-03",
            "price": "14.51",
            "revenue": 52890
        },
        "2011-04": {
            "month": "2011-04",
            "price": "15.02",
            "revenue": 45396
        },
        "2011-05": {
            "month": "2011-05",
            "price": "14.98",
            "revenue": 43928
        },
        "2011-06": {
            "month": "2011-06",
            "price": "15.34",
            "revenue": 49930
        },
        "2011-07": {
            "month": "2011-07",
            "price": "15.20",
            "revenue": 47213
        },
        "2011-08": {
            "month": "2011-08",
            "price": "13.46",
            "revenue": 58475
        },
        "2011-09": {
            "month": "2011-09",
            "price": "10.37",
            "revenue": 51923
        },
        "2011-10": {
            "month": "2011-10",
            "price": "10.03",
            "revenue": 50587
        },
        "2011-11": {
            "month": "2011-11",
            "price": "9.00",
            "revenue": 63317
        },
        "2011-12": {
            "month": "2011-12",
            "price": "6.84",
            "revenue": 76104
        },
        "2012-01": {
            "month": "2012-01",
            "price": "7.04",
            "revenue": 40719
        },
        "2012-02": {
            "month": "2012-02",
            "price": "11.33",
            "revenue": 51951
        },
        "2012-03": {
            "month": "2012-03",
            "price": "12.56",
            "revenue": 57591
        },
        "2012-04": {
            "month": "2012-04",
            "price": "16.92",
            "revenue": 41455
        },
        "2012-05": {
            "month": "2012-05",
            "price": "15.96",
            "revenue": 78689
        },
        "2012-06": {
            "month": "2012-06",
            "price": "15.99",
            "revenue": 70818
        },
        "2012-07": {
            "month": "2012-07",
            "price": "21.78",
            "revenue": 88340
        },
        "2012-08": {
            "month": "2012-08",
            "price": "24.77",
            "revenue": 83828
        },
        "2012-09": {
            "month": "2012-09",
            "price": "28.15",
            "revenue": 77284
        },
        "2012-10": {
            "month": "2012-10",
            "price": "28.08",
            "revenue": 92420
        },
        "2012-11": {
            "month": "2012-11",
            "price": "28.82",
            "revenue": 102329
        },
        "2012-12": {
            "month": "2012-12",
            "price": "34.20",
            "revenue": 95865
        },
        "2013-01": {
            "month": "2013-01",
            "price": "35.23",
            "revenue": 74457
        },
        "2013-02": {
            "month": "2013-02",
            "price": "35.69",
            "revenue": 57905
        },
        "2013-03": {
            "month": "2013-03",
            "price": "43.69",
            "revenue": 92608
        },
        "2013-04": {
            "month": "2013-04",
            "price": "51.03",
            "revenue": 89063
        },
        "2013-05": {
            "month": "2013-05",
            "price": "60.58",
            "revenue": 84871
        },
        "2013-06": {
            "month": "2013-06",
            "price": "62.84",
            "revenue": 72575
        },
        "2013-07": {
            "month": "2013-07",
            "price": "56.41",
            "revenue": 62885
        },
        "2013-08": {
            "month": "2013-08",
            "price": "58.49",
            "revenue": 77365
        },
        "2013-09": {
            "month": "2013-09",
            "price": "58.38",
            "revenue": 69040
        },
        "2013-10": {
            "month": "2013-10",
            "price": "62.17",
            "revenue": 77231
        },
        "2013-11": {
            "month": "2013-11",
            "price": "56.99",
            "revenue": 104663
        },
        "2013-12": {
            "month": "2013-12",
            "price": "94.51",
            "revenue": 104922
        },
        "2014-01": {
            "month": "2014-01",
            "price": "80.42",
            "revenue": 48057
        },
        "2014-02": {
            "month": "2014-02",
            "price": "71.36",
            "revenue": 65481
        },
        "2014-03": {
            "month": "2014-03",
            "price": "78.66",
            "revenue": 69100
        },
        "2014-04": {
            "month": "2014-04",
            "price": "74.14",
            "revenue": 73323
        },
        "2014-05": {
            "month": "2014-05",
            "price": "62.43",
            "revenue": 66507
        },
        "2014-06": {
            "month": "2014-06",
            "price": "59.65",
            "revenue": 92866
        },
        "2014-07": {
            "month": "2014-07",
            "price": "53.27",
            "revenue": 69819
        },
        "2014-08": {
            "month": "2014-08",
            "price": "45.35",
            "revenue": 79799
        },
        "2014-09": {
            "month": "2014-09",
            "price": "46.61",
            "revenue": 95943
        },
        "2014-10": {
            "month": "2014-10",
            "price": "42.53",
            "revenue": 72201
        },
        "2014-11": {
            "month": "2014-11",
            "price": "48.10",
            "revenue": 113301
        },
        "2014-12": {
            "month": "2014-12",
            "price": "52.61",
            "revenue": 166123
        },
        "2015-01": {
            "month": "2015-01",
            "price": "53.70",
            "revenue": 95800
        },
        "2015-02": {
            "month": "2015-02",
            "price": "55.18",
            "revenue": 76954
        },
        "2015-03": {
            "month": "2015-03",
            "price": "58.55",
            "revenue": 111427
        },
        "2015-04": {
            "month": "2015-04",
            "price": "64.66",
            "revenue": 121325
        },
        "2015-05": {
            "month": "2015-05",
            "price": "62.02",
            "revenue": 149020
        },
        "2015-06": {
            "month": "2015-06",
            "price": "72.17",
            "revenue": 122171
        },
        "2015-07": {
            "month": "2015-07",
            "price": "64.54",
            "revenue": 111631
        },
        "2015-08": {
            "month": "2015-08",
            "price": "56.66",
            "revenue": 101681
        },
        "2015-09": {
            "month": "2015-09",
            "price": "56.20",
            "revenue": 111085
        },
        "2015-10": {
            "month": "2015-10",
            "price": "68.26",
            "revenue": 109915
        },
        "2015-11": {
            "month": "2015-11",
            "price": "69.80",
            "revenue": 106384
        },
        "2015-12": {
            "month": "2015-12",
            "price": "63.49",
            "revenue": 118654
        },
        "2016-01": {
            "month": "2016-01",
            "price": "53.94",
            "revenue": 115354
        },
        "2016-02": {
            "month": "2016-02",
            "price": "56.42",
            "revenue": 66910
        },
        "2016-03": {
            "month": "2016-03",
            "price": "60.20",
            "revenue": 110828
        },
        "2016-04": {
            "month": "2016-04",
            "price": "54.97",
            "revenue": 100262
        },
        "2016-05": {
            "month": "2016-05",
            "price": "50.75",
            "revenue": 100864
        },
        "2016-06": {
            "month": "2016-06",
            "price": "55.09",
            "revenue": 130412
        },
        "2016-07": {
            "month": "2016-07",
            "price": "57.04",
            "revenue": 108098
        },
        "2016-08": {
            "month": "2016-08",
            "price": "56.32",
            "revenue": 117900
        },
        "2016-09": {
            "month": "2016-09",
            "price": "58.06",
            "revenue": 112140
        },
        "2016-10": {
            "month": "2016-10",
            "price": "52.42",
            "revenue": 104641
        },
        "2016-11": {
            "month": "2016-11",
            "price": "46.54",
            "revenue": 110657
        },
        "2016-12": {
            "month": "2016-12",
            "price": "46.73",
            "revenue": 111586
        },
        "2017-01": {
            "month": "2017-01",
            "price": "45.32",
            "revenue": 71714
        },
        "2017-02": {
            "month": "2017-02",
            "price": "45.58",
            "revenue": 62910
        },
        "2017-03": {
            "month": "2017-03",
            "price": "42.42",
            "revenue": 80735
        },
        "2017-04": {
            "month": "2017-04",
            "price": "38.58",
            "revenue": 73500
        },
        "2017-05": {
            "month": "2017-05",
            "price": "32.36",
            "revenue": 70092
        },
        "2017-06": {
            "month": "2017-06",
            "price": "29.69",
            "revenue": 70628
        },
        "2017-07": {
            "month": "2017-07",
            "price": "29.25",
            "revenue": 68936
        },
        "2017-08": {
            "month": "2017-08",
            "price": "28.43",
            "revenue": 92993
        },
        "2017-09": {
            "month": "2017-09",
            "price": "27.86",
            "revenue": 76813
        },
        "2017-10": {
            "month": "2017-10",
            "price": "26.74",
            "revenue": 107922
        },
        "2017-11": {
            "month": "2017-11",
            "price": "27.24",
            "revenue": 95305
        },
        "2017-12": {
            "month": "2017-12",
            "price": "27.92",
            "revenue": 129190
        },
        "2018-01": {
            "month": "2018-01",
            "price": "27.78",
            "revenue": 82036
        },
        "2018-02": {
            "month": "2018-02",
            "price": "25.92",
            "revenue": 51681
        },
        "2018-03": {
            "month": "2018-03",
            "price": "23.60",
            "revenue": 81795
        },
        "2018-04": {
            "month": "2018-04",
            "price": "21.32",
            "revenue": 75131
        },
        "2018-05": {
            "month": "2018-05",
            "price": "20.17",
            "revenue": 53345
        },
        "2018-06": {
            "month": "2018-06",
            "price": "22.24",
            "revenue": 71473
        },
        "2018-07": {
            "month": "2018-07",
            "price": "21.07",
            "revenue": 85275
        },
        "2018-08": {
            "month": "2018-08",
            "price": "19.78",
            "revenue": 113957
        },
        "2018-09": {
            "month": "2018-09",
            "price": "20.09",
            "revenue": 121824
        },
        "2018-10": {
            "month": "2018-10",
            "price": "18.91",
            "revenue": 113781
        },
        "2018-11": {
            "month": "2018-11",
            "price": "17.68",
            "revenue": 119317
        },
        "2018-12": {
            "month": "2018-12",
            "price": "18.61",
            "revenue": 169995
        },
        "2019-01": {
            "month": "2019-01",
            "price": "20.74",
            "revenue": 115973
        },
        "2019-02": {
            "month": "2019-02",
            "price": "23.14",
            "revenue": 58674
        },
        "2019-03": {
            "month": "2019-03",
            "price": "24.40",
            "revenue": 97084
        },
        "2019-04": {
            "month": "2019-04",
            "price": "28.30",
            "revenue": 86691
        },
        "2019-05": {
            "month": "2019-05",
            "price": "30.39",
            "revenue": 101340
        },
        "2019-06": {
            "month": "2019-06",
            "price": "31.29",
            "revenue": 141814
        },
        "2019-07": {
            "month": "2019-07",
            "price": "38.57",
            "revenue": 117087
        },
        "2019-08": {
            "month": "2019-08",
            "price": "38.45",
            "revenue": 130945
        },
        "2019-09": {
            "month": "2019-09",
            "price": "37.86",
            "revenue": 142082
        },
        "2019-10": {
            "month": "2019-10",
            "price": "37.21",
            "revenue": 156160
        },
        "2019-11": {
            "month": "2019-11",
            "price": "36.00",
            "revenue": 223671
        },
        "2019-12": {
            "month": "2019-12",
            "price": "35.54",
            "revenue": 145802
        },
        "2020-01": {
            "month": "2020-01",
            "price": "33.69",
            "revenue": 180812
        },
        "2020-02": {
            "month": "2020-02",
            "price": "31.38",
            "revenue": 108510
        },
        "2020-03": {
            "month": "2020-03",
            "price": "25.76",
            "revenue": 137190
        },
        "2020-04": {
            "month": "2020-04",
            "price": "26.77",
            "revenue": 114350
        },
        "2020-05": {
            "month": "2020-05",
            "price": "27.72",
            "revenue": 107920
        },
        "2020-06": {
            "month": "2020-06",
            "price": "27.46",
            "revenue": 155249
        },
        "2020-07": {
            "month": "2020-07",
            "price": "27.87",
            "revenue": 119726
        },
        "2020-08": {
            "month": "2020-08",
            "price": "25.41",
            "revenue": 115441
        },
        "2020-09": {
            "month": "2020-09",
            "price": "23.87",
            "revenue": 176922
        },
        "2020-10": {
            "month": "2020-10",
            "price": "24.19",
            "revenue": 136692
        },
        "2020-11": {
            "month": "2020-11",
            "price": "23.88",
            "revenue": 176457
        },
        "2020-12": {
            "month": "2020-12",
            "price": "25.67",
            "revenue": 232223
        },
        "2021-01": {
            "month": "2021-01",
            "price": "25.53",
            "revenue": 124996
        },
        "2021-02": {
            "month": "2021-02",
            "price": "24.94",
            "revenue": 75156
        },
        "2021-03": {
            "month": "2021-03",
            "price": "24.76",
            "revenue": 122903
        },
        "2021-04": {
            "month": "2021-04",
            "price": "25.79",
            "revenue": 113125
        },
        "2021-05": {
            "month": "2021-05",
            "price": "22.78",
            "revenue": 128611
        },
        "2021-06": {
            "month": "2021-06",
            "price": "23.12",
            "revenue": 131329
        },
        "2021-07": {
            "month": "2021-07",
            "price": "23.66",
            "revenue": 179924
        },
        "2021-08": {
            "month": "2021-08",
            "price": "23.25",
            "revenue": 206283
        },
        "2021-09": {
            "month": "2021-09",
            "price": "24.21",
            "revenue": 234389
        },
        "2021-10": {
            "month": "2021-10",
            "price": "29.98",
            "revenue": 167238
        },
        "2021-11": {
            "month": "2021-11",
            "price": "27.21",
            "revenue": 243150
        },
        "2021-12": {
            "month": "2021-12",
            "price": "30.07",
            "revenue": 289623
        },
        "2022-01": {
            "month": "2022-01",
            "price": "29.72",
            "revenue": 140788
        },
        "2022-02": {
            "month": "2022-02",
            "price": "27.54",
            "revenue": 92215
        },
        "2022-03": {
            "month": "2022-03",
            "price": "25.65",
            "revenue": 179273
        },
        "2022-04": {
            "month": "2022-04",
            "price": "25.43",
            "revenue": 236718
        },
        "2022-05": {
            "month": "2022-05",
            "price": "26.52",
            "revenue": 212013
        },
        "2022-06": {
            "month": "2022-06",
            "price": "29.11",
            "revenue": 240287
        },
        "2022-07": {
            "month": "2022-07",
            "price": "29.46",
            "revenue": 198507
        },
        "2022-08": {
            "month": "2022-08",
            "price": "33.38",
            "revenue": 243930
        },
        "2022-09": {
            "month": "2022-09",
            "price": "34.31",
            "revenue": 232714
        },
        "2022-10": {
            "month": "2022-10",
            "price": "28.20",
            "revenue": 247894
        },
        "2022-11": {
            "month": "2022-11",
            "price": "29.65",
            "revenue": 244071
        },
        "2022-12": {
            "month": "2022-12",
            "price": "30.37",
            "revenue": 194826
        },
        "2023-01": {
            "month": "2023-01",
            "price": "29.53",
            "revenue": 199827
        },
        "2023-02": {
            "month": "2023-02",
            "price": "36.58",
            "revenue": 143996
        },
        "2023-03": {
            "month": "2023-03",
            "price": "38.85",
            "revenue": 162895
        },
        "2023-04": {
            "month": "2023-04",
            "price": "38.77",
            "revenue": 155727
        },
        "2023-05": {
            "month": "2023-05",
            "price": "35.50",
            "revenue": 159053
        },
        "2023-06": {
            "month": "2023-06",
            "price": "44.01",
            "revenue": 151183
        },
        "2023-07": {
            "month": "2023-07",
            "price": "60.27",
            "revenue": 109422
        },
        "2023-08": {
            "month": "2023-08",
            "price": "45.65",
            "revenue": 147682
        },
        "2023-09": {
            "month": "2023-09",
            "price": "42.75",
            "revenue": 163900
        },
        "2023-10": {
            "month": "2023-10",
            "price": "40.75",
            "revenue": 184504
        },
        "2023-11": {
            "month": "2023-11",
            "price": "41.44",
            "revenue": 218975
        }
    }
}
