{
    "summary": {
        "stock_name": "逸昌",
        "stock_id": "3567",
        "category": "半導體",
        "main_business": "晶圓測試、雷射修整、成品IC 測試、外觀檢查、捲帶包裝等服務",
        "website_url": "http://www.etrendtech.tw",
        "ceo": "吳建忠",
        "pe_ratio": 16,
        "report_year_from": 2007,
        "report_year_to": 2023,
        "age": 16,
        "eps_negative_percentage": 13,
        "eps_growth_avg": {
            "last_all": 16.3,
            "last_2y": 12.04,
            "last_4y": 0.18,
            "last_8y": 24.31,
            "last_12y": 16.3,
            "last_16y": null,
            "last_20y": null,
            "at_2006_last_3y": null,
            "at_2007_last_3y": null,
            "at_2008_last_3y": null,
            "at_2009_last_3y": null,
            "at_2010_last_3y": null,
            "at_2011_last_3y": null,
            "at_2012_last_3y": null,
            "at_2013_last_3y": -19.74,
            "at_2014_last_3y": -7.27,
            "at_2015_last_3y": 53.02,
            "at_2016_last_3y": 68.41,
            "at_2017_last_3y": 54.47,
            "at_2018_last_3y": 31.84,
            "at_2019_last_3y": 19.15,
            "at_2020_last_3y": 1.32,
            "at_2021_last_3y": 6.07,
            "at_2022_last_3y": 1.49,
            "at_2023_last_3y": 1.49,
            "at_2006_last_all": null,
            "at_2007_last_all": null,
            "at_2008_last_all": null,
            "at_2009_last_all": null,
            "at_2010_last_all": null,
            "at_2011_last_all": -19.74,
            "at_2012_last_all": -19.74,
            "at_2013_last_all": -19.74,
            "at_2014_last_all": 15.33,
            "at_2015_last_all": 16.64,
            "at_2016_last_all": 33.15,
            "at_2017_last_all": 29.73,
            "at_2018_last_all": 24.76,
            "at_2019_last_all": 17.9,
            "at_2020_last_all": 19.01,
            "at_2021_last_all": 20.27,
            "at_2022_last_all": 16.3,
            "at_2023_last_all": 16.3
        },
        "latest_eps": 1.94,
        "latest_price": 31.65,
        "latest_roe": 10.68,
        "latest_gross_margin": 35.04,
        "latest_equity": 609570,
        "latest_revenue": 76150,
        "latest_gross_profit": 26686,
        "latest_net_income": 12665,
        "latest_debt_ratio": 12.65,
        "latest_current_ratio": 406.77,
        "latest_account_receivable_turnover_ratio": 1.07,
        "latest_inventory_turnover_ratio": null,
        "latest_reinvestment_rate": 23.45,
        "latest_research_to_sale_ratio": 1.93
    },
    "eps_dividends": {
        "2001": {
            "cash": 0,
            "stock": 0,
            "eps": 0
        },
        "2002": {
            "cash": 0,
            "stock": 0,
            "eps": 0
        },
        "2003": {
            "cash": 0,
            "stock": 0,
            "eps": 0
        },
        "2004": {
            "cash": 0,
            "stock": 0,
            "eps": 0
        },
        "2005": {
            "cash": 0,
            "stock": 0,
            "eps": 0
        },
        "2006": {
            "cash": 0,
            "stock": 0,
            "eps": 0
        },
        "2007": {
            "cash": 0.08,
            "stock": 0.02,
            "eps": 0
        },
        "2008": {
            "cash": 0.65,
            "stock": 0,
            "eps": 0
        },
        "2009": {
            "cash": 0.13,
            "stock": 0,
            "eps": 1.14
        },
        "2010": {
            "cash": 1,
            "stock": 0,
            "eps": 1.83
        },
        "2011": {
            "cash": 1.52,
            "stock": 0,
            "eps": -0.18
        },
        "2012": {
            "cash": 0.18,
            "stock": 0,
            "eps": -0.45
        },
        "2013": {
            "cash": 0.14,
            "stock": 0,
            "eps": 0.55
        },
        "2014": {
            "cash": 0.4,
            "stock": 0,
            "eps": 1.02
        },
        "2015": {
            "cash": 0.7,
            "stock": 0,
            "eps": 1.23
        },
        "2016": {
            "cash": 1.1,
            "stock": 0,
            "eps": 2.45
        },
        "2017": {
            "cash": 2,
            "stock": 0,
            "eps": 2.76
        },
        "2018": {
            "cash": 2.3,
            "stock": 0,
            "eps": 2.62
        },
        "2019": {
            "cash": 2,
            "stock": 0,
            "eps": 1.83
        },
        "2020": {
            "cash": 1.7,
            "stock": 0,
            "eps": 2.34
        },
        "2021": {
            "cash": 2,
            "stock": 0,
            "eps": 3.08
        },
        "2022": {
            "cash": 2.6,
            "stock": 0,
            "eps": 2.36
        },
        "2023": {
            "cash": 2.1,
            "stock": 0,
            "eps": 0.37
        }
    },
    "dividends": {
        "2007-05-25": {
            "cash": 0.08,
            "stock": 0.02
        },
        "2008-04-02": {
            "cash": 0.65,
            "stock": 0
        },
        "2009-06-25": {
            "cash": 0.13,
            "stock": 0
        },
        "2010-03-30": {
            "cash": 1,
            "stock": 0
        },
        "2011-03-24": {
            "cash": 1.52,
            "stock": 0
        },
        "2012-06-13": {
            "cash": 0.18,
            "stock": 0
        },
        "2013-06-17": {
            "cash": 0.14,
            "stock": 0
        },
        "2014-08-19": {
            "cash": 0.4,
            "stock": 0
        },
        "2015-09-11": {
            "cash": 0.7,
            "stock": 0
        },
        "2016-08-26": {
            "cash": 1.1,
            "stock": 0
        },
        "2017-08-28": {
            "cash": 2,
            "stock": 0
        },
        "2018-08-28": {
            "cash": 2.3,
            "stock": 0
        },
        "2019-08-28": {
            "cash": 2,
            "stock": 0
        },
        "2020-08-28": {
            "cash": 1.7,
            "stock": 0
        },
        "2021-08-27": {
            "cash": 2,
            "stock": 0
        },
        "2022-08-26": {
            "cash": 2.6,
            "stock": 0
        },
        "2023-08-11": {
            "cash": 2.1,
            "stock": 0
        }
    },
    "prices": {
        "200101": "無",
        "200102": "無",
        "200103": "無",
        "200104": "無",
        "200105": "無",
        "200106": "無",
        "200107": "無",
        "200108": "無",
        "200109": "無",
        "200110": "無",
        "200111": "無",
        "200112": "無",
        "200201": "無",
        "200202": "無",
        "200203": "無",
        "200204": "無",
        "200205": "無",
        "200206": "無",
        "200207": "無",
        "200208": "無",
        "200209": "無",
        "200210": "無",
        "200211": "無",
        "200212": "無",
        "200301": "無",
        "200302": "無",
        "200303": "無",
        "200304": "無",
        "200305": "無",
        "200306": "無",
        "200307": "無",
        "200308": "無",
        "200309": "無",
        "200310": "無",
        "200311": "無",
        "200312": "無",
        "200401": "無",
        "200402": "無",
        "200403": "無",
        "200404": "無",
        "200405": "無",
        "200406": "無",
        "200407": "無",
        "200408": "無",
        "200409": "無",
        "200410": "無",
        "200411": "無",
        "200412": "無",
        "200501": "無",
        "200502": "無",
        "200503": "無",
        "200504": "無",
        "200505": "無",
        "200506": "無",
        "200507": "無",
        "200508": "無",
        "200509": "無",
        "200510": "無",
        "200511": "無",
        "200512": "無",
        "200601": "無",
        "200602": "無",
        "200603": "無",
        "200604": "無",
        "200605": "無",
        "200606": "無",
        "200607": "無",
        "200608": "無",
        "200609": "無",
        "200610": "無",
        "200611": "無",
        "200612": "無",
        "200701": "無",
        "200702": "無",
        "200703": "無",
        "200704": "無",
        "200705": "無",
        "200706": "無",
        "200707": "無",
        "200708": "15.15",
        "200709": "13.84",
        "200710": "11.91",
        "200711": "9.56",
        "200712": "9.52",
        "200801": "11.49",
        "200802": "9.94",
        "200803": "9.43",
        "200804": "9.48",
        "200805": "9.44",
        "200806": "8.98",
        "200807": "8.49",
        "200808": "8.26",
        "200809": "6.02",
        "200810": "5.52",
        "200811": "4.85",
        "200812": "4.73",
        "200901": "4.90",
        "200902": "4.60",
        "200903": "4.24",
        "200904": "4.48",
        "200905": "4.79",
        "200906": "5.29",
        "200907": "5.66",
        "200908": "6.92",
        "200909": "7.97",
        "200910": "9.59",
        "200911": "9.63",
        "200912": "10.94",
        "201001": "13.66",
        "201002": "13.50",
        "201003": "15.32",
        "201004": "18.24",
        "201005": "19.20",
        "201006": "18.41",
        "201007": "20.18",
        "201008": "21.06",
        "201009": "24.28",
        "201010": "21.69",
        "201011": "17.81",
        "201012": "20.00",
        "201101": "20.14",
        "201102": "19.38",
        "201103": "18.34",
        "201104": "18.34",
        "201105": "17.94",
        "201106": "17.25",
        "201107": "16.20",
        "201108": "13.95",
        "201109": "12.41",
        "201110": "10.63",
        "201111": "9.06",
        "201112": "7.52",
        "201201": "8.06",
        "201202": "9.59",
        "201203": "9.71",
        "201204": "8.97",
        "201205": "8.56",
        "201206": "8.11",
        "201207": "8.00",
        "201208": "8.22",
        "201209": "9.17",
        "201210": "8.53",
        "201211": "8.35",
        "201212": "8.75",
        "201301": "8.85",
        "201302": "8.84",
        "201303": "10.06",
        "201304": "9.14",
        "201305": "9.85",
        "201306": "9.86",
        "201307": "9.24",
        "201308": "9.21",
        "201309": "9.92",
        "201310": "10.38",
        "201311": "10.36",
        "201312": "12.13",
        "201401": "12.16",
        "201402": "12.18",
        "201403": "14.71",
        "201404": "14.86",
        "201405": "13.40",
        "201406": "13.24",
        "201407": "13.15",
        "201408": "13.19",
        "201409": "13.23",
        "201410": "13.58",
        "201411": "13.54",
        "201412": "14.00",
        "201501": "13.96",
        "201502": "14.38",
        "201503": "14.34",
        "201504": "14.31",
        "201505": "14.16",
        "201506": "13.68",
        "201507": "12.55",
        "201508": "11.15",
        "201509": "11.21",
        "201510": "11.30",
        "201511": "11.91",
        "201512": "12.44",
        "201601": "13.46",
        "201602": "13.52",
        "201603": "14.88",
        "201604": "15.12",
        "201605": "15.61",
        "201606": "16.78",
        "201607": "16.67",
        "201608": "16.73",
        "201609": "19.71",
        "201610": "20.61",
        "201611": "22.81",
        "201612": "24.47",
        "201701": "23.39",
        "201702": "26.27",
        "201703": "29.80",
        "201704": "27.66",
        "201705": "28.80",
        "201706": "28.24",
        "201707": "27.80",
        "201708": "25.98",
        "201709": "26.04",
        "201710": "28.03",
        "201711": "31.00",
        "201712": "29.81",
        "201801": "31.35",
        "201802": "30.15",
        "201803": "30.28",
        "201804": "30.50",
        "201805": "29.91",
        "201806": "34.16",
        "201807": "33.28",
        "201808": "29.89",
        "201809": "27.61",
        "201810": "25.36",
        "201811": "25.83",
        "201812": "26.69",
        "201901": "25.77",
        "201902": "26.46",
        "201903": "26.96",
        "201904": "28.11",
        "201905": "26.14",
        "201906": "25.25",
        "201907": "25.37",
        "201908": "22.20",
        "201909": "22.53",
        "201910": "22.52",
        "201911": "22.64",
        "201912": "22.93",
        "202001": "22.87",
        "202002": "22.39",
        "202003": "20.98",
        "202004": "22.40",
        "202005": "24.59",
        "202006": "25.69",
        "202007": "26.37",
        "202008": "25.27",
        "202009": "25.48",
        "202010": "25.52",
        "202011": "25.81",
        "202012": "28.80",
        "202101": "29.55",
        "202102": "31.55",
        "202103": "33.34",
        "202104": "36.77",
        "202105": "32.50",
        "202106": "32.93",
        "202107": "34.77",
        "202108": "35.40",
        "202109": "36.46",
        "202110": "34.21",
        "202111": "36.33",
        "202112": "36.21",
        "202201": "36.47",
        "202202": "35.93",
        "202203": "35.67",
        "202204": "35.56",
        "202205": "34.54",
        "202206": "33.98",
        "202207": "29.50",
        "202208": "28.44",
        "202209": "27.85",
        "202210": "24.49",
        "202211": "24.54",
        "202212": "25.14",
        "202301": "24.36",
        "202302": "27.84",
        "202303": "28.13",
        "202304": "29.73",
        "202305": "30.14",
        "202306": "31.40"
    },
    "quarters": {
        "20011": {
            "year_quarter": 20011,
            "year": 2001,
            "quarter": 1,
            "eps": null,
            "eps_growth_year": null,
            "eps_4q": null,
            "eps_4q_growth_year": null,
            "roe": null,
            "roe_4q": 0,
            "gross_profit": null,
            "gross_margin": null,
            "gross_margin_4q_avg": 0,
            "net_income": null,
            "revenue": null,
            "common_shares": null,
            "book_valuer_per_share": null,
            "book_valuer_per_share_4q_avg": 0,
            "equity": null,
            "current_ratio": null,
            "debt_ratio": null,
            "inventory_turnover_ratio": null,
            "account_receivable_turnover_ratio": null,
            "reinvestment_rate": null,
            "research_to_sale_ratio": null,
            "price_fair": 0,
            "eps_avg_yearly": 0,
            "eps_latest_yearly": 0,
            "eps_growth_yearly": 0
        },
        "20012": {
            "year_quarter": 20012,
            "year": 2001,
            "quarter": 2,
            "eps": null,
            "eps_growth_year": null,
            "eps_4q": null,
            "eps_4q_growth_year": null,
            "roe": null,
            "roe_4q": 0,
            "gross_profit": null,
            "gross_margin": null,
            "gross_margin_4q_avg": 0,
            "net_income": null,
            "revenue": null,
            "common_shares": null,
            "book_valuer_per_share": null,
            "book_valuer_per_share_4q_avg": 0,
            "equity": null,
            "current_ratio": null,
            "debt_ratio": null,
            "inventory_turnover_ratio": null,
            "account_receivable_turnover_ratio": null,
            "reinvestment_rate": null,
            "research_to_sale_ratio": null,
            "price_fair": 0,
            "eps_avg_yearly": 0,
            "eps_latest_yearly": 0,
            "eps_growth_yearly": 0
        },
        "20013": {
            "year_quarter": 20013,
            "year": 2001,
            "quarter": 3,
            "eps": null,
            "eps_growth_year": null,
            "eps_4q": null,
            "eps_4q_growth_year": null,
            "roe": null,
            "roe_4q": 0,
            "gross_profit": null,
            "gross_margin": null,
            "gross_margin_4q_avg": 0,
            "net_income": null,
            "revenue": null,
            "common_shares": null,
            "book_valuer_per_share": null,
            "book_valuer_per_share_4q_avg": 0,
            "equity": null,
            "current_ratio": null,
            "debt_ratio": null,
            "inventory_turnover_ratio": null,
            "account_receivable_turnover_ratio": null,
            "reinvestment_rate": null,
            "research_to_sale_ratio": null,
            "price_fair": 0,
            "eps_avg_yearly": 0,
            "eps_latest_yearly": 0,
            "eps_growth_yearly": 0
        },
        "20014": {
            "year_quarter": 20014,
            "year": 2001,
            "quarter": 4,
            "eps": null,
            "eps_growth_year": null,
            "eps_4q": null,
            "eps_4q_growth_year": null,
            "roe": null,
            "roe_4q": 0,
            "gross_profit": null,
            "gross_margin": null,
            "gross_margin_4q_avg": 0,
            "net_income": null,
            "revenue": null,
            "common_shares": null,
            "book_valuer_per_share": null,
            "book_valuer_per_share_4q_avg": 0,
            "equity": null,
            "current_ratio": null,
            "debt_ratio": null,
            "inventory_turnover_ratio": null,
            "account_receivable_turnover_ratio": null,
            "reinvestment_rate": null,
            "research_to_sale_ratio": null,
            "price_fair": 0,
            "eps_avg_yearly": 0,
            "eps_latest_yearly": 0,
            "eps_growth_yearly": 0
        },
        "20021": {
            "year_quarter": 20021,
            "year": 2002,
            "quarter": 1,
            "eps": null,
            "eps_growth_year": null,
            "eps_4q": null,
            "eps_4q_growth_year": null,
            "roe": null,
            "roe_4q": 0,
            "gross_profit": null,
            "gross_margin": null,
            "gross_margin_4q_avg": 0,
            "net_income": null,
            "revenue": null,
            "common_shares": null,
            "book_valuer_per_share": null,
            "book_valuer_per_share_4q_avg": 0,
            "equity": null,
            "current_ratio": null,
            "debt_ratio": null,
            "inventory_turnover_ratio": null,
            "account_receivable_turnover_ratio": null,
            "reinvestment_rate": null,
            "research_to_sale_ratio": null,
            "price_fair": 0,
            "eps_avg_yearly": 0,
            "eps_latest_yearly": 0,
            "eps_growth_yearly": 0
        },
        "20022": {
            "year_quarter": 20022,
            "year": 2002,
            "quarter": 2,
            "eps": null,
            "eps_growth_year": null,
            "eps_4q": null,
            "eps_4q_growth_year": null,
            "roe": null,
            "roe_4q": 0,
            "gross_profit": null,
            "gross_margin": null,
            "gross_margin_4q_avg": 0,
            "net_income": null,
            "revenue": null,
            "common_shares": null,
            "book_valuer_per_share": null,
            "book_valuer_per_share_4q_avg": 0,
            "equity": null,
            "current_ratio": null,
            "debt_ratio": null,
            "inventory_turnover_ratio": null,
            "account_receivable_turnover_ratio": null,
            "reinvestment_rate": null,
            "research_to_sale_ratio": null,
            "price_fair": 0,
            "eps_avg_yearly": 0,
            "eps_latest_yearly": 0,
            "eps_growth_yearly": 0
        },
        "20023": {
            "year_quarter": 20023,
            "year": 2002,
            "quarter": 3,
            "eps": null,
            "eps_growth_year": null,
            "eps_4q": null,
            "eps_4q_growth_year": null,
            "roe": null,
            "roe_4q": 0,
            "gross_profit": null,
            "gross_margin": null,
            "gross_margin_4q_avg": 0,
            "net_income": null,
            "revenue": null,
            "common_shares": null,
            "book_valuer_per_share": null,
            "book_valuer_per_share_4q_avg": 0,
            "equity": null,
            "current_ratio": null,
            "debt_ratio": null,
            "inventory_turnover_ratio": null,
            "account_receivable_turnover_ratio": null,
            "reinvestment_rate": null,
            "research_to_sale_ratio": null,
            "price_fair": 0,
            "eps_avg_yearly": 0,
            "eps_latest_yearly": 0,
            "eps_growth_yearly": 0
        },
        "20024": {
            "year_quarter": 20024,
            "year": 2002,
            "quarter": 4,
            "eps": null,
            "eps_growth_year": null,
            "eps_4q": null,
            "eps_4q_growth_year": null,
            "roe": null,
            "roe_4q": 0,
            "gross_profit": null,
            "gross_margin": null,
            "gross_margin_4q_avg": 0,
            "net_income": null,
            "revenue": null,
            "common_shares": 163752,
            "book_valuer_per_share": 7.56,
            "book_valuer_per_share_4q_avg": 1.89,
            "equity": 123849,
            "current_ratio": 74.27,
            "debt_ratio": 43.23,
            "inventory_turnover_ratio": null,
            "account_receivable_turnover_ratio": null,
            "reinvestment_rate": null,
            "research_to_sale_ratio": null,
            "price_fair": 0,
            "eps_avg_yearly": 0,
            "eps_latest_yearly": 0,
            "eps_growth_yearly": 0
        },
        "20031": {
            "year_quarter": 20031,
            "year": 2003,
            "quarter": 1,
            "eps": null,
            "eps_growth_year": null,
            "eps_4q": null,
            "eps_4q_growth_year": null,
            "roe": null,
            "roe_4q": 0,
            "gross_profit": null,
            "gross_margin": null,
            "gross_margin_4q_avg": 0,
            "net_income": null,
            "revenue": null,
            "common_shares": null,
            "book_valuer_per_share": null,
            "book_valuer_per_share_4q_avg": 1.89,
            "equity": null,
            "current_ratio": null,
            "debt_ratio": null,
            "inventory_turnover_ratio": null,
            "account_receivable_turnover_ratio": null,
            "reinvestment_rate": null,
            "research_to_sale_ratio": null,
            "price_fair": 0,
            "eps_avg_yearly": 0,
            "eps_latest_yearly": 0,
            "eps_growth_yearly": 0
        },
        "20032": {
            "year_quarter": 20032,
            "year": 2003,
            "quarter": 2,
            "eps": null,
            "eps_growth_year": null,
            "eps_4q": null,
            "eps_4q_growth_year": null,
            "roe": null,
            "roe_4q": 0,
            "gross_profit": null,
            "gross_margin": null,
            "gross_margin_4q_avg": 0,
            "net_income": null,
            "revenue": null,
            "common_shares": null,
            "book_valuer_per_share": null,
            "book_valuer_per_share_4q_avg": 1.89,
            "equity": null,
            "current_ratio": null,
            "debt_ratio": null,
            "inventory_turnover_ratio": null,
            "account_receivable_turnover_ratio": null,
            "reinvestment_rate": null,
            "research_to_sale_ratio": null,
            "price_fair": 0,
            "eps_avg_yearly": 0,
            "eps_latest_yearly": 0,
            "eps_growth_yearly": 0
        },
        "20033": {
            "year_quarter": 20033,
            "year": 2003,
            "quarter": 3,
            "eps": null,
            "eps_growth_year": null,
            "eps_4q": null,
            "eps_4q_growth_year": null,
            "roe": null,
            "roe_4q": 0,
            "gross_profit": null,
            "gross_margin": null,
            "gross_margin_4q_avg": 0,
            "net_income": null,
            "revenue": null,
            "common_shares": null,
            "book_valuer_per_share": null,
            "book_valuer_per_share_4q_avg": 1.89,
            "equity": null,
            "current_ratio": null,
            "debt_ratio": null,
            "inventory_turnover_ratio": null,
            "account_receivable_turnover_ratio": null,
            "reinvestment_rate": null,
            "research_to_sale_ratio": null,
            "price_fair": 0,
            "eps_avg_yearly": 0,
            "eps_latest_yearly": 0,
            "eps_growth_yearly": 0
        },
        "20034": {
            "year_quarter": 20034,
            "year": 2003,
            "quarter": 4,
            "eps": null,
            "eps_growth_year": null,
            "eps_4q": null,
            "eps_4q_growth_year": null,
            "roe": null,
            "roe_4q": 0,
            "gross_profit": null,
            "gross_margin": null,
            "gross_margin_4q_avg": 0,
            "net_income": null,
            "revenue": null,
            "common_shares": 175602,
            "book_valuer_per_share": 9.6,
            "book_valuer_per_share_4q_avg": 2.4,
            "equity": 168550,
            "current_ratio": 141.62,
            "debt_ratio": 36.26,
            "inventory_turnover_ratio": null,
            "account_receivable_turnover_ratio": null,
            "reinvestment_rate": null,
            "research_to_sale_ratio": null,
            "price_fair": 0,
            "eps_avg_yearly": 0,
            "eps_latest_yearly": 0,
            "eps_growth_yearly": 0
        },
        "20041": {
            "year_quarter": 20041,
            "year": 2004,
            "quarter": 1,
            "eps": null,
            "eps_growth_year": null,
            "eps_4q": null,
            "eps_4q_growth_year": null,
            "roe": null,
            "roe_4q": 0,
            "gross_profit": null,
            "gross_margin": null,
            "gross_margin_4q_avg": 0,
            "net_income": null,
            "revenue": null,
            "common_shares": null,
            "book_valuer_per_share": null,
            "book_valuer_per_share_4q_avg": 2.4,
            "equity": null,
            "current_ratio": null,
            "debt_ratio": null,
            "inventory_turnover_ratio": null,
            "account_receivable_turnover_ratio": null,
            "reinvestment_rate": null,
            "research_to_sale_ratio": null,
            "price_fair": 0,
            "eps_avg_yearly": 0,
            "eps_latest_yearly": 0,
            "eps_growth_yearly": 0
        },
        "20042": {
            "year_quarter": 20042,
            "year": 2004,
            "quarter": 2,
            "eps": null,
            "eps_growth_year": null,
            "eps_4q": null,
            "eps_4q_growth_year": null,
            "roe": null,
            "roe_4q": 0,
            "gross_profit": null,
            "gross_margin": null,
            "gross_margin_4q_avg": 0,
            "net_income": null,
            "revenue": null,
            "common_shares": null,
            "book_valuer_per_share": null,
            "book_valuer_per_share_4q_avg": 2.4,
            "equity": null,
            "current_ratio": null,
            "debt_ratio": null,
            "inventory_turnover_ratio": null,
            "account_receivable_turnover_ratio": null,
            "reinvestment_rate": null,
            "research_to_sale_ratio": null,
            "price_fair": 0,
            "eps_avg_yearly": 0,
            "eps_latest_yearly": 0,
            "eps_growth_yearly": 0
        },
        "20043": {
            "year_quarter": 20043,
            "year": 2004,
            "quarter": 3,
            "eps": null,
            "eps_growth_year": null,
            "eps_4q": null,
            "eps_4q_growth_year": null,
            "roe": null,
            "roe_4q": 0,
            "gross_profit": null,
            "gross_margin": null,
            "gross_margin_4q_avg": 0,
            "net_income": null,
            "revenue": null,
            "common_shares": null,
            "book_valuer_per_share": null,
            "book_valuer_per_share_4q_avg": 2.4,
            "equity": null,
            "current_ratio": null,
            "debt_ratio": null,
            "inventory_turnover_ratio": null,
            "account_receivable_turnover_ratio": null,
            "reinvestment_rate": null,
            "research_to_sale_ratio": null,
            "price_fair": 0,
            "eps_avg_yearly": 0,
            "eps_latest_yearly": 0,
            "eps_growth_yearly": 0
        },
        "20044": {
            "year_quarter": 20044,
            "year": 2004,
            "quarter": 4,
            "eps": null,
            "eps_growth_year": null,
            "eps_4q": null,
            "eps_4q_growth_year": null,
            "roe": null,
            "roe_4q": 0,
            "gross_profit": null,
            "gross_margin": null,
            "gross_margin_4q_avg": 0,
            "net_income": null,
            "revenue": null,
            "common_shares": 270000,
            "book_valuer_per_share": 10.57,
            "book_valuer_per_share_4q_avg": 2.64,
            "equity": 285267,
            "current_ratio": 189.19,
            "debt_ratio": 36.87,
            "inventory_turnover_ratio": null,
            "account_receivable_turnover_ratio": null,
            "reinvestment_rate": null,
            "research_to_sale_ratio": null,
            "price_fair": 0,
            "eps_avg_yearly": 0,
            "eps_latest_yearly": 0,
            "eps_growth_yearly": 0
        },
        "20051": {
            "year_quarter": 20051,
            "year": 2005,
            "quarter": 1,
            "eps": null,
            "eps_growth_year": null,
            "eps_4q": null,
            "eps_4q_growth_year": null,
            "roe": null,
            "roe_4q": 0,
            "gross_profit": null,
            "gross_margin": null,
            "gross_margin_4q_avg": 0,
            "net_income": null,
            "revenue": null,
            "common_shares": null,
            "book_valuer_per_share": null,
            "book_valuer_per_share_4q_avg": 2.64,
            "equity": null,
            "current_ratio": null,
            "debt_ratio": null,
            "inventory_turnover_ratio": null,
            "account_receivable_turnover_ratio": null,
            "reinvestment_rate": null,
            "research_to_sale_ratio": null,
            "price_fair": 0,
            "eps_avg_yearly": 0,
            "eps_latest_yearly": 0,
            "eps_growth_yearly": 0
        },
        "20052": {
            "year_quarter": 20052,
            "year": 2005,
            "quarter": 2,
            "eps": null,
            "eps_growth_year": null,
            "eps_4q": null,
            "eps_4q_growth_year": null,
            "roe": null,
            "roe_4q": 0,
            "gross_profit": null,
            "gross_margin": null,
            "gross_margin_4q_avg": 0,
            "net_income": null,
            "revenue": null,
            "common_shares": null,
            "book_valuer_per_share": null,
            "book_valuer_per_share_4q_avg": 2.64,
            "equity": null,
            "current_ratio": null,
            "debt_ratio": null,
            "inventory_turnover_ratio": null,
            "account_receivable_turnover_ratio": null,
            "reinvestment_rate": null,
            "research_to_sale_ratio": null,
            "price_fair": 0,
            "eps_avg_yearly": 0,
            "eps_latest_yearly": 0,
            "eps_growth_yearly": 0
        },
        "20053": {
            "year_quarter": 20053,
            "year": 2005,
            "quarter": 3,
            "eps": null,
            "eps_growth_year": null,
            "eps_4q": null,
            "eps_4q_growth_year": null,
            "roe": null,
            "roe_4q": 0,
            "gross_profit": null,
            "gross_margin": null,
            "gross_margin_4q_avg": 0,
            "net_income": null,
            "revenue": null,
            "common_shares": null,
            "book_valuer_per_share": null,
            "book_valuer_per_share_4q_avg": 2.64,
            "equity": null,
            "current_ratio": null,
            "debt_ratio": null,
            "inventory_turnover_ratio": null,
            "account_receivable_turnover_ratio": null,
            "reinvestment_rate": null,
            "research_to_sale_ratio": null,
            "price_fair": 0,
            "eps_avg_yearly": 0,
            "eps_latest_yearly": 0,
            "eps_growth_yearly": 0
        },
        "20054": {
            "year_quarter": 20054,
            "year": 2005,
            "quarter": 4,
            "eps": null,
            "eps_growth_year": null,
            "eps_4q": null,
            "eps_4q_growth_year": null,
            "roe": null,
            "roe_4q": 0,
            "gross_profit": null,
            "gross_margin": null,
            "gross_margin_4q_avg": 0,
            "net_income": null,
            "revenue": null,
            "common_shares": 270000,
            "book_valuer_per_share": 11.3,
            "book_valuer_per_share_4q_avg": 2.83,
            "equity": 305130,
            "current_ratio": 178.28,
            "debt_ratio": 38.62,
            "inventory_turnover_ratio": null,
            "account_receivable_turnover_ratio": null,
            "reinvestment_rate": null,
            "research_to_sale_ratio": null,
            "price_fair": 0,
            "eps_avg_yearly": 0,
            "eps_latest_yearly": 0,
            "eps_growth_yearly": 0
        },
        "20061": {
            "year_quarter": 20061,
            "year": 2006,
            "quarter": 1,
            "eps": null,
            "eps_growth_year": null,
            "eps_4q": null,
            "eps_4q_growth_year": null,
            "roe": null,
            "roe_4q": 0,
            "gross_profit": null,
            "gross_margin": null,
            "gross_margin_4q_avg": 0,
            "net_income": null,
            "revenue": null,
            "common_shares": null,
            "book_valuer_per_share": null,
            "book_valuer_per_share_4q_avg": 2.83,
            "equity": null,
            "current_ratio": null,
            "debt_ratio": null,
            "inventory_turnover_ratio": null,
            "account_receivable_turnover_ratio": null,
            "reinvestment_rate": null,
            "research_to_sale_ratio": null,
            "price_fair": 0,
            "eps_avg_yearly": 0,
            "eps_latest_yearly": 0,
            "eps_growth_yearly": 0
        },
        "20062": {
            "year_quarter": 20062,
            "year": 2006,
            "quarter": 2,
            "eps": null,
            "eps_growth_year": null,
            "eps_4q": null,
            "eps_4q_growth_year": null,
            "roe": null,
            "roe_4q": 0,
            "gross_profit": null,
            "gross_margin": null,
            "gross_margin_4q_avg": 0,
            "net_income": null,
            "revenue": null,
            "common_shares": null,
            "book_valuer_per_share": null,
            "book_valuer_per_share_4q_avg": 2.83,
            "equity": null,
            "current_ratio": null,
            "debt_ratio": null,
            "inventory_turnover_ratio": null,
            "account_receivable_turnover_ratio": null,
            "reinvestment_rate": null,
            "research_to_sale_ratio": null,
            "price_fair": 0,
            "eps_avg_yearly": 0,
            "eps_latest_yearly": 0,
            "eps_growth_yearly": 0
        },
        "20063": {
            "year_quarter": 20063,
            "year": 2006,
            "quarter": 3,
            "eps": null,
            "eps_growth_year": null,
            "eps_4q": null,
            "eps_4q_growth_year": null,
            "roe": null,
            "roe_4q": 0,
            "gross_profit": null,
            "gross_margin": null,
            "gross_margin_4q_avg": 0,
            "net_income": null,
            "revenue": null,
            "common_shares": null,
            "book_valuer_per_share": null,
            "book_valuer_per_share_4q_avg": 2.83,
            "equity": null,
            "current_ratio": null,
            "debt_ratio": null,
            "inventory_turnover_ratio": null,
            "account_receivable_turnover_ratio": null,
            "reinvestment_rate": null,
            "research_to_sale_ratio": null,
            "price_fair": 0,
            "eps_avg_yearly": 0,
            "eps_latest_yearly": 0,
            "eps_growth_yearly": 0
        },
        "20064": {
            "year_quarter": 20064,
            "year": 2006,
            "quarter": 4,
            "eps": null,
            "eps_growth_year": null,
            "eps_4q": null,
            "eps_4q_growth_year": null,
            "roe": null,
            "roe_4q": 0,
            "gross_profit": null,
            "gross_margin": null,
            "gross_margin_4q_avg": 0,
            "net_income": null,
            "revenue": null,
            "common_shares": 350000,
            "book_valuer_per_share": 11.34,
            "book_valuer_per_share_4q_avg": 2.84,
            "equity": 396753,
            "current_ratio": 281.12,
            "debt_ratio": 29.22,
            "inventory_turnover_ratio": null,
            "account_receivable_turnover_ratio": null,
            "reinvestment_rate": null,
            "research_to_sale_ratio": null,
            "price_fair": 0,
            "eps_avg_yearly": 0,
            "eps_latest_yearly": 0,
            "eps_growth_yearly": 0
        },
        "20071": {
            "year_quarter": 20071,
            "year": 2007,
            "quarter": 1,
            "eps": null,
            "eps_growth_year": null,
            "eps_4q": null,
            "eps_4q_growth_year": null,
            "roe": null,
            "roe_4q": 0,
            "gross_profit": null,
            "gross_margin": null,
            "gross_margin_4q_avg": 0,
            "net_income": null,
            "revenue": null,
            "common_shares": null,
            "book_valuer_per_share": null,
            "book_valuer_per_share_4q_avg": 2.84,
            "equity": null,
            "current_ratio": null,
            "debt_ratio": null,
            "inventory_turnover_ratio": null,
            "account_receivable_turnover_ratio": null,
            "reinvestment_rate": null,
            "research_to_sale_ratio": null,
            "price_fair": 0,
            "eps_avg_yearly": 0,
            "eps_latest_yearly": 0,
            "eps_growth_yearly": 0
        },
        "20072": {
            "year_quarter": 20072,
            "year": 2007,
            "quarter": 2,
            "eps": null,
            "eps_growth_year": null,
            "eps_4q": null,
            "eps_4q_growth_year": null,
            "roe": null,
            "roe_4q": 0,
            "gross_profit": null,
            "gross_margin": null,
            "gross_margin_4q_avg": 0,
            "net_income": null,
            "revenue": null,
            "common_shares": null,
            "book_valuer_per_share": null,
            "book_valuer_per_share_4q_avg": 2.84,
            "equity": null,
            "current_ratio": null,
            "debt_ratio": null,
            "inventory_turnover_ratio": null,
            "account_receivable_turnover_ratio": null,
            "reinvestment_rate": null,
            "research_to_sale_ratio": null,
            "price_fair": 0,
            "eps_avg_yearly": 0,
            "eps_latest_yearly": 0,
            "eps_growth_yearly": 0
        },
        "20073": {
            "year_quarter": 20073,
            "year": 2007,
            "quarter": 3,
            "eps": null,
            "eps_growth_year": null,
            "eps_4q": null,
            "eps_4q_growth_year": null,
            "roe": null,
            "roe_4q": 0,
            "gross_profit": null,
            "gross_margin": null,
            "gross_margin_4q_avg": 0,
            "net_income": null,
            "revenue": null,
            "common_shares": null,
            "book_valuer_per_share": null,
            "book_valuer_per_share_4q_avg": 2.84,
            "equity": null,
            "current_ratio": null,
            "debt_ratio": null,
            "inventory_turnover_ratio": null,
            "account_receivable_turnover_ratio": null,
            "reinvestment_rate": null,
            "research_to_sale_ratio": null,
            "price_fair": 0,
            "eps_avg_yearly": 0,
            "eps_latest_yearly": 0,
            "eps_growth_yearly": 0
        },
        "20074": {
            "year_quarter": 20074,
            "year": 2007,
            "quarter": 4,
            "eps": null,
            "eps_growth_year": null,
            "eps_4q": null,
            "eps_4q_growth_year": null,
            "roe": null,
            "roe_4q": 0,
            "gross_profit": null,
            "gross_margin": null,
            "gross_margin_4q_avg": 0,
            "net_income": null,
            "revenue": null,
            "common_shares": 352520,
            "book_valuer_per_share": 12.02,
            "book_valuer_per_share_4q_avg": 3.01,
            "equity": 423648,
            "current_ratio": 248.99,
            "debt_ratio": 24.53,
            "inventory_turnover_ratio": null,
            "account_receivable_turnover_ratio": null,
            "reinvestment_rate": null,
            "research_to_sale_ratio": null,
            "price_fair": 0,
            "eps_avg_yearly": 0,
            "eps_latest_yearly": 0,
            "eps_growth_yearly": 0
        },
        "20081": {
            "year_quarter": 20081,
            "year": 2008,
            "quarter": 1,
            "eps": null,
            "eps_growth_year": null,
            "eps_4q": null,
            "eps_4q_growth_year": null,
            "roe": null,
            "roe_4q": 0,
            "gross_profit": null,
            "gross_margin": null,
            "gross_margin_4q_avg": 0,
            "net_income": null,
            "revenue": null,
            "common_shares": null,
            "book_valuer_per_share": null,
            "book_valuer_per_share_4q_avg": 3.01,
            "equity": null,
            "current_ratio": null,
            "debt_ratio": null,
            "inventory_turnover_ratio": null,
            "account_receivable_turnover_ratio": null,
            "reinvestment_rate": null,
            "research_to_sale_ratio": null,
            "price_fair": 0,
            "eps_avg_yearly": 0,
            "eps_latest_yearly": 0,
            "eps_growth_yearly": 0
        },
        "20082": {
            "year_quarter": 20082,
            "year": 2008,
            "quarter": 2,
            "eps": null,
            "eps_growth_year": null,
            "eps_4q": null,
            "eps_4q_growth_year": null,
            "roe": null,
            "roe_4q": 0,
            "gross_profit": null,
            "gross_margin": null,
            "gross_margin_4q_avg": 0,
            "net_income": null,
            "revenue": null,
            "common_shares": null,
            "book_valuer_per_share": null,
            "book_valuer_per_share_4q_avg": 3.01,
            "equity": null,
            "current_ratio": null,
            "debt_ratio": null,
            "inventory_turnover_ratio": null,
            "account_receivable_turnover_ratio": null,
            "reinvestment_rate": null,
            "research_to_sale_ratio": null,
            "price_fair": 0,
            "eps_avg_yearly": 0,
            "eps_latest_yearly": 0,
            "eps_growth_yearly": 0
        },
        "20083": {
            "year_quarter": 20083,
            "year": 2008,
            "quarter": 3,
            "eps": null,
            "eps_growth_year": null,
            "eps_4q": null,
            "eps_4q_growth_year": null,
            "roe": null,
            "roe_4q": 0,
            "gross_profit": null,
            "gross_margin": null,
            "gross_margin_4q_avg": 0,
            "net_income": null,
            "revenue": null,
            "common_shares": null,
            "book_valuer_per_share": null,
            "book_valuer_per_share_4q_avg": 3.01,
            "equity": null,
            "current_ratio": null,
            "debt_ratio": null,
            "inventory_turnover_ratio": null,
            "account_receivable_turnover_ratio": null,
            "reinvestment_rate": null,
            "research_to_sale_ratio": null,
            "price_fair": 0,
            "eps_avg_yearly": 0,
            "eps_latest_yearly": 0,
            "eps_growth_yearly": 0
        },
        "20084": {
            "year_quarter": 20084,
            "year": 2008,
            "quarter": 4,
            "eps": null,
            "eps_growth_year": null,
            "eps_4q": null,
            "eps_4q_growth_year": null,
            "roe": null,
            "roe_4q": 0,
            "gross_profit": null,
            "gross_margin": null,
            "gross_margin_4q_avg": 0,
            "net_income": null,
            "revenue": null,
            "common_shares": 352520,
            "book_valuer_per_share": 11.74,
            "book_valuer_per_share_4q_avg": 2.94,
            "equity": 414031,
            "current_ratio": 251.4,
            "debt_ratio": 30.35,
            "inventory_turnover_ratio": null,
            "account_receivable_turnover_ratio": null,
            "reinvestment_rate": null,
            "research_to_sale_ratio": null,
            "price_fair": 0,
            "eps_avg_yearly": 0,
            "eps_latest_yearly": 0,
            "eps_growth_yearly": 0
        },
        "20091": {
            "year_quarter": 20091,
            "year": 2009,
            "quarter": 1,
            "eps": -0.53,
            "eps_growth_year": null,
            "eps_4q": null,
            "eps_4q_growth_year": null,
            "roe": -4.56,
            "roe_4q": -4.56,
            "gross_profit": -9804,
            "gross_margin": -28.22,
            "gross_margin_4q_avg": -7.06,
            "net_income": -18453,
            "revenue": 34743,
            "common_shares": 352520,
            "book_valuer_per_share": 11.2,
            "book_valuer_per_share_4q_avg": 5.74,
            "equity": 394647,
            "current_ratio": 232.86,
            "debt_ratio": 30.54,
            "inventory_turnover_ratio": null,
            "account_receivable_turnover_ratio": 1.18,
            "reinvestment_rate": null,
            "research_to_sale_ratio": null,
            "price_fair": 0,
            "eps_avg_yearly": 0,
            "eps_latest_yearly": 0,
            "eps_growth_yearly": 0
        },
        "20092": {
            "year_quarter": 20092,
            "year": 2009,
            "quarter": 2,
            "eps": 0.28,
            "eps_growth_year": null,
            "eps_4q": null,
            "eps_4q_growth_year": null,
            "roe": 2.48,
            "roe_4q": -2.0799999999999996,
            "gross_profit": 20689,
            "gross_margin": 26.51,
            "gross_margin_4q_avg": -0.43,
            "net_income": 9863,
            "revenue": 78046,
            "common_shares": 352520,
            "book_valuer_per_share": 11.33,
            "book_valuer_per_share_4q_avg": 8.57,
            "equity": 399576,
            "current_ratio": 246.79,
            "debt_ratio": 27.85,
            "inventory_turnover_ratio": null,
            "account_receivable_turnover_ratio": 1.89,
            "reinvestment_rate": null,
            "research_to_sale_ratio": null,
            "price_fair": 0,
            "eps_avg_yearly": 0,
            "eps_latest_yearly": 0,
            "eps_growth_yearly": 0
        },
        "20093": {
            "year_quarter": 20093,
            "year": 2009,
            "quarter": 3,
            "eps": 0.88,
            "eps_growth_year": null,
            "eps_4q": null,
            "eps_4q_growth_year": null,
            "roe": 7.35,
            "roe_4q": 5.2700000000000005,
            "gross_profit": 45672,
            "gross_margin": 40.65,
            "gross_margin_4q_avg": 9.74,
            "net_income": 30478,
            "revenue": 112350,
            "common_shares": 352520,
            "book_valuer_per_share": 12.2,
            "book_valuer_per_share_4q_avg": 11.62,
            "equity": 429985,
            "current_ratio": 226.54,
            "debt_ratio": 27.17,
            "inventory_turnover_ratio": null,
            "account_receivable_turnover_ratio": 1.11,
            "reinvestment_rate": null,
            "research_to_sale_ratio": null,
            "price_fair": 123.2,
            "eps_avg_yearly": 3.52,
            "eps_latest_yearly": 3.52,
            "eps_growth_yearly": 857.14
        },
        "20094": {
            "year_quarter": 20094,
            "year": 2009,
            "quarter": 4,
            "eps": 0.51,
            "eps_growth_year": null,
            "eps_4q": 1.12,
            "eps_4q_growth_year": null,
            "roe": 4.04,
            "roe_4q": 9.310000000000002,
            "gross_profit": 42589,
            "gross_margin": 37.19,
            "gross_margin_4q_avg": 19.03,
            "net_income": 17725,
            "revenue": 114514,
            "common_shares": 352520,
            "book_valuer_per_share": 12.68,
            "book_valuer_per_share_4q_avg": 11.85,
            "equity": 447057,
            "current_ratio": 199.48,
            "debt_ratio": 35.84,
            "inventory_turnover_ratio": null,
            "account_receivable_turnover_ratio": 1.87,
            "reinvestment_rate": null,
            "research_to_sale_ratio": null,
            "price_fair": 97.3,
            "eps_avg_yearly": 2.78,
            "eps_latest_yearly": 2.04,
            "eps_growth_yearly": 344.48
        },
        "20101": {
            "year_quarter": 20101,
            "year": 2010,
            "quarter": 1,
            "eps": null,
            "eps_growth_year": null,
            "eps_4q": null,
            "eps_4q_growth_year": null,
            "roe": null,
            "roe_4q": 13.870000000000001,
            "gross_profit": 39727,
            "gross_margin": null,
            "gross_margin_4q_avg": 26.09,
            "net_income": 18010,
            "revenue": 113495,
            "common_shares": 352520,
            "book_valuer_per_share": 13.47,
            "book_valuer_per_share_4q_avg": 12.42,
            "equity": 474894,
            "current_ratio": 178.72,
            "debt_ratio": 33.15,
            "inventory_turnover_ratio": null,
            "account_receivable_turnover_ratio": null,
            "reinvestment_rate": null,
            "research_to_sale_ratio": null,
            "price_fair": 97.3,
            "eps_avg_yearly": 2.78,
            "eps_latest_yearly": 2.04,
            "eps_growth_yearly": 344.48
        },
        "20102": {
            "year_quarter": 20102,
            "year": 2010,
            "quarter": 2,
            "eps": 0.98,
            "eps_growth_year": 249.76,
            "eps_4q": 2.35,
            "eps_4q_growth_year": null,
            "roe": 7.28,
            "roe_4q": 18.67,
            "gross_profit": 57834,
            "gross_margin": 40.86,
            "gross_margin_4q_avg": 29.68,
            "net_income": 34523,
            "revenue": 141552,
            "common_shares": 352520,
            "book_valuer_per_share": 13.45,
            "book_valuer_per_share_4q_avg": 12.95,
            "equity": 474165,
            "current_ratio": 136.15,
            "debt_ratio": 41.69,
            "inventory_turnover_ratio": null,
            "account_receivable_turnover_ratio": 1.89,
            "reinvestment_rate": null,
            "research_to_sale_ratio": null,
            "price_fair": 97.3,
            "eps_avg_yearly": 2.78,
            "eps_latest_yearly": 2.04,
            "eps_growth_yearly": 344.48
        },
        "20103": {
            "year_quarter": 20103,
            "year": 2010,
            "quarter": 3,
            "eps": 0.7,
            "eps_growth_year": -20.43,
            "eps_4q": 2.18,
            "eps_4q_growth_year": null,
            "roe": 5.07,
            "roe_4q": 16.39,
            "gross_profit": 45046,
            "gross_margin": 32.74,
            "gross_margin_4q_avg": 27.7,
            "net_income": 24683,
            "revenue": 137599,
            "common_shares": 352520,
            "book_valuer_per_share": 14.15,
            "book_valuer_per_share_4q_avg": 13.44,
            "equity": 498848,
            "current_ratio": 150.14,
            "debt_ratio": 42.44,
            "inventory_turnover_ratio": null,
            "account_receivable_turnover_ratio": 0.92,
            "reinvestment_rate": null,
            "research_to_sale_ratio": 4.06,
            "price_fair": 97.53,
            "eps_avg_yearly": 2.79,
            "eps_latest_yearly": 2.8,
            "eps_growth_yearly": 191.56
        },
        "20104": {
            "year_quarter": 20104,
            "year": 2010,
            "quarter": 4,
            "eps": 0.15,
            "eps_growth_year": -70.38,
            "eps_4q": 1.63,
            "eps_4q_growth_year": 45.16,
            "roe": 1.12,
            "roe_4q": 13.47,
            "gross_profit": 23913,
            "gross_margin": 23.08,
            "gross_margin_4q_avg": 24.17,
            "net_income": 6043,
            "revenue": 103598,
            "common_shares": 400000,
            "book_valuer_per_share": 14.41,
            "book_valuer_per_share_4q_avg": 13.87,
            "equity": 576470,
            "current_ratio": 245.32,
            "debt_ratio": 32.13,
            "inventory_turnover_ratio": null,
            "account_receivable_turnover_ratio": 0.8,
            "reinvestment_rate": null,
            "research_to_sale_ratio": 5.06,
            "price_fair": 78.4,
            "eps_avg_yearly": 2.24,
            "eps_latest_yearly": 0.6,
            "eps_growth_yearly": 65.1
        },
        "20111": {
            "year_quarter": 20111,
            "year": 2011,
            "quarter": 1,
            "eps": 0.24,
            "eps_growth_year": null,
            "eps_4q": 1.89,
            "eps_4q_growth_year": null,
            "roe": 1.66,
            "roe_4q": 15.13,
            "gross_profit": 25479,
            "gross_margin": 25.01,
            "gross_margin_4q_avg": 30.42,
            "net_income": 9551,
            "revenue": 101880,
            "common_shares": 400000,
            "book_valuer_per_share": 14.59,
            "book_valuer_per_share_4q_avg": 14.15,
            "equity": 576558,
            "current_ratio": 258.95,
            "debt_ratio": 29.82,
            "inventory_turnover_ratio": null,
            "account_receivable_turnover_ratio": 0.92,
            "reinvestment_rate": null,
            "research_to_sale_ratio": 4.98,
            "price_fair": 69.44,
            "eps_avg_yearly": 1.98,
            "eps_latest_yearly": 0.96,
            "eps_growth_yearly": 100.08
        },
        "20112": {
            "year_quarter": 20112,
            "year": 2011,
            "quarter": 2,
            "eps": 0.26,
            "eps_growth_year": -73.74,
            "eps_4q": 1.28,
            "eps_4q_growth_year": -45.25,
            "roe": 1.84,
            "roe_4q": 9.690000000000001,
            "gross_profit": 29465,
            "gross_margin": 25.77,
            "gross_margin_4q_avg": 26.65,
            "net_income": 10079,
            "revenue": 114335,
            "common_shares": 400000,
            "book_valuer_per_share": 13.29,
            "book_valuer_per_share_4q_avg": 14.11,
            "equity": 521029,
            "current_ratio": 132.65,
            "debt_ratio": 37.41,
            "inventory_turnover_ratio": null,
            "account_receivable_turnover_ratio": 0.96,
            "reinvestment_rate": null,
            "research_to_sale_ratio": 4.81,
            "price_fair": 63.93,
            "eps_avg_yearly": 1.83,
            "eps_latest_yearly": 1.04,
            "eps_growth_yearly": 88.95
        },
        "20113": {
            "year_quarter": 20113,
            "year": 2011,
            "quarter": 3,
            "eps": -0.22,
            "eps_growth_year": -132.06,
            "eps_4q": 0.43,
            "eps_4q_growth_year": -80.27,
            "roe": -1.7,
            "roe_4q": 2.92,
            "gross_profit": 5839,
            "gross_margin": 6.44,
            "gross_margin_4q_avg": 20.08,
            "net_income": -8798,
            "revenue": 90713,
            "common_shares": 400000,
            "book_valuer_per_share": 13.07,
            "book_valuer_per_share_4q_avg": 13.84,
            "equity": 512231,
            "current_ratio": 135.34,
            "debt_ratio": 34.06,
            "inventory_turnover_ratio": null,
            "account_receivable_turnover_ratio": 0.81,
            "reinvestment_rate": null,
            "research_to_sale_ratio": 5.96,
            "price_fair": 63.93,
            "eps_avg_yearly": 1.83,
            "eps_latest_yearly": 1.04,
            "eps_growth_yearly": 88.95
        },
        "20114": {
            "year_quarter": 20114,
            "year": 2011,
            "quarter": 4,
            "eps": -0.46,
            "eps_growth_year": -402.01,
            "eps_4q": -0.18,
            "eps_4q_growth_year": -111.03,
            "roe": -3.56,
            "roe_4q": -1.76,
            "gross_profit": -4520,
            "gross_margin": -6.25,
            "gross_margin_4q_avg": 12.74,
            "net_income": -17883,
            "revenue": 72330,
            "common_shares": 400000,
            "book_valuer_per_share": 12.59,
            "book_valuer_per_share_4q_avg": 13.39,
            "equity": 493491,
            "current_ratio": 197.5,
            "debt_ratio": 37.9,
            "inventory_turnover_ratio": null,
            "account_receivable_turnover_ratio": 0.79,
            "reinvestment_rate": null,
            "research_to_sale_ratio": 6.93,
            "price_fair": 63.93,
            "eps_avg_yearly": 1.83,
            "eps_latest_yearly": 1.04,
            "eps_growth_yearly": 88.95
        },
        "20121": {
            "year_quarter": 20121,
            "year": 2012,
            "quarter": 1,
            "eps": -0.1,
            "eps_growth_year": -141.67,
            "eps_4q": -0.53,
            "eps_4q_growth_year": -127.93,
            "roe": -0.83,
            "roe_4q": -4.25,
            "gross_profit": 11463,
            "gross_margin": 12.97,
            "gross_margin_4q_avg": 9.73,
            "net_income": -4076,
            "revenue": 88387,
            "common_shares": 400000,
            "book_valuer_per_share": 12.5,
            "book_valuer_per_share_4q_avg": 12.86,
            "equity": 488690,
            "current_ratio": 211.6,
            "debt_ratio": 35.88,
            "inventory_turnover_ratio": null,
            "account_receivable_turnover_ratio": 0.94,
            "reinvestment_rate": null,
            "research_to_sale_ratio": 5.75,
            "price_fair": 63.93,
            "eps_avg_yearly": 1.83,
            "eps_latest_yearly": 1.04,
            "eps_growth_yearly": 88.95
        },
        "20122": {
            "year_quarter": 20122,
            "year": 2012,
            "quarter": 2,
            "eps": 0.15,
            "eps_growth_year": -42.86,
            "eps_4q": -0.64,
            "eps_4q_growth_year": -149.78,
            "roe": 1.18,
            "roe_4q": -4.91,
            "gross_profit": 23709,
            "gross_margin": 21.56,
            "gross_margin_4q_avg": 8.68,
            "net_income": 5746,
            "revenue": 109962,
            "common_shares": 400000,
            "book_valuer_per_share": 12.47,
            "book_valuer_per_share_4q_avg": 12.66,
            "equity": 487436,
            "current_ratio": 200.18,
            "debt_ratio": 35.79,
            "inventory_turnover_ratio": null,
            "account_receivable_turnover_ratio": 0.97,
            "reinvestment_rate": null,
            "research_to_sale_ratio": 5.07,
            "price_fair": 63.93,
            "eps_avg_yearly": 1.83,
            "eps_latest_yearly": 1.04,
            "eps_growth_yearly": 88.95
        },
        "20123": {
            "year_quarter": 20123,
            "year": 2012,
            "quarter": 3,
            "eps": 0.12,
            "eps_growth_year": null,
            "eps_4q": -0.3,
            "eps_4q_growth_year": -169.29,
            "roe": 0.93,
            "roe_4q": -2.2800000000000002,
            "gross_profit": 26593,
            "gross_margin": 23.88,
            "gross_margin_4q_avg": 13.04,
            "net_income": 4547,
            "revenue": 111349,
            "common_shares": 400000,
            "book_valuer_per_share": 12.58,
            "book_valuer_per_share_4q_avg": 12.54,
            "equity": 491983,
            "current_ratio": 223.2,
            "debt_ratio": 33.23,
            "inventory_turnover_ratio": null,
            "account_receivable_turnover_ratio": 0.93,
            "reinvestment_rate": null,
            "research_to_sale_ratio": 5.47,
            "price_fair": 57.2,
            "eps_avg_yearly": 1.63,
            "eps_latest_yearly": 0.48,
            "eps_growth_yearly": 64.82
        },
        "20124": {
            "year_quarter": 20124,
            "year": 2012,
            "quarter": 4,
            "eps": -0.62,
            "eps_growth_year": null,
            "eps_4q": -0.46,
            "eps_4q_growth_year": null,
            "roe": -4.99,
            "roe_4q": -3.710000000000001,
            "gross_profit": 7850,
            "gross_margin": 9.15,
            "gross_margin_4q_avg": 16.89,
            "net_income": -23724,
            "revenue": 85803,
            "common_shares": 400000,
            "book_valuer_per_share": 12.06,
            "book_valuer_per_share_4q_avg": 12.4,
            "equity": 459497,
            "current_ratio": 240.14,
            "debt_ratio": 31.62,
            "inventory_turnover_ratio": null,
            "account_receivable_turnover_ratio": 0.83,
            "reinvestment_rate": 4.74,
            "research_to_sale_ratio": 7.14,
            "price_fair": 57.2,
            "eps_avg_yearly": 1.63,
            "eps_latest_yearly": 0.48,
            "eps_growth_yearly": 64.82
        },
        "20131": {
            "year_quarter": 20131,
            "year": 2013,
            "quarter": 1,
            "eps": -0.22,
            "eps_growth_year": null,
            "eps_4q": -0.57,
            "eps_4q_growth_year": null,
            "roe": -1.82,
            "roe_4q": -4.700000000000001,
            "gross_profit": 8051,
            "gross_margin": 10.42,
            "gross_margin_4q_avg": 16.25,
            "net_income": -8260,
            "revenue": 77229,
            "common_shares": 390030,
            "book_valuer_per_share": 11.76,
            "book_valuer_per_share_4q_avg": 12.22,
            "equity": 448212,
            "current_ratio": 259.36,
            "debt_ratio": 29.03,
            "inventory_turnover_ratio": null,
            "account_receivable_turnover_ratio": 0.82,
            "reinvestment_rate": -10.43,
            "research_to_sale_ratio": 7.51,
            "price_fair": 57.2,
            "eps_avg_yearly": 1.63,
            "eps_latest_yearly": 0.48,
            "eps_growth_yearly": 64.82
        },
        "20132": {
            "year_quarter": 20132,
            "year": 2013,
            "quarter": 2,
            "eps": 0.24,
            "eps_growth_year": 63.33,
            "eps_4q": -0.51,
            "eps_4q_growth_year": null,
            "roe": 2.02,
            "roe_4q": -3.86,
            "gross_profit": 25038,
            "gross_margin": 24.89,
            "gross_margin_4q_avg": 17.09,
            "net_income": 8879,
            "revenue": 100607,
            "common_shares": 390030,
            "book_valuer_per_share": 11.97,
            "book_valuer_per_share_4q_avg": 12.09,
            "equity": 432046,
            "current_ratio": 243.21,
            "debt_ratio": 27.54,
            "inventory_turnover_ratio": null,
            "account_receivable_turnover_ratio": 0.95,
            "reinvestment_rate": -37.05,
            "research_to_sale_ratio": 5.9,
            "price_fair": 57.2,
            "eps_avg_yearly": 1.63,
            "eps_latest_yearly": 0.48,
            "eps_growth_yearly": 64.82
        },
        "20133": {
            "year_quarter": 20133,
            "year": 2013,
            "quarter": 3,
            "eps": 0.31,
            "eps_growth_year": 166.59,
            "eps_4q": -0.34,
            "eps_4q_growth_year": null,
            "roe": 2.54,
            "roe_4q": -2.25,
            "gross_profit": 30435,
            "gross_margin": 28.07,
            "gross_margin_4q_avg": 18.13,
            "net_income": 11083,
            "revenue": 108433,
            "common_shares": 370030,
            "book_valuer_per_share": 12.3,
            "book_valuer_per_share_4q_avg": 12.02,
            "equity": 439291,
            "current_ratio": 286.07,
            "debt_ratio": 22.38,
            "inventory_turnover_ratio": null,
            "account_receivable_turnover_ratio": 1.04,
            "reinvestment_rate": -105.3,
            "research_to_sale_ratio": 5.46,
            "price_fair": 3.93,
            "eps_avg_yearly": 1.31,
            "eps_latest_yearly": 1.24,
            "eps_growth_yearly": -40.96
        },
        "20134": {
            "year_quarter": 20134,
            "year": 2013,
            "quarter": 4,
            "eps": 0.22,
            "eps_growth_year": null,
            "eps_4q": 0.55,
            "eps_4q_growth_year": null,
            "roe": 1.74,
            "roe_4q": 4.48,
            "gross_profit": 23102,
            "gross_margin": 23.21,
            "gross_margin_4q_avg": 21.65,
            "net_income": 7701,
            "revenue": 99525,
            "common_shares": 364780,
            "book_valuer_per_share": 12.52,
            "book_valuer_per_share_4q_avg": 12.14,
            "equity": 445427,
            "current_ratio": 347.95,
            "debt_ratio": 18.51,
            "inventory_turnover_ratio": null,
            "account_receivable_turnover_ratio": 1.1,
            "reinvestment_rate": -190.29,
            "research_to_sale_ratio": 7.33,
            "price_fair": 3.43,
            "eps_avg_yearly": 1.14,
            "eps_latest_yearly": 0.88,
            "eps_growth_yearly": -33.53
        },
        "20141": {
            "year_quarter": 20141,
            "year": 2014,
            "quarter": 1,
            "eps": 0.09,
            "eps_growth_year": null,
            "eps_4q": 0.87,
            "eps_4q_growth_year": null,
            "roe": 0.7,
            "roe_4q": 7,
            "gross_profit": 18343,
            "gross_margin": 21.03,
            "gross_margin_4q_avg": 24.3,
            "net_income": 3116,
            "revenue": 87221,
            "common_shares": 360590,
            "book_valuer_per_share": 12.61,
            "book_valuer_per_share_4q_avg": 12.35,
            "equity": 448543,
            "current_ratio": 473.38,
            "debt_ratio": 13.04,
            "inventory_turnover_ratio": null,
            "account_receivable_turnover_ratio": 1.02,
            "reinvestment_rate": -313.73,
            "research_to_sale_ratio": 6.68,
            "price_fair": 3.14,
            "eps_avg_yearly": 1.05,
            "eps_latest_yearly": 0.36,
            "eps_growth_yearly": -58.88
        },
        "20142": {
            "year_quarter": 20142,
            "year": 2014,
            "quarter": 2,
            "eps": 0.32,
            "eps_growth_year": 33.33,
            "eps_4q": 0.93,
            "eps_4q_growth_year": null,
            "roe": 2.51,
            "roe_4q": 7.49,
            "gross_profit": 29559,
            "gross_margin": 29.59,
            "gross_margin_4q_avg": 25.48,
            "net_income": 11234,
            "revenue": 99901,
            "common_shares": 356720,
            "book_valuer_per_share": 12.52,
            "book_valuer_per_share_4q_avg": 12.49,
            "equity": 445545,
            "current_ratio": 411.89,
            "debt_ratio": 14.98,
            "inventory_turnover_ratio": null,
            "account_receivable_turnover_ratio": 1.07,
            "reinvestment_rate": -708.2,
            "research_to_sale_ratio": 5.72,
            "price_fair": 37.49,
            "eps_avg_yearly": 1.07,
            "eps_latest_yearly": 1.28,
            "eps_growth_yearly": 61.24
        },
        "20143": {
            "year_quarter": 20143,
            "year": 2014,
            "quarter": 3,
            "eps": 0.45,
            "eps_growth_year": 45.16,
            "eps_4q": 1.07,
            "eps_4q_growth_year": null,
            "roe": 3.53,
            "roe_4q": 8.479999999999999,
            "gross_profit": 34380,
            "gross_margin": 32.06,
            "gross_margin_4q_avg": 26.47,
            "net_income": 15990,
            "revenue": 107224,
            "common_shares": 356720,
            "book_valuer_per_share": 12.97,
            "book_valuer_per_share_4q_avg": 12.66,
            "equity": 461535,
            "current_ratio": 512.12,
            "debt_ratio": 12.16,
            "inventory_turnover_ratio": null,
            "account_receivable_turnover_ratio": 1.02,
            "reinvestment_rate": -1047,
            "research_to_sale_ratio": 5.25,
            "price_fair": 33.6,
            "eps_avg_yearly": 0.96,
            "eps_latest_yearly": 1.8,
            "eps_growth_yearly": 91.99
        },
        "20144": {
            "year_quarter": 20144,
            "year": 2014,
            "quarter": 4,
            "eps": 0.16,
            "eps_growth_year": -24.25,
            "eps_4q": 1.02,
            "eps_4q_growth_year": 86.5,
            "roe": 1.26,
            "roe_4q": 8,
            "gross_profit": 18648,
            "gross_margin": 21.84,
            "gross_margin_4q_avg": 26.13,
            "net_income": 5831,
            "revenue": 85385,
            "common_shares": 356720,
            "book_valuer_per_share": 13.14,
            "book_valuer_per_share_4q_avg": 12.81,
            "equity": 467171,
            "current_ratio": 603.94,
            "debt_ratio": 11,
            "inventory_turnover_ratio": null,
            "account_receivable_turnover_ratio": 0.87,
            "reinvestment_rate": -1012.56,
            "research_to_sale_ratio": 5.27,
            "price_fair": 33.76,
            "eps_avg_yearly": 0.96,
            "eps_latest_yearly": 0.64,
            "eps_growth_yearly": 98.27
        },
        "20151": {
            "year_quarter": 20151,
            "year": 2015,
            "quarter": 1,
            "eps": 0.21,
            "eps_growth_year": 133.33,
            "eps_4q": 1.14,
            "eps_4q_growth_year": 31.6,
            "roe": 1.56,
            "roe_4q": 8.86,
            "gross_profit": 23189,
            "gross_margin": 27.67,
            "gross_margin_4q_avg": 27.79,
            "net_income": 7329,
            "revenue": 83801,
            "common_shares": 355810,
            "book_valuer_per_share": 13.34,
            "book_valuer_per_share_4q_avg": 12.99,
            "equity": 473218,
            "current_ratio": 809.55,
            "debt_ratio": 8.96,
            "inventory_turnover_ratio": null,
            "account_receivable_turnover_ratio": 0.99,
            "reinvestment_rate": -1110.65,
            "research_to_sale_ratio": 5.4,
            "price_fair": 33.29,
            "eps_avg_yearly": 0.95,
            "eps_latest_yearly": 0.84,
            "eps_growth_yearly": 85.49
        },
        "20152": {
            "year_quarter": 20152,
            "year": 2015,
            "quarter": 2,
            "eps": 0.23,
            "eps_growth_year": -28.12,
            "eps_4q": 1.06,
            "eps_4q_growth_year": 13.45,
            "roe": 1.79,
            "roe_4q": 8.14,
            "gross_profit": 24655,
            "gross_margin": 29.77,
            "gross_margin_4q_avg": 27.84,
            "net_income": 8329,
            "revenue": 82805,
            "common_shares": 355810,
            "book_valuer_per_share": 12.87,
            "book_valuer_per_share_4q_avg": 13.08,
            "equity": 456715,
            "current_ratio": 317.02,
            "debt_ratio": 14.13,
            "inventory_turnover_ratio": null,
            "account_receivable_turnover_ratio": 1.02,
            "reinvestment_rate": -915.44,
            "research_to_sale_ratio": 5.2,
            "price_fair": 32.82,
            "eps_avg_yearly": 0.94,
            "eps_latest_yearly": 0.92,
            "eps_growth_yearly": 86.02
        },
        "20153": {
            "year_quarter": 20153,
            "year": 2015,
            "quarter": 3,
            "eps": 0.38,
            "eps_growth_year": -15.56,
            "eps_4q": 0.99,
            "eps_4q_growth_year": -7.65,
            "roe": 2.92,
            "roe_4q": 7.529999999999999,
            "gross_profit": 29019,
            "gross_margin": 35.56,
            "gross_margin_4q_avg": 28.71,
            "net_income": 13538,
            "revenue": 81605,
            "common_shares": 355810,
            "book_valuer_per_share": 13.26,
            "book_valuer_per_share_4q_avg": 13.15,
            "equity": 470253,
            "current_ratio": 549.35,
            "debt_ratio": 9.03,
            "inventory_turnover_ratio": null,
            "account_receivable_turnover_ratio": 1.01,
            "reinvestment_rate": -502.88,
            "research_to_sale_ratio": 4.13,
            "price_fair": 34.86,
            "eps_avg_yearly": 1,
            "eps_latest_yearly": 1.52,
            "eps_growth_yearly": 103.51
        },
        "20154": {
            "year_quarter": 20154,
            "year": 2015,
            "quarter": 4,
            "eps": 0.41,
            "eps_growth_year": 151.03,
            "eps_4q": 1.23,
            "eps_4q_growth_year": 21.39,
            "roe": 3.06,
            "roe_4q": 9.33,
            "gross_profit": 32276,
            "gross_margin": 37.77,
            "gross_margin_4q_avg": 32.69,
            "net_income": 14600,
            "revenue": 85449,
            "common_shares": 355810,
            "book_valuer_per_share": 13.64,
            "book_valuer_per_share_4q_avg": 13.28,
            "equity": 483854,
            "current_ratio": 388.05,
            "debt_ratio": 9.21,
            "inventory_turnover_ratio": null,
            "account_receivable_turnover_ratio": 1.01,
            "reinvestment_rate": -215.56,
            "research_to_sale_ratio": 4.5,
            "price_fair": 36.91,
            "eps_avg_yearly": 1.05,
            "eps_latest_yearly": 1.64,
            "eps_growth_yearly": 96.97
        },
        "20161": {
            "year_quarter": 20161,
            "year": 2016,
            "quarter": 1,
            "eps": 0.38,
            "eps_growth_year": 80.95,
            "eps_4q": 1.4,
            "eps_4q_growth_year": 23.25,
            "roe": 2.71,
            "roe_4q": 10.48,
            "gross_profit": 34286,
            "gross_margin": 40.48,
            "gross_margin_4q_avg": 35.9,
            "net_income": 13307,
            "revenue": 84700,
            "common_shares": 355810,
            "book_valuer_per_share": 14.01,
            "book_valuer_per_share_4q_avg": 13.45,
            "equity": 497161,
            "current_ratio": 384.84,
            "debt_ratio": 9.91,
            "inventory_turnover_ratio": null,
            "account_receivable_turnover_ratio": 1,
            "reinvestment_rate": -162.01,
            "research_to_sale_ratio": 4.6,
            "price_fair": 38.27,
            "eps_avg_yearly": 1.09,
            "eps_latest_yearly": 1.52,
            "eps_growth_yearly": 86.45
        },
        "20162": {
            "year_quarter": 20162,
            "year": 2016,
            "quarter": 2,
            "eps": 0.42,
            "eps_growth_year": 82.61,
            "eps_4q": 1.59,
            "eps_4q_growth_year": 50.8,
            "roe": 3.11,
            "roe_4q": 11.8,
            "gross_profit": 35801,
            "gross_margin": 41.29,
            "gross_margin_4q_avg": 38.78,
            "net_income": 15074,
            "revenue": 86697,
            "common_shares": 355810,
            "book_valuer_per_share": 13.34,
            "book_valuer_per_share_4q_avg": 13.56,
            "equity": 473214,
            "current_ratio": 227.23,
            "debt_ratio": 16.8,
            "inventory_turnover_ratio": null,
            "account_receivable_turnover_ratio": 1.01,
            "reinvestment_rate": -106.81,
            "research_to_sale_ratio": 4.62,
            "price_fair": 39.85,
            "eps_avg_yearly": 1.14,
            "eps_latest_yearly": 1.68,
            "eps_growth_yearly": 83.04
        },
        "20163": {
            "year_quarter": 20163,
            "year": 2016,
            "quarter": 3,
            "eps": 0.76,
            "eps_growth_year": 100,
            "eps_4q": 1.97,
            "eps_4q_growth_year": 99.49,
            "roe": 5.53,
            "roe_4q": 14.410000000000002,
            "gross_profit": 49312,
            "gross_margin": 45.69,
            "gross_margin_4q_avg": 41.31,
            "net_income": 26893,
            "revenue": 107919,
            "common_shares": 355810,
            "book_valuer_per_share": 14.1,
            "book_valuer_per_share_4q_avg": 13.77,
            "equity": 500107,
            "current_ratio": 207.59,
            "debt_ratio": 15.08,
            "inventory_turnover_ratio": null,
            "account_receivable_turnover_ratio": 1.09,
            "reinvestment_rate": -25.56,
            "research_to_sale_ratio": 2.8,
            "price_fair": 46.74,
            "eps_avg_yearly": 1.34,
            "eps_latest_yearly": 3.04,
            "eps_growth_yearly": 114.1
        },
        "20164": {
            "year_quarter": 20164,
            "year": 2016,
            "quarter": 4,
            "eps": 0.89,
            "eps_growth_year": 117.34,
            "eps_4q": 2.45,
            "eps_4q_growth_year": 98.66,
            "roe": 6.16,
            "roe_4q": 17.51,
            "gross_profit": 52881,
            "gross_margin": 43.35,
            "gross_margin_4q_avg": 42.7,
            "net_income": 31731,
            "revenue": 121987,
            "common_shares": 355810,
            "book_valuer_per_share": 14.97,
            "book_valuer_per_share_4q_avg": 14.11,
            "equity": 530918,
            "current_ratio": 195.3,
            "debt_ratio": 16.51,
            "inventory_turnover_ratio": null,
            "account_receivable_turnover_ratio": 1.02,
            "reinvestment_rate": 20.92,
            "research_to_sale_ratio": 2.57,
            "price_fair": 52.3,
            "eps_avg_yearly": 1.49,
            "eps_latest_yearly": 3.56,
            "eps_growth_yearly": 110.84
        },
        "20171": {
            "year_quarter": 20171,
            "year": 2017,
            "quarter": 1,
            "eps": 0.73,
            "eps_growth_year": 92.11,
            "eps_4q": 2.81,
            "eps_4q_growth_year": 100.21,
            "roe": 4.77,
            "roe_4q": 19.57,
            "gross_profit": 46647,
            "gross_margin": 42.58,
            "gross_margin_4q_avg": 43.23,
            "net_income": 25954,
            "revenue": 109553,
            "common_shares": 355810,
            "book_valuer_per_share": 15.7,
            "book_valuer_per_share_4q_avg": 14.53,
            "equity": 556872,
            "current_ratio": 197.86,
            "debt_ratio": 13.42,
            "inventory_turnover_ratio": null,
            "account_receivable_turnover_ratio": 0.91,
            "reinvestment_rate": 38.7,
            "research_to_sale_ratio": 2.81,
            "price_fair": 55.63,
            "eps_avg_yearly": 1.59,
            "eps_latest_yearly": 2.92,
            "eps_growth_yearly": 98.65
        },
        "20172": {
            "year_quarter": 20172,
            "year": 2017,
            "quarter": 2,
            "eps": 0.57,
            "eps_growth_year": 35.71,
            "eps_4q": 2.95,
            "eps_4q_growth_year": 85.32,
            "roe": 3.79,
            "roe_4q": 20.25,
            "gross_profit": 36751,
            "gross_margin": 38.41,
            "gross_margin_4q_avg": 42.51,
            "net_income": 20165,
            "revenue": 95685,
            "common_shares": 355810,
            "book_valuer_per_share": 14.27,
            "book_valuer_per_share_4q_avg": 14.76,
            "equity": 506089,
            "current_ratio": 124.42,
            "debt_ratio": 24.11,
            "inventory_turnover_ratio": null,
            "account_receivable_turnover_ratio": 0.94,
            "reinvestment_rate": 62.43,
            "research_to_sale_ratio": 3.05,
            "price_fair": 57.14,
            "eps_avg_yearly": 1.63,
            "eps_latest_yearly": 2.28,
            "eps_growth_yearly": 87.01
        },
        "20173": {
            "year_quarter": 20173,
            "year": 2017,
            "quarter": 3,
            "eps": 0.71,
            "eps_growth_year": -6.58,
            "eps_4q": 2.9,
            "eps_4q_growth_year": 47.32,
            "roe": 4.84,
            "roe_4q": 19.56,
            "gross_profit": 44865,
            "gross_margin": 43.18,
            "gross_margin_4q_avg": 41.88,
            "net_income": 25090,
            "revenue": 103911,
            "common_shares": 355810,
            "book_valuer_per_share": 14.97,
            "book_valuer_per_share_4q_avg": 14.98,
            "equity": 531179,
            "current_ratio": 156.11,
            "debt_ratio": 15.19,
            "inventory_turnover_ratio": null,
            "account_receivable_turnover_ratio": 1.07,
            "reinvestment_rate": 71.85,
            "research_to_sale_ratio": 2.81,
            "price_fair": 60.64,
            "eps_avg_yearly": 1.73,
            "eps_latest_yearly": 2.84,
            "eps_growth_yearly": 85.86
        },
        "20174": {
            "year_quarter": 20174,
            "year": 2017,
            "quarter": 4,
            "eps": 0.75,
            "eps_growth_year": -16.31,
            "eps_4q": 2.76,
            "eps_4q_growth_year": 12.37,
            "roe": 4.88,
            "roe_4q": 18.279999999999998,
            "gross_profit": 47199,
            "gross_margin": 43.13,
            "gross_margin_4q_avg": 41.83,
            "net_income": 26557,
            "revenue": 109441,
            "common_shares": 355810,
            "book_valuer_per_share": 15.7,
            "book_valuer_per_share_4q_avg": 15.16,
            "equity": 556991,
            "current_ratio": 156.88,
            "debt_ratio": 17.65,
            "inventory_turnover_ratio": null,
            "account_receivable_turnover_ratio": 1.04,
            "reinvestment_rate": 83.54,
            "research_to_sale_ratio": 2.47,
            "price_fair": 65.28,
            "eps_avg_yearly": 1.87,
            "eps_latest_yearly": 3,
            "eps_growth_yearly": 94.52
        },
        "20181": {
            "year_quarter": 20181,
            "year": 2018,
            "quarter": 1,
            "eps": 0.65,
            "eps_growth_year": -10.96,
            "eps_4q": 2.68,
            "eps_4q_growth_year": -4.73,
            "roe": 4.07,
            "roe_4q": 17.58,
            "gross_profit": 43895,
            "gross_margin": 41.94,
            "gross_margin_4q_avg": 41.67,
            "net_income": 23130,
            "revenue": 104662,
            "common_shares": 354740,
            "book_valuer_per_share": 16.35,
            "book_valuer_per_share_4q_avg": 15.32,
            "equity": 580121,
            "current_ratio": 222.93,
            "debt_ratio": 13.83,
            "inventory_turnover_ratio": null,
            "account_receivable_turnover_ratio": 1.02,
            "reinvestment_rate": 69.45,
            "research_to_sale_ratio": 2.46,
            "price_fair": 70.18,
            "eps_avg_yearly": 2.01,
            "eps_latest_yearly": 2.6,
            "eps_growth_yearly": 105.96
        },
        "20182": {
            "year_quarter": 20182,
            "year": 2018,
            "quarter": 2,
            "eps": 0.66,
            "eps_growth_year": 15.79,
            "eps_4q": 2.77,
            "eps_4q_growth_year": -6.34,
            "roe": 4.23,
            "roe_4q": 18.02,
            "gross_profit": 41856,
            "gross_margin": 40.93,
            "gross_margin_4q_avg": 42.3,
            "net_income": 23324,
            "revenue": 102269,
            "common_shares": 354740,
            "book_valuer_per_share": 14.71,
            "book_valuer_per_share_4q_avg": 15.43,
            "equity": 521855,
            "current_ratio": 124.57,
            "debt_ratio": 26.15,
            "inventory_turnover_ratio": null,
            "account_receivable_turnover_ratio": 1.05,
            "reinvestment_rate": 72.29,
            "research_to_sale_ratio": 2.48,
            "price_fair": 73.15,
            "eps_avg_yearly": 2.09,
            "eps_latest_yearly": 2.64,
            "eps_growth_yearly": 42.46
        },
        "20183": {
            "year_quarter": 20183,
            "year": 2018,
            "quarter": 3,
            "eps": 0.56,
            "eps_growth_year": -21.13,
            "eps_4q": 2.62,
            "eps_4q_growth_year": -9.78,
            "roe": 3.73,
            "roe_4q": 16.91,
            "gross_profit": 38952,
            "gross_margin": 39.4,
            "gross_margin_4q_avg": 41.35,
            "net_income": 19865,
            "revenue": 98864,
            "common_shares": 354740,
            "book_valuer_per_share": 15.3,
            "book_valuer_per_share_4q_avg": 15.52,
            "equity": 542920,
            "current_ratio": 190.94,
            "debt_ratio": 14.24,
            "inventory_turnover_ratio": null,
            "account_receivable_turnover_ratio": 1.04,
            "reinvestment_rate": 70.71,
            "research_to_sale_ratio": 2.7,
            "price_fair": 74.11,
            "eps_avg_yearly": 2.12,
            "eps_latest_yearly": 2.24,
            "eps_growth_yearly": 28.52
        },
        "20184": {
            "year_quarter": 20184,
            "year": 2018,
            "quarter": 4,
            "eps": 0.75,
            "eps_growth_year": 0.26,
            "eps_4q": 2.62,
            "eps_4q_growth_year": -4.93,
            "roe": 4.93,
            "roe_4q": 16.96,
            "gross_profit": 45155,
            "gross_margin": 42.08,
            "gross_margin_4q_avg": 41.09,
            "net_income": 26625,
            "revenue": 107317,
            "common_shares": 354740,
            "book_valuer_per_share": 15.14,
            "book_valuer_per_share_4q_avg": 15.38,
            "equity": 537169,
            "current_ratio": 203.85,
            "debt_ratio": 14.17,
            "inventory_turnover_ratio": null,
            "account_receivable_turnover_ratio": 1.1,
            "reinvestment_rate": 71.45,
            "research_to_sale_ratio": 2.5,
            "price_fair": 79.28,
            "eps_avg_yearly": 2.27,
            "eps_latest_yearly": 3,
            "eps_growth_yearly": 53.11
        },
        "20191": {
            "year_quarter": 20191,
            "year": 2019,
            "quarter": 1,
            "eps": 0.37,
            "eps_growth_year": -43.08,
            "eps_4q": 2.42,
            "eps_4q_growth_year": -9.65,
            "roe": 2.34,
            "roe_4q": 15.23,
            "gross_profit": 27775,
            "gross_margin": 31.81,
            "gross_margin_4q_avg": 38.56,
            "net_income": 12708,
            "revenue": 87319,
            "common_shares": 341270,
            "book_valuer_per_share": 16.14,
            "book_valuer_per_share_4q_avg": 15.32,
            "equity": 550963,
            "current_ratio": 222.77,
            "debt_ratio": 13.61,
            "inventory_turnover_ratio": null,
            "account_receivable_turnover_ratio": 0.97,
            "reinvestment_rate": 72.84,
            "research_to_sale_ratio": 2.88,
            "price_fair": 80.68,
            "eps_avg_yearly": 2.31,
            "eps_latest_yearly": 1.48,
            "eps_growth_yearly": 32.63
        },
        "20192": {
            "year_quarter": 20192,
            "year": 2019,
            "quarter": 2,
            "eps": 0.38,
            "eps_growth_year": -42.42,
            "eps_4q": 2.12,
            "eps_4q_growth_year": -23.51,
            "roe": 2.48,
            "roe_4q": 13.48,
            "gross_profit": 27320,
            "gross_margin": 32.15,
            "gross_margin_4q_avg": 36.36,
            "net_income": 12992,
            "revenue": 84976,
            "common_shares": 341270,
            "book_valuer_per_share": 14.53,
            "book_valuer_per_share_4q_avg": 15.28,
            "equity": 495701,
            "current_ratio": 139.15,
            "debt_ratio": 22.57,
            "inventory_turnover_ratio": null,
            "account_receivable_turnover_ratio": 1.06,
            "reinvestment_rate": 33.8,
            "research_to_sale_ratio": 2.88,
            "price_fair": 81.99,
            "eps_avg_yearly": 2.34,
            "eps_latest_yearly": 1.52,
            "eps_growth_yearly": 30.92
        },
        "20193": {
            "year_quarter": 20193,
            "year": 2019,
            "quarter": 3,
            "eps": 0.42,
            "eps_growth_year": -25,
            "eps_4q": 1.95,
            "eps_4q_growth_year": -25.48,
            "roe": 2.84,
            "roe_4q": 12.59,
            "gross_profit": 30473,
            "gross_margin": 34.34,
            "gross_margin_4q_avg": 35.1,
            "net_income": 14260,
            "revenue": 88737,
            "common_shares": 341270,
            "book_valuer_per_share": 14.94,
            "book_valuer_per_share_4q_avg": 15.19,
            "equity": 509961,
            "current_ratio": 225.06,
            "debt_ratio": 12.73,
            "inventory_turnover_ratio": null,
            "account_receivable_turnover_ratio": 1.01,
            "reinvestment_rate": 35.62,
            "research_to_sale_ratio": 3.07,
            "price_fair": 64.11,
            "eps_avg_yearly": 2.35,
            "eps_latest_yearly": 1.68,
            "eps_growth_yearly": 17.25
        },
        "20194": {
            "year_quarter": 20194,
            "year": 2019,
            "quarter": 4,
            "eps": 0.66,
            "eps_growth_year": -12.32,
            "eps_4q": 1.88,
            "eps_4q_growth_year": -28.36,
            "roe": 4.14,
            "roe_4q": 11.799999999999999,
            "gross_profit": 41322,
            "gross_margin": 41.82,
            "gross_margin_4q_avg": 35.03,
            "net_income": 21573,
            "revenue": 98808,
            "common_shares": 341270,
            "book_valuer_per_share": 16.21,
            "book_valuer_per_share_4q_avg": 15.46,
            "equity": 531335,
            "current_ratio": 285.03,
            "debt_ratio": 11.64,
            "inventory_turnover_ratio": null,
            "account_receivable_turnover_ratio": 1.03,
            "reinvestment_rate": 9.21,
            "research_to_sale_ratio": 2.38,
            "price_fair": 84.53,
            "eps_avg_yearly": 2.42,
            "eps_latest_yearly": 2.64,
            "eps_growth_yearly": 29.56
        },
        "20201": {
            "year_quarter": 20201,
            "year": 2020,
            "quarter": 1,
            "eps": 0.53,
            "eps_growth_year": 43.24,
            "eps_4q": 1.97,
            "eps_4q_growth_year": -18.39,
            "roe": 3.37,
            "roe_4q": 12.83,
            "gross_profit": 35114,
            "gross_margin": 38.68,
            "gross_margin_4q_avg": 36.75,
            "net_income": 18178,
            "revenue": 90791,
            "common_shares": 341270,
            "book_valuer_per_share": 16.08,
            "book_valuer_per_share_4q_avg": 15.44,
            "equity": 546144,
            "current_ratio": 313.79,
            "debt_ratio": 11.48,
            "inventory_turnover_ratio": null,
            "account_receivable_turnover_ratio": 0.94,
            "reinvestment_rate": 11.47,
            "research_to_sale_ratio": 2.8,
            "price_fair": 85.84,
            "eps_avg_yearly": 2.45,
            "eps_latest_yearly": 2.12,
            "eps_growth_yearly": 26.47
        },
        "20202": {
            "year_quarter": 20202,
            "year": 2020,
            "quarter": 2,
            "eps": 0.54,
            "eps_growth_year": 42.11,
            "eps_4q": 2.13,
            "eps_4q_growth_year": 0.71,
            "roe": 3.48,
            "roe_4q": 13.829999999999998,
            "gross_profit": 35247,
            "gross_margin": 38.36,
            "gross_margin_4q_avg": 38.3,
            "net_income": 18325,
            "revenue": 91880,
            "common_shares": 341270,
            "book_valuer_per_share": 14.96,
            "book_valuer_per_share_4q_avg": 15.55,
            "equity": 507953,
            "current_ratio": 176.38,
            "debt_ratio": 20.76,
            "inventory_turnover_ratio": null,
            "account_receivable_turnover_ratio": 0.98,
            "reinvestment_rate": 2.63,
            "research_to_sale_ratio": 2.5,
            "price_fair": 85.17,
            "eps_avg_yearly": 2.48,
            "eps_latest_yearly": 2.16,
            "eps_growth_yearly": 24.31
        },
        "20203": {
            "year_quarter": 20203,
            "year": 2020,
            "quarter": 3,
            "eps": 0.56,
            "eps_growth_year": 33.33,
            "eps_4q": 2.27,
            "eps_4q_growth_year": 16.35,
            "roe": 3.67,
            "roe_4q": 14.66,
            "gross_profit": 36510,
            "gross_margin": 37.25,
            "gross_margin_4q_avg": 39.03,
            "net_income": 19004,
            "revenue": 98013,
            "common_shares": 341270,
            "book_valuer_per_share": 15.52,
            "book_valuer_per_share_4q_avg": 15.69,
            "equity": 527003,
            "current_ratio": 275.25,
            "debt_ratio": 11.98,
            "inventory_turnover_ratio": null,
            "account_receivable_turnover_ratio": 1.01,
            "reinvestment_rate": -10.35,
            "research_to_sale_ratio": 2.55,
            "price_fair": 36.48,
            "eps_avg_yearly": 2.43,
            "eps_latest_yearly": 2.24,
            "eps_growth_yearly": 5
        },
        "20204": {
            "year_quarter": 20204,
            "year": 2020,
            "quarter": 4,
            "eps": 0.71,
            "eps_growth_year": 8.5,
            "eps_4q": 2.35,
            "eps_4q_growth_year": 25.13,
            "roe": 4.49,
            "roe_4q": 15.010000000000002,
            "gross_profit": 44452,
            "gross_margin": 41.92,
            "gross_margin_4q_avg": 39.05,
            "net_income": 24245,
            "revenue": 106052,
            "common_shares": 341270,
            "book_valuer_per_share": 16.27,
            "book_valuer_per_share_4q_avg": 15.71,
            "equity": 552496,
            "current_ratio": 280.7,
            "debt_ratio": 13.5,
            "inventory_turnover_ratio": null,
            "account_receivable_turnover_ratio": 1.04,
            "reinvestment_rate": -10.35,
            "research_to_sale_ratio": 2.37,
            "price_fair": 41.58,
            "eps_avg_yearly": 2.39,
            "eps_latest_yearly": 2.84,
            "eps_growth_yearly": 7.42
        },
        "20211": {
            "year_quarter": 20211,
            "year": 2021,
            "quarter": 1,
            "eps": 0.57,
            "eps_growth_year": 7.55,
            "eps_4q": 2.38,
            "eps_4q_growth_year": 20.59,
            "roe": 3.42,
            "roe_4q": 15.06,
            "gross_profit": 35989,
            "gross_margin": 36.82,
            "gross_margin_4q_avg": 38.59,
            "net_income": 19222,
            "revenue": 97745,
            "common_shares": 341270,
            "book_valuer_per_share": 16.84,
            "book_valuer_per_share_4q_avg": 15.9,
            "equity": 571718,
            "current_ratio": 247.44,
            "debt_ratio": 11.87,
            "inventory_turnover_ratio": null,
            "account_receivable_turnover_ratio": 0.96,
            "reinvestment_rate": -17.18,
            "research_to_sale_ratio": 2.53,
            "price_fair": 39.86,
            "eps_avg_yearly": 2.35,
            "eps_latest_yearly": 2.28,
            "eps_growth_yearly": 6.98
        },
        "20212": {
            "year_quarter": 20212,
            "year": 2021,
            "quarter": 2,
            "eps": 0.75,
            "eps_growth_year": 38.89,
            "eps_4q": 2.6,
            "eps_4q_growth_year": 21.9,
            "roe": 4.4,
            "roe_4q": 15.98,
            "gross_profit": 43651,
            "gross_margin": 40.05,
            "gross_margin_4q_avg": 39.01,
            "net_income": 25707,
            "revenue": 109004,
            "common_shares": 341270,
            "book_valuer_per_share": 17.6,
            "book_valuer_per_share_4q_avg": 16.56,
            "equity": 597425,
            "current_ratio": 263.61,
            "debt_ratio": 11.67,
            "inventory_turnover_ratio": null,
            "account_receivable_turnover_ratio": 1.02,
            "reinvestment_rate": -22.01,
            "research_to_sale_ratio": 2.11,
            "price_fair": 72.63,
            "eps_avg_yearly": 2.39,
            "eps_latest_yearly": 3,
            "eps_growth_yearly": 20.36
        },
        "20213": {
            "year_quarter": 20213,
            "year": 2021,
            "quarter": 3,
            "eps": 0.88,
            "eps_growth_year": 57.14,
            "eps_4q": 2.92,
            "eps_4q_growth_year": 28.46,
            "roe": 5.16,
            "roe_4q": 17.47,
            "gross_profit": 48254,
            "gross_margin": 41.64,
            "gross_margin_4q_avg": 40.11,
            "net_income": 29845,
            "revenue": 115897,
            "common_shares": 341270,
            "book_valuer_per_share": 16.47,
            "book_valuer_per_share_4q_avg": 16.8,
            "equity": 559362,
            "current_ratio": 168.26,
            "debt_ratio": 17.71,
            "inventory_turnover_ratio": null,
            "account_receivable_turnover_ratio": 0.99,
            "reinvestment_rate": -11.81,
            "research_to_sale_ratio": 2.41,
            "price_fair": 69.52,
            "eps_avg_yearly": 2.44,
            "eps_latest_yearly": 3.52,
            "eps_growth_yearly": 18.55
        },
        "20214": {
            "year_quarter": 20214,
            "year": 2021,
            "quarter": 4,
            "eps": 0.88,
            "eps_growth_year": 23.74,
            "eps_4q": 3.09,
            "eps_4q_growth_year": 31.38,
            "roe": 5.22,
            "roe_4q": 18.2,
            "gross_profit": 51103,
            "gross_margin": 44.29,
            "gross_margin_4q_avg": 40.7,
            "net_income": 30001,
            "revenue": 115395,
            "common_shares": 341270,
            "book_valuer_per_share": 17.38,
            "book_valuer_per_share_4q_avg": 17.07,
            "equity": 590006,
            "current_ratio": 152.71,
            "debt_ratio": 25.51,
            "inventory_turnover_ratio": null,
            "account_receivable_turnover_ratio": 0.99,
            "reinvestment_rate": 21.47,
            "research_to_sale_ratio": 1.55,
            "price_fair": 66.97,
            "eps_avg_yearly": 2.47,
            "eps_latest_yearly": 3.52,
            "eps_growth_yearly": 17.14
        },
        "20221": {
            "year_quarter": 20221,
            "year": 2022,
            "quarter": 1,
            "eps": 0.8,
            "eps_growth_year": 40.35,
            "eps_4q": 3.32,
            "eps_4q_growth_year": 39.63,
            "roe": 4.52,
            "roe_4q": 19.299999999999997,
            "gross_profit": 45091,
            "gross_margin": 41.54,
            "gross_margin_4q_avg": 41.88,
            "net_income": 27262,
            "revenue": 108549,
            "common_shares": 341270,
            "book_valuer_per_share": 18.18,
            "book_valuer_per_share_4q_avg": 17.41,
            "equity": 617268,
            "current_ratio": 208.66,
            "debt_ratio": 19.9,
            "inventory_turnover_ratio": null,
            "account_receivable_turnover_ratio": 1.01,
            "reinvestment_rate": 30.38,
            "research_to_sale_ratio": 1.63,
            "price_fair": 70.64,
            "eps_avg_yearly": 2.51,
            "eps_latest_yearly": 3.2,
            "eps_growth_yearly": 18.2
        },
        "20222": {
            "year_quarter": 20222,
            "year": 2022,
            "quarter": 2,
            "eps": 0.8,
            "eps_growth_year": 6.67,
            "eps_4q": 3.36,
            "eps_4q_growth_year": 29.45,
            "roe": 4.61,
            "roe_4q": 19.509999999999998,
            "gross_profit": 43217,
            "gross_margin": 41.41,
            "gross_margin_4q_avg": 42.22,
            "net_income": 27035,
            "revenue": 104368,
            "common_shares": 341270,
            "book_valuer_per_share": 16.38,
            "book_valuer_per_share_4q_avg": 17.1,
            "equity": 556023,
            "current_ratio": 127.21,
            "debt_ratio": 29.28,
            "inventory_turnover_ratio": null,
            "account_receivable_turnover_ratio": 1,
            "reinvestment_rate": 29.53,
            "research_to_sale_ratio": 1.65,
            "price_fair": 70.65,
            "eps_avg_yearly": 2.54,
            "eps_latest_yearly": 3.2,
            "eps_growth_yearly": 17.82
        },
        "20223": {
            "year_quarter": 20223,
            "year": 2022,
            "quarter": 3,
            "eps": 0.46,
            "eps_growth_year": -47.73,
            "eps_4q": 2.95,
            "eps_4q_growth_year": 1.05,
            "roe": 2.76,
            "roe_4q": 17.11,
            "gross_profit": 26079,
            "gross_margin": 31.37,
            "gross_margin_4q_avg": 39.65,
            "net_income": 15756,
            "revenue": 83144,
            "common_shares": 341270,
            "book_valuer_per_share": 17.27,
            "book_valuer_per_share_4q_avg": 17.3,
            "equity": 586352,
            "current_ratio": 270.67,
            "debt_ratio": 17.69,
            "inventory_turnover_ratio": null,
            "account_receivable_turnover_ratio": 0.91,
            "reinvestment_rate": 28.66,
            "research_to_sale_ratio": 1.66,
            "price_fair": 52.76,
            "eps_avg_yearly": 2.52,
            "eps_latest_yearly": 1.84,
            "eps_growth_yearly": 10.98
        },
        "20224": {
            "year_quarter": 20224,
            "year": 2022,
            "quarter": 4,
            "eps": 0.3,
            "eps_growth_year": -66.39,
            "eps_4q": 2.36,
            "eps_4q_growth_year": -23.52,
            "roe": 1.7,
            "roe_4q": 13.59,
            "gross_profit": 24128,
            "gross_margin": 33.37,
            "gross_margin_4q_avg": 36.92,
            "net_income": 10083,
            "revenue": 72312,
            "common_shares": 341270,
            "book_valuer_per_share": 17.58,
            "book_valuer_per_share_4q_avg": 17.35,
            "equity": 596905,
            "current_ratio": 302.07,
            "debt_ratio": 14.43,
            "inventory_turnover_ratio": null,
            "account_receivable_turnover_ratio": 1.03,
            "reinvestment_rate": 24.14,
            "research_to_sale_ratio": 1.98,
            "price_fair": 7.21,
            "eps_avg_yearly": 2.4,
            "eps_latest_yearly": 1.2,
            "eps_growth_yearly": -6.2
        },
        "20231": {
            "year_quarter": 20231,
            "year": 2023,
            "quarter": 1,
            "eps": 0.37,
            "eps_growth_year": -53.75,
            "eps_4q": 1.94,
            "eps_4q_growth_year": -41.61,
            "roe": 2.1,
            "roe_4q": 11.17,
            "gross_profit": 26686,
            "gross_margin": 35.04,
            "gross_margin_4q_avg": 35.3,
            "net_income": 12665,
            "revenue": 76150,
            "common_shares": 339540,
            "book_valuer_per_share": 18.04,
            "book_valuer_per_share_4q_avg": 17.32,
            "equity": 609570,
            "current_ratio": 406.77,
            "debt_ratio": 12.65,
            "inventory_turnover_ratio": null,
            "account_receivable_turnover_ratio": 1.07,
            "reinvestment_rate": 23.45,
            "research_to_sale_ratio": 1.93,
            "price_fair": 53.58,
            "eps_avg_yearly": 2.4,
            "eps_latest_yearly": 1.48,
            "eps_growth_yearly": 12.3
        }
    },
    "months": {
        "2007-08": {
            "month": "2007-08",
            "price": "15.15",
            "revenue": 27770
        },
        "2007-09": {
            "month": "2007-09",
            "price": "13.84",
            "revenue": 26572
        },
        "2007-10": {
            "month": "2007-10",
            "price": "11.91",
            "revenue": 26683
        },
        "2007-11": {
            "month": "2007-11",
            "price": "9.56",
            "revenue": 26692
        },
        "2007-12": {
            "month": "2007-12",
            "price": "9.52",
            "revenue": 24226
        },
        "2008-01": {
            "month": "2008-01",
            "price": "11.49",
            "revenue": 20706
        },
        "2008-02": {
            "month": "2008-02",
            "price": "9.94",
            "revenue": 18989
        },
        "2008-03": {
            "month": "2008-03",
            "price": "9.43",
            "revenue": 21641
        },
        "2008-04": {
            "month": "2008-04",
            "price": "9.48",
            "revenue": 23698
        },
        "2008-05": {
            "month": "2008-05",
            "price": "9.44",
            "revenue": 24540
        },
        "2008-06": {
            "month": "2008-06",
            "price": "8.98",
            "revenue": 24452
        },
        "2008-07": {
            "month": "2008-07",
            "price": "8.49",
            "revenue": 24038
        },
        "2008-08": {
            "month": "2008-08",
            "price": "8.26",
            "revenue": 31478
        },
        "2008-09": {
            "month": "2008-09",
            "price": "6.02",
            "revenue": 32121
        },
        "2008-10": {
            "month": "2008-10",
            "price": "5.52",
            "revenue": 26453
        },
        "2008-11": {
            "month": "2008-11",
            "price": "4.85",
            "revenue": 17423
        },
        "2008-12": {
            "month": "2008-12",
            "price": "4.73",
            "revenue": 12361
        },
        "2009-01": {
            "month": "2009-01",
            "price": "4.90",
            "revenue": 6151
        },
        "2009-02": {
            "month": "2009-02",
            "price": "4.60",
            "revenue": 10024
        },
        "2009-03": {
            "month": "2009-03",
            "price": "4.24",
            "revenue": 18571
        },
        "2009-04": {
            "month": "2009-04",
            "price": "4.48",
            "revenue": 24250
        },
        "2009-05": {
            "month": "2009-05",
            "price": "4.79",
            "revenue": 24018
        },
        "2009-06": {
            "month": "2009-06",
            "price": "5.29",
            "revenue": 28891
        },
        "2009-07": {
            "month": "2009-07",
            "price": "5.66",
            "revenue": 35064
        },
        "2009-08": {
            "month": "2009-08",
            "price": "6.92",
            "revenue": 38369
        },
        "2009-09": {
            "month": "2009-09",
            "price": "7.97",
            "revenue": 38917
        },
        "2009-10": {
            "month": "2009-10",
            "price": "9.59",
            "revenue": 38533
        },
        "2009-11": {
            "month": "2009-11",
            "price": "9.63",
            "revenue": 36933
        },
        "2009-12": {
            "month": "2009-12",
            "price": "10.94",
            "revenue": 37653
        },
        "2010-01": {
            "month": "2010-01",
            "price": "13.66",
            "revenue": 33100
        },
        "2010-02": {
            "month": "2010-02",
            "price": "13.50",
            "revenue": 36610
        },
        "2010-03": {
            "month": "2010-03",
            "price": "15.32",
            "revenue": 43259
        },
        "2010-04": {
            "month": "2010-04",
            "price": "18.24",
            "revenue": 46088
        },
        "2010-05": {
            "month": "2010-05",
            "price": "19.20",
            "revenue": 49182
        },
        "2010-06": {
            "month": "2010-06",
            "price": "18.41",
            "revenue": 45446
        },
        "2010-07": {
            "month": "2010-07",
            "price": "20.18",
            "revenue": 45844
        },
        "2010-08": {
            "month": "2010-08",
            "price": "21.06",
            "revenue": 49686
        },
        "2010-09": {
            "month": "2010-09",
            "price": "24.28",
            "revenue": 42070
        },
        "2010-10": {
            "month": "2010-10",
            "price": "21.69",
            "revenue": 34743
        },
        "2010-11": {
            "month": "2010-11",
            "price": "17.81",
            "revenue": 34783
        },
        "2010-12": {
            "month": "2010-12",
            "price": "20.00",
            "revenue": 34079
        },
        "2011-01": {
            "month": "2011-01",
            "price": "20.14",
            "revenue": 34084
        },
        "2011-02": {
            "month": "2011-02",
            "price": "19.38",
            "revenue": 28177
        },
        "2011-03": {
            "month": "2011-03",
            "price": "18.34",
            "revenue": 39619
        },
        "2011-04": {
            "month": "2011-04",
            "price": "18.34",
            "revenue": 38408
        },
        "2011-05": {
            "month": "2011-05",
            "price": "17.94",
            "revenue": 38569
        },
        "2011-06": {
            "month": "2011-06",
            "price": "17.25",
            "revenue": 37359
        },
        "2011-07": {
            "month": "2011-07",
            "price": "16.20",
            "revenue": 35789
        },
        "2011-08": {
            "month": "2011-08",
            "price": "13.95",
            "revenue": 29009
        },
        "2011-09": {
            "month": "2011-09",
            "price": "12.41",
            "revenue": 25915
        },
        "2011-10": {
            "month": "2011-10",
            "price": "10.63",
            "revenue": 23086
        },
        "2011-11": {
            "month": "2011-11",
            "price": "9.06",
            "revenue": 25821
        },
        "2011-12": {
            "month": "2011-12",
            "price": "7.52",
            "revenue": 23419
        },
        "2012-01": {
            "month": "2012-01",
            "price": "8.06",
            "revenue": 23915
        },
        "2012-02": {
            "month": "2012-02",
            "price": "9.59",
            "revenue": 26270
        },
        "2012-03": {
            "month": "2012-03",
            "price": "9.71",
            "revenue": 38203
        },
        "2012-04": {
            "month": "2012-04",
            "price": "8.97",
            "revenue": 36065
        },
        "2012-05": {
            "month": "2012-05",
            "price": "8.56",
            "revenue": 36856
        },
        "2012-06": {
            "month": "2012-06",
            "price": "8.11",
            "revenue": 37039
        },
        "2012-07": {
            "month": "2012-07",
            "price": "8.00",
            "revenue": 37848
        },
        "2012-08": {
            "month": "2012-08",
            "price": "8.22",
            "revenue": 38165
        },
        "2012-09": {
            "month": "2012-09",
            "price": "9.17",
            "revenue": 35335
        },
        "2012-10": {
            "month": "2012-10",
            "price": "8.53",
            "revenue": 32085
        },
        "2012-11": {
            "month": "2012-11",
            "price": "8.35",
            "revenue": 28589
        },
        "2012-12": {
            "month": "2012-12",
            "price": "8.75",
            "revenue": 25129
        },
        "2013-01": {
            "month": "2013-01",
            "price": "8.85",
            "revenue": 28993
        },
        "2013-02": {
            "month": "2013-02",
            "price": "8.84",
            "revenue": 20010
        },
        "2013-03": {
            "month": "2013-03",
            "price": "10.06",
            "revenue": 28226
        },
        "2013-04": {
            "month": "2013-04",
            "price": "9.14",
            "revenue": 30554
        },
        "2013-05": {
            "month": "2013-05",
            "price": "9.85",
            "revenue": 34832
        },
        "2013-06": {
            "month": "2013-06",
            "price": "9.86",
            "revenue": 35222
        },
        "2013-07": {
            "month": "2013-07",
            "price": "9.24",
            "revenue": 35311
        },
        "2013-08": {
            "month": "2013-08",
            "price": "9.21",
            "revenue": 36077
        },
        "2013-09": {
            "month": "2013-09",
            "price": "9.92",
            "revenue": 37044
        },
        "2013-10": {
            "month": "2013-10",
            "price": "10.38",
            "revenue": 36725
        },
        "2013-11": {
            "month": "2013-11",
            "price": "10.36",
            "revenue": 33736
        },
        "2013-12": {
            "month": "2013-12",
            "price": "12.13",
            "revenue": 29064
        },
        "2014-01": {
            "month": "2014-01",
            "price": "12.16",
            "revenue": 28997
        },
        "2014-02": {
            "month": "2014-02",
            "price": "12.18",
            "revenue": 25680
        },
        "2014-03": {
            "month": "2014-03",
            "price": "14.71",
            "revenue": 32544
        },
        "2014-04": {
            "month": "2014-04",
            "price": "14.86",
            "revenue": 32606
        },
        "2014-05": {
            "month": "2014-05",
            "price": "13.40",
            "revenue": 33221
        },
        "2014-06": {
            "month": "2014-06",
            "price": "13.24",
            "revenue": 34074
        },
        "2014-07": {
            "month": "2014-07",
            "price": "13.15",
            "revenue": 35581
        },
        "2014-08": {
            "month": "2014-08",
            "price": "13.19",
            "revenue": 36141
        },
        "2014-09": {
            "month": "2014-09",
            "price": "13.23",
            "revenue": 35502
        },
        "2014-10": {
            "month": "2014-10",
            "price": "13.58",
            "revenue": 30295
        },
        "2014-11": {
            "month": "2014-11",
            "price": "13.54",
            "revenue": 27523
        },
        "2014-12": {
            "month": "2014-12",
            "price": "14.00",
            "revenue": 27567
        },
        "2015-01": {
            "month": "2015-01",
            "price": "13.96",
            "revenue": 27610
        },
        "2015-02": {
            "month": "2015-02",
            "price": "14.38",
            "revenue": 25670
        },
        "2015-03": {
            "month": "2015-03",
            "price": "14.34",
            "revenue": 30521
        },
        "2015-04": {
            "month": "2015-04",
            "price": "14.31",
            "revenue": 29232
        },
        "2015-05": {
            "month": "2015-05",
            "price": "14.16",
            "revenue": 26929
        },
        "2015-06": {
            "month": "2015-06",
            "price": "13.68",
            "revenue": 26644
        },
        "2015-07": {
            "month": "2015-07",
            "price": "12.55",
            "revenue": 27282
        },
        "2015-08": {
            "month": "2015-08",
            "price": "11.15",
            "revenue": 27178
        },
        "2015-09": {
            "month": "2015-09",
            "price": "11.21",
            "revenue": 27145
        },
        "2015-10": {
            "month": "2015-10",
            "price": "11.30",
            "revenue": 28111
        },
        "2015-11": {
            "month": "2015-11",
            "price": "11.91",
            "revenue": 28569
        },
        "2015-12": {
            "month": "2015-12",
            "price": "12.44",
            "revenue": 28769
        },
        "2016-01": {
            "month": "2016-01",
            "price": "13.46",
            "revenue": 29777
        },
        "2016-02": {
            "month": "2016-02",
            "price": "13.52",
            "revenue": 25063
        },
        "2016-03": {
            "month": "2016-03",
            "price": "14.88",
            "revenue": 29860
        },
        "2016-04": {
            "month": "2016-04",
            "price": "15.12",
            "revenue": 29112
        },
        "2016-05": {
            "month": "2016-05",
            "price": "15.61",
            "revenue": 28014
        },
        "2016-06": {
            "month": "2016-06",
            "price": "16.78",
            "revenue": 29571
        },
        "2016-07": {
            "month": "2016-07",
            "price": "16.67",
            "revenue": 32905
        },
        "2016-08": {
            "month": "2016-08",
            "price": "16.73",
            "revenue": 37421
        },
        "2016-09": {
            "month": "2016-09",
            "price": "19.71",
            "revenue": 37593
        },
        "2016-10": {
            "month": "2016-10",
            "price": "20.61",
            "revenue": 39209
        },
        "2016-11": {
            "month": "2016-11",
            "price": "22.81",
            "revenue": 42622
        },
        "2016-12": {
            "month": "2016-12",
            "price": "24.47",
            "revenue": 40156
        },
        "2017-01": {
            "month": "2017-01",
            "price": "23.39",
            "revenue": 37222
        },
        "2017-02": {
            "month": "2017-02",
            "price": "26.27",
            "revenue": 34664
        },
        "2017-03": {
            "month": "2017-03",
            "price": "29.80",
            "revenue": 37667
        },
        "2017-04": {
            "month": "2017-04",
            "price": "27.66",
            "revenue": 32065
        },
        "2017-05": {
            "month": "2017-05",
            "price": "28.80",
            "revenue": 31103
        },
        "2017-06": {
            "month": "2017-06",
            "price": "28.24",
            "revenue": 32517
        },
        "2017-07": {
            "month": "2017-07",
            "price": "27.80",
            "revenue": 32620
        },
        "2017-08": {
            "month": "2017-08",
            "price": "25.98",
            "revenue": 35065
        },
        "2017-09": {
            "month": "2017-09",
            "price": "26.04",
            "revenue": 36226
        },
        "2017-10": {
            "month": "2017-10",
            "price": "28.03",
            "revenue": 36634
        },
        "2017-11": {
            "month": "2017-11",
            "price": "31.00",
            "revenue": 36349
        },
        "2017-12": {
            "month": "2017-12",
            "price": "29.81",
            "revenue": 36458
        },
        "2018-01": {
            "month": "2018-01",
            "price": "31.35",
            "revenue": 36109
        },
        "2018-02": {
            "month": "2018-02",
            "price": "30.15",
            "revenue": 32351
        },
        "2018-03": {
            "month": "2018-03",
            "price": "30.28",
            "revenue": 36202
        },
        "2018-04": {
            "month": "2018-04",
            "price": "30.50",
            "revenue": 34106
        },
        "2018-05": {
            "month": "2018-05",
            "price": "29.91",
            "revenue": 34307
        },
        "2018-06": {
            "month": "2018-06",
            "price": "34.16",
            "revenue": 33856
        },
        "2018-07": {
            "month": "2018-07",
            "price": "33.28",
            "revenue": 33107
        },
        "2018-08": {
            "month": "2018-08",
            "price": "29.89",
            "revenue": 31552
        },
        "2018-09": {
            "month": "2018-09",
            "price": "27.61",
            "revenue": 34205
        },
        "2018-10": {
            "month": "2018-10",
            "price": "25.36",
            "revenue": 36097
        },
        "2018-11": {
            "month": "2018-11",
            "price": "25.83",
            "revenue": 36154
        },
        "2018-12": {
            "month": "2018-12",
            "price": "26.69",
            "revenue": 35066
        },
        "2019-01": {
            "month": "2019-01",
            "price": "25.77",
            "revenue": 32006
        },
        "2019-02": {
            "month": "2019-02",
            "price": "26.46",
            "revenue": 27213
        },
        "2019-03": {
            "month": "2019-03",
            "price": "26.96",
            "revenue": 28100
        },
        "2019-04": {
            "month": "2019-04",
            "price": "28.11",
            "revenue": 28254
        },
        "2019-05": {
            "month": "2019-05",
            "price": "26.14",
            "revenue": 28511
        },
        "2019-06": {
            "month": "2019-06",
            "price": "25.25",
            "revenue": 28210
        },
        "2019-07": {
            "month": "2019-07",
            "price": "25.37",
            "revenue": 28306
        },
        "2019-08": {
            "month": "2019-08",
            "price": "22.20",
            "revenue": 29054
        },
        "2019-09": {
            "month": "2019-09",
            "price": "22.53",
            "revenue": 31377
        },
        "2019-10": {
            "month": "2019-10",
            "price": "22.52",
            "revenue": 32572
        },
        "2019-11": {
            "month": "2019-11",
            "price": "22.64",
            "revenue": 33586
        },
        "2019-12": {
            "month": "2019-12",
            "price": "22.93",
            "revenue": 32651
        },
        "2020-01": {
            "month": "2020-01",
            "price": "22.87",
            "revenue": 32512
        },
        "2020-02": {
            "month": "2020-02",
            "price": "22.39",
            "revenue": 28676
        },
        "2020-03": {
            "month": "2020-03",
            "price": "20.98",
            "revenue": 29603
        },
        "2020-04": {
            "month": "2020-04",
            "price": "22.40",
            "revenue": 30146
        },
        "2020-05": {
            "month": "2020-05",
            "price": "24.59",
            "revenue": 31229
        },
        "2020-06": {
            "month": "2020-06",
            "price": "25.69",
            "revenue": 30505
        },
        "2020-07": {
            "month": "2020-07",
            "price": "26.37",
            "revenue": 31004
        },
        "2020-08": {
            "month": "2020-08",
            "price": "25.27",
            "revenue": 32516
        },
        "2020-09": {
            "month": "2020-09",
            "price": "25.48",
            "revenue": 34493
        },
        "2020-10": {
            "month": "2020-10",
            "price": "25.52",
            "revenue": 35543
        },
        "2020-11": {
            "month": "2020-11",
            "price": "25.81",
            "revenue": 36008
        },
        "2020-12": {
            "month": "2020-12",
            "price": "28.80",
            "revenue": 34501
        },
        "2021-01": {
            "month": "2021-01",
            "price": "29.55",
            "revenue": 33101
        },
        "2021-02": {
            "month": "2021-02",
            "price": "31.55",
            "revenue": 30103
        },
        "2021-03": {
            "month": "2021-03",
            "price": "33.34",
            "revenue": 34541
        },
        "2021-04": {
            "month": "2021-04",
            "price": "36.77",
            "revenue": 35573
        },
        "2021-05": {
            "month": "2021-05",
            "price": "32.50",
            "revenue": 36408
        },
        "2021-06": {
            "month": "2021-06",
            "price": "32.93",
            "revenue": 37023
        },
        "2021-07": {
            "month": "2021-07",
            "price": "34.77",
            "revenue": 38033
        },
        "2021-08": {
            "month": "2021-08",
            "price": "35.40",
            "revenue": 38752
        },
        "2021-09": {
            "month": "2021-09",
            "price": "36.46",
            "revenue": 39112
        },
        "2021-10": {
            "month": "2021-10",
            "price": "34.21",
            "revenue": 39521
        },
        "2021-11": {
            "month": "2021-11",
            "price": "36.33",
            "revenue": 38064
        },
        "2021-12": {
            "month": "2021-12",
            "price": "36.21",
            "revenue": 37810
        },
        "2022-01": {
            "month": "2022-01",
            "price": "36.47",
            "revenue": 37036
        },
        "2022-02": {
            "month": "2022-02",
            "price": "35.93",
            "revenue": 34005
        },
        "2022-03": {
            "month": "2022-03",
            "price": "35.67",
            "revenue": 37508
        },
        "2022-04": {
            "month": "2022-04",
            "price": "35.56",
            "revenue": 36758
        },
        "2022-05": {
            "month": "2022-05",
            "price": "34.54",
            "revenue": 35106
        },
        "2022-06": {
            "month": "2022-06",
            "price": "33.98",
            "revenue": 32504
        },
        "2022-07": {
            "month": "2022-07",
            "price": "29.50",
            "revenue": 30102
        },
        "2022-08": {
            "month": "2022-08",
            "price": "28.44",
            "revenue": 28501
        },
        "2022-09": {
            "month": "2022-09",
            "price": "27.85",
            "revenue": 24541
        },
        "2022-10": {
            "month": "2022-10",
            "price": "24.49",
            "revenue": 23607
        },
        "2022-11": {
            "month": "2022-11",
            "price": "24.54",
            "revenue": 24205
        },
        "2022-12": {
            "month": "2022-12",
            "price": "25.14",
            "revenue": 24500
        },
        "2023-01": {
            "month": "2023-01",
            "price": "24.36",
            "revenue": 24097
        },
        "2023-02": {
            "month": "2023-02",
            "price": "27.84",
            "revenue": 24050
        },
        "2023-03": {
            "month": "2023-03",
            "price": "28.13",
            "revenue": 28003
        },
        "2023-04": {
            "month": "2023-04",
            "price": "29.73",
            "revenue": 32003
        },
        "2023-05": {
            "month": "2023-05",
            "price": "30.14",
            "revenue": 36093
        }
    }
}
