{
    "summary": {
        "stock_name": "大塚",
        "stock_id": "3570",
        "category": "資訊服務",
        "main_business": "3D電腦工程繪圖CAD/CAM/CAE/CAID/PLM/M&amp;E軟體產品代理銷售<br>3D電腦工程繪圖軟體、VRAR傳媒娛樂軟體整合技術應用顧問<br>軟體線上教育輔導、軟體人才培訓及電腦網路系統整合應用",
        "website_url": "http://www.oitc.com.tw",
        "ceo": "郭一龍",
        "pe_ratio": 13,
        "report_year_from": 2006,
        "report_year_to": 2023,
        "age": 17,
        "eps_negative_percentage": 0,
        "eps_growth_avg": {
            "last_all": 14.64,
            "last_2y": 9.08,
            "last_4y": 44.11,
            "last_8y": 16.48,
            "last_12y": 22.03,
            "last_16y": null,
            "last_20y": null,
            "at_2006_last_3y": null,
            "at_2007_last_3y": null,
            "at_2008_last_3y": null,
            "at_2009_last_3y": null,
            "at_2010_last_3y": null,
            "at_2011_last_3y": 13.58,
            "at_2012_last_3y": 14.65,
            "at_2013_last_3y": 34.53,
            "at_2014_last_3y": 20.33,
            "at_2015_last_3y": 6.76,
            "at_2016_last_3y": 5.17,
            "at_2017_last_3y": -18.06,
            "at_2018_last_3y": 2.23,
            "at_2019_last_3y": 27.74,
            "at_2020_last_3y": 31.5,
            "at_2021_last_3y": 48.79,
            "at_2022_last_3y": 30.14,
            "at_2023_last_3y": 30.14,
            "at_2006_last_all": null,
            "at_2007_last_all": null,
            "at_2008_last_all": null,
            "at_2009_last_all": -33.43,
            "at_2010_last_all": 2.92,
            "at_2011_last_all": 13.58,
            "at_2012_last_all": 8.22,
            "at_2013_last_all": 11.88,
            "at_2014_last_all": 12.87,
            "at_2015_last_all": 10.17,
            "at_2016_last_all": 6.86,
            "at_2017_last_all": -0.1,
            "at_2018_last_all": 9,
            "at_2019_last_all": 16.03,
            "at_2020_last_all": 14.44,
            "at_2021_last_all": 13.87,
            "at_2022_last_all": 14.64,
            "at_2023_last_all": 14.64
        },
        "latest_eps": 11.1,
        "latest_price": 144.5,
        "latest_roe": 25.95,
        "latest_gross_margin": 29.85,
        "latest_equity": 762679,
        "latest_revenue": 452070,
        "latest_gross_profit": 134956,
        "latest_net_income": 47574,
        "latest_debt_ratio": 35.64,
        "latest_current_ratio": 278.38,
        "latest_account_receivable_turnover_ratio": 1.43,
        "latest_inventory_turnover_ratio": 1.82,
        "latest_reinvestment_rate": 0.71,
        "latest_research_to_sale_ratio": 0.44
    },
    "eps_dividends": {
        "2001": {
            "cash": 0,
            "stock": 0,
            "eps": 0
        },
        "2002": {
            "cash": 0,
            "stock": 0,
            "eps": 0
        },
        "2003": {
            "cash": 0,
            "stock": 0,
            "eps": 0
        },
        "2004": {
            "cash": 0,
            "stock": 0,
            "eps": 0
        },
        "2005": {
            "cash": 0,
            "stock": 0,
            "eps": 0
        },
        "2006": {
            "cash": 0,
            "stock": 0,
            "eps": 0
        },
        "2007": {
            "cash": 0,
            "stock": 0,
            "eps": 3.83
        },
        "2008": {
            "cash": 2,
            "stock": 1,
            "eps": 3.16
        },
        "2009": {
            "cash": 2,
            "stock": 0,
            "eps": 1.6
        },
        "2010": {
            "cash": 1,
            "stock": 0,
            "eps": 2.81
        },
        "2011": {
            "cash": 2,
            "stock": 0,
            "eps": 4.09
        },
        "2012": {
            "cash": 3,
            "stock": 0,
            "eps": 3.55
        },
        "2013": {
            "cash": 2,
            "stock": 0,
            "eps": 4.62
        },
        "2014": {
            "cash": 3,
            "stock": 0,
            "eps": 5.49
        },
        "2015": {
            "cash": 4,
            "stock": 0,
            "eps": 5.01
        },
        "2016": {
            "cash": 4,
            "stock": 0,
            "eps": 4.03
        },
        "2017": {
            "cash": 3,
            "stock": 0,
            "eps": 1.5
        },
        "2018": {
            "cash": 1,
            "stock": 0,
            "eps": 4.33
        },
        "2019": {
            "cash": 3,
            "stock": 0,
            "eps": 8.37
        },
        "2020": {
            "cash": 6,
            "stock": 0,
            "eps": 7.99
        },
        "2021": {
            "cash": 5,
            "stock": 0,
            "eps": 8.5
        },
        "2022": {
            "cash": 6,
            "stock": 0,
            "eps": 10.66
        },
        "2023": {
            "cash": 8,
            "stock": 0,
            "eps": 2.78
        }
    },
    "dividends": {
        "2008-03-28": {
            "cash": 1.5,
            "stock": 0.5
        },
        "2009-03-20": {
            "cash": 1.5,
            "stock": 0
        },
        "2010-03-15": {
            "cash": 1.4,
            "stock": 0
        },
        "2011-03-18": {
            "cash": 1.98,
            "stock": 0
        },
        "2012-06-25": {
            "cash": 2.5,
            "stock": 0
        },
        "2013-06-10": {
            "cash": 2.2,
            "stock": 0
        },
        "2014-09-25": {
            "cash": 3,
            "stock": 0
        },
        "2015-09-25": {
            "cash": 4,
            "stock": 0
        },
        "2016-09-23": {
            "cash": 3.5,
            "stock": 0
        },
        "2017-09-20": {
            "cash": 3,
            "stock": 0
        },
        "2018-09-20": {
            "cash": 1.28,
            "stock": 0
        },
        "2019-09-20": {
            "cash": 3,
            "stock": 0
        },
        "2020-07-31": {
            "cash": 5.5,
            "stock": 0
        },
        "2021-07-30": {
            "cash": 5.2,
            "stock": 0
        },
        "2022-07-29": {
            "cash": 6,
            "stock": 0
        },
        "2023-03-20": {
            "cash": 7.5,
            "stock": 0
        }
    },
    "prices": {
        "200101": "無",
        "200102": "無",
        "200103": "無",
        "200104": "無",
        "200105": "無",
        "200106": "無",
        "200107": "無",
        "200108": "無",
        "200109": "無",
        "200110": "無",
        "200111": "無",
        "200112": "無",
        "200201": "無",
        "200202": "無",
        "200203": "無",
        "200204": "無",
        "200205": "無",
        "200206": "無",
        "200207": "無",
        "200208": "無",
        "200209": "無",
        "200210": "無",
        "200211": "無",
        "200212": "無",
        "200301": "無",
        "200302": "無",
        "200303": "無",
        "200304": "無",
        "200305": "無",
        "200306": "無",
        "200307": "無",
        "200308": "無",
        "200309": "無",
        "200310": "無",
        "200311": "無",
        "200312": "無",
        "200401": "無",
        "200402": "無",
        "200403": "無",
        "200404": "無",
        "200405": "無",
        "200406": "無",
        "200407": "無",
        "200408": "無",
        "200409": "無",
        "200410": "無",
        "200411": "無",
        "200412": "無",
        "200501": "無",
        "200502": "無",
        "200503": "無",
        "200504": "無",
        "200505": "無",
        "200506": "無",
        "200507": "無",
        "200508": "無",
        "200509": "無",
        "200510": "無",
        "200511": "無",
        "200512": "無",
        "200601": "無",
        "200602": "無",
        "200603": "無",
        "200604": "無",
        "200605": "無",
        "200606": "無",
        "200607": "無",
        "200608": "無",
        "200609": "無",
        "200610": "無",
        "200611": "無",
        "200612": "無",
        "200701": "無",
        "200702": "無",
        "200703": "無",
        "200704": "無",
        "200705": "無",
        "200706": "無",
        "200707": "無",
        "200708": "無",
        "200709": "42.69",
        "200710": "49.38",
        "200711": "59.68",
        "200712": "51.12",
        "200801": "無",
        "200802": "無",
        "200803": "無",
        "200804": "46.51",
        "200805": "51.67",
        "200806": "54.97",
        "200807": "56.10",
        "200808": "43.37",
        "200809": "40.55",
        "200810": "21.92",
        "200811": "19.08",
        "200812": "20.75",
        "200901": "20.56",
        "200902": "19.28",
        "200903": "21.06",
        "200904": "24.15",
        "200905": "22.83",
        "200906": "20.96",
        "200907": "22.26",
        "200908": "22.87",
        "200909": "28.06",
        "200910": "28.64",
        "200911": "27.10",
        "200912": "29.65",
        "201001": "35.63",
        "201002": "31.91",
        "201003": "33.65",
        "201004": "35.08",
        "201005": "30.16",
        "201006": "30.49",
        "201007": "30.65",
        "201008": "30.00",
        "201009": "28.57",
        "201010": "28.31",
        "201011": "29.05",
        "201012": "32.06",
        "201101": "33.57",
        "201102": "33.16",
        "201103": "33.04",
        "201104": "37.18",
        "201105": "48.86",
        "201106": "51.14",
        "201107": "57.42",
        "201108": "50.93",
        "201109": "47.99",
        "201110": "43.05",
        "201111": "40.96",
        "201112": "38.87",
        "201201": "39.35",
        "201202": "43.58",
        "201203": "43.32",
        "201204": "39.88",
        "201205": "36.30",
        "201206": "35.77",
        "201207": "36.16",
        "201208": "37.05",
        "201209": "37.18",
        "201210": "38.00",
        "201211": "37.83",
        "201212": "38.41",
        "201301": "39.29",
        "201302": "40.22",
        "201303": "45.98",
        "201304": "69.89",
        "201305": "75.92",
        "201306": "140.32",
        "201307": "155.78",
        "201308": "144.17",
        "201309": "123.35",
        "201310": "118.91",
        "201311": "135.05",
        "201312": "152.05",
        "201401": "134.17",
        "201402": "127.29",
        "201403": "116.67",
        "201404": "113.74",
        "201405": "115.60",
        "201406": "114.10",
        "201407": "105.92",
        "201408": "91.98",
        "201409": "96.31",
        "201410": "84.21",
        "201411": "86.03",
        "201412": "99.06",
        "201501": "101.22",
        "201502": "108.15",
        "201503": "107.61",
        "201504": "109.65",
        "201505": "95.66",
        "201506": "84.90",
        "201507": "81.40",
        "201508": "77.63",
        "201509": "72.42",
        "201510": "78.30",
        "201511": "79.07",
        "201512": "63.50",
        "201601": "51.67",
        "201602": "56.96",
        "201603": "61.92",
        "201604": "61.08",
        "201605": "52.96",
        "201606": "51.14",
        "201607": "53.71",
        "201608": "55.43",
        "201609": "50.49",
        "201610": "48.56",
        "201611": "48.71",
        "201612": "51.08",
        "201701": "51.39",
        "201702": "49.99",
        "201703": "50.14",
        "201704": "48.83",
        "201705": "49.18",
        "201706": "54.64",
        "201707": "54.74",
        "201708": "51.16",
        "201709": "47.36",
        "201710": "47.84",
        "201711": "46.26",
        "201712": "44.90",
        "201801": "47.37",
        "201802": "46.12",
        "201803": "48.84",
        "201804": "47.95",
        "201805": "47.20",
        "201806": "46.66",
        "201807": "46.22",
        "201808": "47.68",
        "201809": "47.49",
        "201810": "46.09",
        "201811": "45.76",
        "201812": "47.46",
        "201901": "47.82",
        "201902": "57.08",
        "201903": "65.06",
        "201904": "68.68",
        "201905": "78.25",
        "201906": "86.06",
        "201907": "91.67",
        "201908": "88.04",
        "201909": "83.45",
        "201910": "79.95",
        "201911": "90.32",
        "201912": "90.41",
        "202001": "92.77",
        "202002": "95.87",
        "202003": "84.91",
        "202004": "90.36",
        "202005": "94.80",
        "202006": "99.90",
        "202007": "92.80",
        "202008": "89.69",
        "202009": "81.86",
        "202010": "79.69",
        "202011": "80.40",
        "202012": "79.89",
        "202101": "79.40",
        "202102": "81.35",
        "202103": "85.27",
        "202104": "86.86",
        "202105": "79.96",
        "202106": "79.59",
        "202107": "72.30",
        "202108": "69.22",
        "202109": "70.84",
        "202110": "71.74",
        "202111": "76.67",
        "202112": "78.79",
        "202201": "81.53",
        "202202": "83.17",
        "202203": "83.98",
        "202204": "86.15",
        "202205": "87.32",
        "202206": "89.62",
        "202207": "83.52",
        "202208": "87.17",
        "202209": "85.26",
        "202210": "85.85",
        "202211": "88.20",
        "202212": "88.80",
        "202301": "89.93",
        "202302": "95.87",
        "202303": "111.61",
        "202304": "141.15",
        "202305": "151.37"
    },
    "quarters": {
        "20011": {
            "year_quarter": 20011,
            "year": 2001,
            "quarter": 1,
            "eps": null,
            "eps_growth_year": null,
            "eps_4q": null,
            "eps_4q_growth_year": null,
            "roe": null,
            "roe_4q": 0,
            "gross_profit": null,
            "gross_margin": null,
            "gross_margin_4q_avg": 0,
            "net_income": null,
            "revenue": null,
            "common_shares": null,
            "book_valuer_per_share": null,
            "book_valuer_per_share_4q_avg": 0,
            "equity": null,
            "current_ratio": null,
            "debt_ratio": null,
            "inventory_turnover_ratio": null,
            "account_receivable_turnover_ratio": null,
            "reinvestment_rate": null,
            "research_to_sale_ratio": null,
            "price_fair": 0,
            "eps_avg_yearly": 0,
            "eps_latest_yearly": 0,
            "eps_growth_yearly": 0
        },
        "20012": {
            "year_quarter": 20012,
            "year": 2001,
            "quarter": 2,
            "eps": null,
            "eps_growth_year": null,
            "eps_4q": null,
            "eps_4q_growth_year": null,
            "roe": null,
            "roe_4q": 0,
            "gross_profit": null,
            "gross_margin": null,
            "gross_margin_4q_avg": 0,
            "net_income": null,
            "revenue": null,
            "common_shares": null,
            "book_valuer_per_share": null,
            "book_valuer_per_share_4q_avg": 0,
            "equity": null,
            "current_ratio": null,
            "debt_ratio": null,
            "inventory_turnover_ratio": null,
            "account_receivable_turnover_ratio": null,
            "reinvestment_rate": null,
            "research_to_sale_ratio": null,
            "price_fair": 0,
            "eps_avg_yearly": 0,
            "eps_latest_yearly": 0,
            "eps_growth_yearly": 0
        },
        "20013": {
            "year_quarter": 20013,
            "year": 2001,
            "quarter": 3,
            "eps": null,
            "eps_growth_year": null,
            "eps_4q": null,
            "eps_4q_growth_year": null,
            "roe": null,
            "roe_4q": 0,
            "gross_profit": null,
            "gross_margin": null,
            "gross_margin_4q_avg": 0,
            "net_income": null,
            "revenue": null,
            "common_shares": null,
            "book_valuer_per_share": null,
            "book_valuer_per_share_4q_avg": 0,
            "equity": null,
            "current_ratio": null,
            "debt_ratio": null,
            "inventory_turnover_ratio": null,
            "account_receivable_turnover_ratio": null,
            "reinvestment_rate": null,
            "research_to_sale_ratio": null,
            "price_fair": 0,
            "eps_avg_yearly": 0,
            "eps_latest_yearly": 0,
            "eps_growth_yearly": 0
        },
        "20014": {
            "year_quarter": 20014,
            "year": 2001,
            "quarter": 4,
            "eps": null,
            "eps_growth_year": null,
            "eps_4q": null,
            "eps_4q_growth_year": null,
            "roe": null,
            "roe_4q": 0,
            "gross_profit": null,
            "gross_margin": null,
            "gross_margin_4q_avg": 0,
            "net_income": null,
            "revenue": null,
            "common_shares": null,
            "book_valuer_per_share": null,
            "book_valuer_per_share_4q_avg": 0,
            "equity": null,
            "current_ratio": null,
            "debt_ratio": null,
            "inventory_turnover_ratio": null,
            "account_receivable_turnover_ratio": null,
            "reinvestment_rate": null,
            "research_to_sale_ratio": null,
            "price_fair": 0,
            "eps_avg_yearly": 0,
            "eps_latest_yearly": 0,
            "eps_growth_yearly": 0
        },
        "20021": {
            "year_quarter": 20021,
            "year": 2002,
            "quarter": 1,
            "eps": null,
            "eps_growth_year": null,
            "eps_4q": null,
            "eps_4q_growth_year": null,
            "roe": null,
            "roe_4q": 0,
            "gross_profit": null,
            "gross_margin": null,
            "gross_margin_4q_avg": 0,
            "net_income": null,
            "revenue": null,
            "common_shares": null,
            "book_valuer_per_share": null,
            "book_valuer_per_share_4q_avg": 0,
            "equity": null,
            "current_ratio": null,
            "debt_ratio": null,
            "inventory_turnover_ratio": null,
            "account_receivable_turnover_ratio": null,
            "reinvestment_rate": null,
            "research_to_sale_ratio": null,
            "price_fair": 0,
            "eps_avg_yearly": 0,
            "eps_latest_yearly": 0,
            "eps_growth_yearly": 0
        },
        "20022": {
            "year_quarter": 20022,
            "year": 2002,
            "quarter": 2,
            "eps": null,
            "eps_growth_year": null,
            "eps_4q": null,
            "eps_4q_growth_year": null,
            "roe": null,
            "roe_4q": 0,
            "gross_profit": null,
            "gross_margin": null,
            "gross_margin_4q_avg": 0,
            "net_income": null,
            "revenue": null,
            "common_shares": null,
            "book_valuer_per_share": null,
            "book_valuer_per_share_4q_avg": 0,
            "equity": null,
            "current_ratio": null,
            "debt_ratio": null,
            "inventory_turnover_ratio": null,
            "account_receivable_turnover_ratio": null,
            "reinvestment_rate": null,
            "research_to_sale_ratio": null,
            "price_fair": 0,
            "eps_avg_yearly": 0,
            "eps_latest_yearly": 0,
            "eps_growth_yearly": 0
        },
        "20023": {
            "year_quarter": 20023,
            "year": 2002,
            "quarter": 3,
            "eps": null,
            "eps_growth_year": null,
            "eps_4q": null,
            "eps_4q_growth_year": null,
            "roe": null,
            "roe_4q": 0,
            "gross_profit": null,
            "gross_margin": null,
            "gross_margin_4q_avg": 0,
            "net_income": null,
            "revenue": null,
            "common_shares": null,
            "book_valuer_per_share": null,
            "book_valuer_per_share_4q_avg": 0,
            "equity": null,
            "current_ratio": null,
            "debt_ratio": null,
            "inventory_turnover_ratio": null,
            "account_receivable_turnover_ratio": null,
            "reinvestment_rate": null,
            "research_to_sale_ratio": null,
            "price_fair": 0,
            "eps_avg_yearly": 0,
            "eps_latest_yearly": 0,
            "eps_growth_yearly": 0
        },
        "20024": {
            "year_quarter": 20024,
            "year": 2002,
            "quarter": 4,
            "eps": null,
            "eps_growth_year": null,
            "eps_4q": null,
            "eps_4q_growth_year": null,
            "roe": null,
            "roe_4q": 0,
            "gross_profit": null,
            "gross_margin": null,
            "gross_margin_4q_avg": 0,
            "net_income": null,
            "revenue": null,
            "common_shares": 116200,
            "book_valuer_per_share": 9.37,
            "book_valuer_per_share_4q_avg": 2.34,
            "equity": 108889,
            "current_ratio": 268.44,
            "debt_ratio": 36.67,
            "inventory_turnover_ratio": null,
            "account_receivable_turnover_ratio": null,
            "reinvestment_rate": null,
            "research_to_sale_ratio": null,
            "price_fair": 0,
            "eps_avg_yearly": 0,
            "eps_latest_yearly": 0,
            "eps_growth_yearly": 0
        },
        "20031": {
            "year_quarter": 20031,
            "year": 2003,
            "quarter": 1,
            "eps": null,
            "eps_growth_year": null,
            "eps_4q": null,
            "eps_4q_growth_year": null,
            "roe": null,
            "roe_4q": 0,
            "gross_profit": null,
            "gross_margin": null,
            "gross_margin_4q_avg": 0,
            "net_income": null,
            "revenue": null,
            "common_shares": null,
            "book_valuer_per_share": null,
            "book_valuer_per_share_4q_avg": 2.34,
            "equity": null,
            "current_ratio": null,
            "debt_ratio": null,
            "inventory_turnover_ratio": null,
            "account_receivable_turnover_ratio": null,
            "reinvestment_rate": null,
            "research_to_sale_ratio": null,
            "price_fair": 0,
            "eps_avg_yearly": 0,
            "eps_latest_yearly": 0,
            "eps_growth_yearly": 0
        },
        "20032": {
            "year_quarter": 20032,
            "year": 2003,
            "quarter": 2,
            "eps": null,
            "eps_growth_year": null,
            "eps_4q": null,
            "eps_4q_growth_year": null,
            "roe": null,
            "roe_4q": 0,
            "gross_profit": null,
            "gross_margin": null,
            "gross_margin_4q_avg": 0,
            "net_income": null,
            "revenue": null,
            "common_shares": null,
            "book_valuer_per_share": null,
            "book_valuer_per_share_4q_avg": 2.34,
            "equity": null,
            "current_ratio": null,
            "debt_ratio": null,
            "inventory_turnover_ratio": null,
            "account_receivable_turnover_ratio": null,
            "reinvestment_rate": null,
            "research_to_sale_ratio": null,
            "price_fair": 0,
            "eps_avg_yearly": 0,
            "eps_latest_yearly": 0,
            "eps_growth_yearly": 0
        },
        "20033": {
            "year_quarter": 20033,
            "year": 2003,
            "quarter": 3,
            "eps": null,
            "eps_growth_year": null,
            "eps_4q": null,
            "eps_4q_growth_year": null,
            "roe": null,
            "roe_4q": 0,
            "gross_profit": null,
            "gross_margin": null,
            "gross_margin_4q_avg": 0,
            "net_income": null,
            "revenue": null,
            "common_shares": null,
            "book_valuer_per_share": null,
            "book_valuer_per_share_4q_avg": 2.34,
            "equity": null,
            "current_ratio": null,
            "debt_ratio": null,
            "inventory_turnover_ratio": null,
            "account_receivable_turnover_ratio": null,
            "reinvestment_rate": null,
            "research_to_sale_ratio": null,
            "price_fair": 0,
            "eps_avg_yearly": 0,
            "eps_latest_yearly": 0,
            "eps_growth_yearly": 0
        },
        "20034": {
            "year_quarter": 20034,
            "year": 2003,
            "quarter": 4,
            "eps": null,
            "eps_growth_year": null,
            "eps_4q": null,
            "eps_4q_growth_year": null,
            "roe": null,
            "roe_4q": 0,
            "gross_profit": null,
            "gross_margin": null,
            "gross_margin_4q_avg": 0,
            "net_income": null,
            "revenue": null,
            "common_shares": 116200,
            "book_valuer_per_share": 9.37,
            "book_valuer_per_share_4q_avg": 2.34,
            "equity": 108930,
            "current_ratio": 291.52,
            "debt_ratio": 34.21,
            "inventory_turnover_ratio": null,
            "account_receivable_turnover_ratio": null,
            "reinvestment_rate": null,
            "research_to_sale_ratio": null,
            "price_fair": 0,
            "eps_avg_yearly": 0,
            "eps_latest_yearly": 0,
            "eps_growth_yearly": 0
        },
        "20041": {
            "year_quarter": 20041,
            "year": 2004,
            "quarter": 1,
            "eps": null,
            "eps_growth_year": null,
            "eps_4q": null,
            "eps_4q_growth_year": null,
            "roe": null,
            "roe_4q": 0,
            "gross_profit": null,
            "gross_margin": null,
            "gross_margin_4q_avg": 0,
            "net_income": null,
            "revenue": null,
            "common_shares": null,
            "book_valuer_per_share": null,
            "book_valuer_per_share_4q_avg": 2.34,
            "equity": null,
            "current_ratio": null,
            "debt_ratio": null,
            "inventory_turnover_ratio": null,
            "account_receivable_turnover_ratio": null,
            "reinvestment_rate": null,
            "research_to_sale_ratio": null,
            "price_fair": 0,
            "eps_avg_yearly": 0,
            "eps_latest_yearly": 0,
            "eps_growth_yearly": 0
        },
        "20042": {
            "year_quarter": 20042,
            "year": 2004,
            "quarter": 2,
            "eps": null,
            "eps_growth_year": null,
            "eps_4q": null,
            "eps_4q_growth_year": null,
            "roe": null,
            "roe_4q": 0,
            "gross_profit": null,
            "gross_margin": null,
            "gross_margin_4q_avg": 0,
            "net_income": null,
            "revenue": null,
            "common_shares": null,
            "book_valuer_per_share": null,
            "book_valuer_per_share_4q_avg": 2.34,
            "equity": null,
            "current_ratio": null,
            "debt_ratio": null,
            "inventory_turnover_ratio": null,
            "account_receivable_turnover_ratio": null,
            "reinvestment_rate": null,
            "research_to_sale_ratio": null,
            "price_fair": 0,
            "eps_avg_yearly": 0,
            "eps_latest_yearly": 0,
            "eps_growth_yearly": 0
        },
        "20043": {
            "year_quarter": 20043,
            "year": 2004,
            "quarter": 3,
            "eps": null,
            "eps_growth_year": null,
            "eps_4q": null,
            "eps_4q_growth_year": null,
            "roe": null,
            "roe_4q": 0,
            "gross_profit": null,
            "gross_margin": null,
            "gross_margin_4q_avg": 0,
            "net_income": null,
            "revenue": null,
            "common_shares": null,
            "book_valuer_per_share": null,
            "book_valuer_per_share_4q_avg": 2.34,
            "equity": null,
            "current_ratio": null,
            "debt_ratio": null,
            "inventory_turnover_ratio": null,
            "account_receivable_turnover_ratio": null,
            "reinvestment_rate": null,
            "research_to_sale_ratio": null,
            "price_fair": 0,
            "eps_avg_yearly": 0,
            "eps_latest_yearly": 0,
            "eps_growth_yearly": 0
        },
        "20044": {
            "year_quarter": 20044,
            "year": 2004,
            "quarter": 4,
            "eps": null,
            "eps_growth_year": null,
            "eps_4q": null,
            "eps_4q_growth_year": null,
            "roe": null,
            "roe_4q": 0,
            "gross_profit": null,
            "gross_margin": null,
            "gross_margin_4q_avg": 0,
            "net_income": null,
            "revenue": null,
            "common_shares": 116200,
            "book_valuer_per_share": 11.15,
            "book_valuer_per_share_4q_avg": 2.79,
            "equity": 129593,
            "current_ratio": 375.01,
            "debt_ratio": 27.6,
            "inventory_turnover_ratio": null,
            "account_receivable_turnover_ratio": null,
            "reinvestment_rate": null,
            "research_to_sale_ratio": null,
            "price_fair": 0,
            "eps_avg_yearly": 0,
            "eps_latest_yearly": 0,
            "eps_growth_yearly": 0
        },
        "20051": {
            "year_quarter": 20051,
            "year": 2005,
            "quarter": 1,
            "eps": null,
            "eps_growth_year": null,
            "eps_4q": null,
            "eps_4q_growth_year": null,
            "roe": null,
            "roe_4q": 0,
            "gross_profit": null,
            "gross_margin": null,
            "gross_margin_4q_avg": 0,
            "net_income": null,
            "revenue": null,
            "common_shares": null,
            "book_valuer_per_share": null,
            "book_valuer_per_share_4q_avg": 2.79,
            "equity": null,
            "current_ratio": null,
            "debt_ratio": null,
            "inventory_turnover_ratio": null,
            "account_receivable_turnover_ratio": null,
            "reinvestment_rate": null,
            "research_to_sale_ratio": null,
            "price_fair": 0,
            "eps_avg_yearly": 0,
            "eps_latest_yearly": 0,
            "eps_growth_yearly": 0
        },
        "20052": {
            "year_quarter": 20052,
            "year": 2005,
            "quarter": 2,
            "eps": null,
            "eps_growth_year": null,
            "eps_4q": null,
            "eps_4q_growth_year": null,
            "roe": null,
            "roe_4q": 0,
            "gross_profit": null,
            "gross_margin": null,
            "gross_margin_4q_avg": 0,
            "net_income": null,
            "revenue": null,
            "common_shares": null,
            "book_valuer_per_share": null,
            "book_valuer_per_share_4q_avg": 2.79,
            "equity": null,
            "current_ratio": null,
            "debt_ratio": null,
            "inventory_turnover_ratio": null,
            "account_receivable_turnover_ratio": null,
            "reinvestment_rate": null,
            "research_to_sale_ratio": null,
            "price_fair": 0,
            "eps_avg_yearly": 0,
            "eps_latest_yearly": 0,
            "eps_growth_yearly": 0
        },
        "20053": {
            "year_quarter": 20053,
            "year": 2005,
            "quarter": 3,
            "eps": null,
            "eps_growth_year": null,
            "eps_4q": null,
            "eps_4q_growth_year": null,
            "roe": null,
            "roe_4q": 0,
            "gross_profit": null,
            "gross_margin": null,
            "gross_margin_4q_avg": 0,
            "net_income": null,
            "revenue": null,
            "common_shares": null,
            "book_valuer_per_share": null,
            "book_valuer_per_share_4q_avg": 2.79,
            "equity": null,
            "current_ratio": null,
            "debt_ratio": null,
            "inventory_turnover_ratio": null,
            "account_receivable_turnover_ratio": null,
            "reinvestment_rate": null,
            "research_to_sale_ratio": null,
            "price_fair": 0,
            "eps_avg_yearly": 0,
            "eps_latest_yearly": 0,
            "eps_growth_yearly": 0
        },
        "20054": {
            "year_quarter": 20054,
            "year": 2005,
            "quarter": 4,
            "eps": null,
            "eps_growth_year": null,
            "eps_4q": null,
            "eps_4q_growth_year": null,
            "roe": null,
            "roe_4q": 0,
            "gross_profit": null,
            "gross_margin": null,
            "gross_margin_4q_avg": 0,
            "net_income": null,
            "revenue": null,
            "common_shares": 116200,
            "book_valuer_per_share": 13.57,
            "book_valuer_per_share_4q_avg": 3.39,
            "equity": 157642,
            "current_ratio": 410.55,
            "debt_ratio": 26.05,
            "inventory_turnover_ratio": null,
            "account_receivable_turnover_ratio": null,
            "reinvestment_rate": null,
            "research_to_sale_ratio": null,
            "price_fair": 0,
            "eps_avg_yearly": 0,
            "eps_latest_yearly": 0,
            "eps_growth_yearly": 0
        },
        "20061": {
            "year_quarter": 20061,
            "year": 2006,
            "quarter": 1,
            "eps": null,
            "eps_growth_year": null,
            "eps_4q": null,
            "eps_4q_growth_year": null,
            "roe": null,
            "roe_4q": 0,
            "gross_profit": null,
            "gross_margin": null,
            "gross_margin_4q_avg": 0,
            "net_income": null,
            "revenue": null,
            "common_shares": null,
            "book_valuer_per_share": null,
            "book_valuer_per_share_4q_avg": 3.39,
            "equity": null,
            "current_ratio": null,
            "debt_ratio": null,
            "inventory_turnover_ratio": null,
            "account_receivable_turnover_ratio": null,
            "reinvestment_rate": null,
            "research_to_sale_ratio": null,
            "price_fair": 0,
            "eps_avg_yearly": 0,
            "eps_latest_yearly": 0,
            "eps_growth_yearly": 0
        },
        "20062": {
            "year_quarter": 20062,
            "year": 2006,
            "quarter": 2,
            "eps": null,
            "eps_growth_year": null,
            "eps_4q": null,
            "eps_4q_growth_year": null,
            "roe": null,
            "roe_4q": 0,
            "gross_profit": null,
            "gross_margin": null,
            "gross_margin_4q_avg": 0,
            "net_income": null,
            "revenue": null,
            "common_shares": null,
            "book_valuer_per_share": null,
            "book_valuer_per_share_4q_avg": 3.39,
            "equity": null,
            "current_ratio": null,
            "debt_ratio": null,
            "inventory_turnover_ratio": null,
            "account_receivable_turnover_ratio": null,
            "reinvestment_rate": null,
            "research_to_sale_ratio": null,
            "price_fair": 0,
            "eps_avg_yearly": 0,
            "eps_latest_yearly": 0,
            "eps_growth_yearly": 0
        },
        "20063": {
            "year_quarter": 20063,
            "year": 2006,
            "quarter": 3,
            "eps": null,
            "eps_growth_year": null,
            "eps_4q": null,
            "eps_4q_growth_year": null,
            "roe": null,
            "roe_4q": 0,
            "gross_profit": null,
            "gross_margin": null,
            "gross_margin_4q_avg": 0,
            "net_income": null,
            "revenue": null,
            "common_shares": null,
            "book_valuer_per_share": null,
            "book_valuer_per_share_4q_avg": 3.39,
            "equity": null,
            "current_ratio": null,
            "debt_ratio": null,
            "inventory_turnover_ratio": null,
            "account_receivable_turnover_ratio": null,
            "reinvestment_rate": null,
            "research_to_sale_ratio": null,
            "price_fair": 0,
            "eps_avg_yearly": 0,
            "eps_latest_yearly": 0,
            "eps_growth_yearly": 0
        },
        "20064": {
            "year_quarter": 20064,
            "year": 2006,
            "quarter": 4,
            "eps": null,
            "eps_growth_year": null,
            "eps_4q": null,
            "eps_4q_growth_year": null,
            "roe": null,
            "roe_4q": 0,
            "gross_profit": null,
            "gross_margin": null,
            "gross_margin_4q_avg": 0,
            "net_income": null,
            "revenue": null,
            "common_shares": 116200,
            "book_valuer_per_share": 17.03,
            "book_valuer_per_share_4q_avg": 4.26,
            "equity": 197898,
            "current_ratio": 363.77,
            "debt_ratio": 28.43,
            "inventory_turnover_ratio": null,
            "account_receivable_turnover_ratio": null,
            "reinvestment_rate": null,
            "research_to_sale_ratio": null,
            "price_fair": 0,
            "eps_avg_yearly": 0,
            "eps_latest_yearly": 0,
            "eps_growth_yearly": 0
        },
        "20071": {
            "year_quarter": 20071,
            "year": 2007,
            "quarter": 1,
            "eps": 1.11,
            "eps_growth_year": null,
            "eps_4q": null,
            "eps_4q_growth_year": null,
            "roe": 6.29,
            "roe_4q": 6.29,
            "gross_profit": 43308,
            "gross_margin": 41.44,
            "gross_margin_4q_avg": 10.36,
            "net_income": 12845,
            "revenue": 104517,
            "common_shares": 116200,
            "book_valuer_per_share": 18.14,
            "book_valuer_per_share_4q_avg": 8.79,
            "equity": 210742,
            "current_ratio": 503.02,
            "debt_ratio": 21.1,
            "inventory_turnover_ratio": 3.33,
            "account_receivable_turnover_ratio": null,
            "reinvestment_rate": null,
            "research_to_sale_ratio": null,
            "price_fair": 0,
            "eps_avg_yearly": 0,
            "eps_latest_yearly": 0,
            "eps_growth_yearly": 0
        },
        "20072": {
            "year_quarter": 20072,
            "year": 2007,
            "quarter": 2,
            "eps": 1,
            "eps_growth_year": null,
            "eps_4q": null,
            "eps_4q_growth_year": null,
            "roe": 5.23,
            "roe_4q": 11.52,
            "gross_profit": 46553,
            "gross_margin": 39.52,
            "gross_margin_4q_avg": 20.24,
            "net_income": 12702,
            "revenue": 117783,
            "common_shares": 139550,
            "book_valuer_per_share": 19.69,
            "book_valuer_per_share_4q_avg": 13.72,
            "equity": 274773,
            "current_ratio": 537.75,
            "debt_ratio": 19.46,
            "inventory_turnover_ratio": 4.4,
            "account_receivable_turnover_ratio": null,
            "reinvestment_rate": null,
            "research_to_sale_ratio": null,
            "price_fair": 12,
            "eps_avg_yearly": 4,
            "eps_latest_yearly": 4,
            "eps_growth_yearly": -39.64
        },
        "20073": {
            "year_quarter": 20073,
            "year": 2007,
            "quarter": 3,
            "eps": 0.89,
            "eps_growth_year": null,
            "eps_4q": null,
            "eps_4q_growth_year": null,
            "roe": 4.14,
            "roe_4q": 15.66,
            "gross_profit": 42040,
            "gross_margin": 44.07,
            "gross_margin_4q_avg": 31.26,
            "net_income": 11655,
            "revenue": 95391,
            "common_shares": 139550,
            "book_valuer_per_share": 20.61,
            "book_valuer_per_share_4q_avg": 18.87,
            "equity": 287633,
            "current_ratio": 609,
            "debt_ratio": 17.29,
            "inventory_turnover_ratio": 2.34,
            "account_receivable_turnover_ratio": null,
            "reinvestment_rate": null,
            "research_to_sale_ratio": null,
            "price_fair": 11.34,
            "eps_avg_yearly": 3.78,
            "eps_latest_yearly": 3.56,
            "eps_growth_yearly": -41.82
        },
        "20074": {
            "year_quarter": 20074,
            "year": 2007,
            "quarter": 4,
            "eps": 0.83,
            "eps_growth_year": null,
            "eps_4q": 3.62,
            "eps_4q_growth_year": null,
            "roe": 3.76,
            "roe_4q": 19.419999999999998,
            "gross_profit": 43867,
            "gross_margin": 42.25,
            "gross_margin_4q_avg": 41.82,
            "net_income": 11058,
            "revenue": 103826,
            "common_shares": 139550,
            "book_valuer_per_share": 21.49,
            "book_valuer_per_share_4q_avg": 19.98,
            "equity": 299882,
            "current_ratio": 496.43,
            "debt_ratio": 20.73,
            "inventory_turnover_ratio": 2.25,
            "account_receivable_turnover_ratio": null,
            "reinvestment_rate": null,
            "research_to_sale_ratio": null,
            "price_fair": 10.88,
            "eps_avg_yearly": 3.63,
            "eps_latest_yearly": 3.32,
            "eps_growth_yearly": -36.87
        },
        "20081": {
            "year_quarter": 20081,
            "year": 2008,
            "quarter": 1,
            "eps": 0.86,
            "eps_growth_year": -22.52,
            "eps_4q": 3.41,
            "eps_4q_growth_year": null,
            "roe": 3.91,
            "roe_4q": 17.04,
            "gross_profit": 49642,
            "gross_margin": 46.33,
            "gross_margin_4q_avg": 43.04,
            "net_income": 11942,
            "revenue": 107148,
            "common_shares": 139550,
            "book_valuer_per_share": 22.31,
            "book_valuer_per_share_4q_avg": 21.03,
            "equity": 311276,
            "current_ratio": 554.16,
            "debt_ratio": 18.65,
            "inventory_turnover_ratio": 2.32,
            "account_receivable_turnover_ratio": null,
            "reinvestment_rate": null,
            "research_to_sale_ratio": null,
            "price_fair": 10.74,
            "eps_avg_yearly": 3.58,
            "eps_latest_yearly": 3.44,
            "eps_growth_yearly": -24.04
        },
        "20082": {
            "year_quarter": 20082,
            "year": 2008,
            "quarter": 2,
            "eps": 1.09,
            "eps_growth_year": 9,
            "eps_4q": 3.56,
            "eps_4q_growth_year": null,
            "roe": 4.94,
            "roe_4q": 16.75,
            "gross_profit": 55411,
            "gross_margin": 43.12,
            "gross_margin_4q_avg": 43.94,
            "net_income": 15269,
            "revenue": 128509,
            "common_shares": 139550,
            "book_valuer_per_share": 22.01,
            "book_valuer_per_share_4q_avg": 21.61,
            "equity": 307114,
            "current_ratio": 422.09,
            "debt_ratio": 24.08,
            "inventory_turnover_ratio": 3.29,
            "account_receivable_turnover_ratio": null,
            "reinvestment_rate": null,
            "research_to_sale_ratio": null,
            "price_fair": 45.45,
            "eps_avg_yearly": 3.74,
            "eps_latest_yearly": 4.36,
            "eps_growth_yearly": 2.17
        },
        "20083": {
            "year_quarter": 20083,
            "year": 2008,
            "quarter": 3,
            "eps": 0.89,
            "eps_growth_year": 0,
            "eps_4q": 3.48,
            "eps_4q_growth_year": null,
            "roe": 4.18,
            "roe_4q": 16.79,
            "gross_profit": 50160,
            "gross_margin": 43.67,
            "gross_margin_4q_avg": 43.84,
            "net_income": 13150,
            "revenue": 114853,
            "common_shares": 148200,
            "book_valuer_per_share": 21.76,
            "book_valuer_per_share_4q_avg": 21.89,
            "equity": 322540,
            "current_ratio": 576.84,
            "debt_ratio": 17.88,
            "inventory_turnover_ratio": 2.9,
            "account_receivable_turnover_ratio": null,
            "reinvestment_rate": null,
            "research_to_sale_ratio": null,
            "price_fair": 11.12,
            "eps_avg_yearly": 3.71,
            "eps_latest_yearly": 3.56,
            "eps_growth_yearly": -10.43
        },
        "20084": {
            "year_quarter": 20084,
            "year": 2008,
            "quarter": 4,
            "eps": 0.32,
            "eps_growth_year": -61.45,
            "eps_4q": 3.02,
            "eps_4q_growth_year": -16.74,
            "roe": 1.4,
            "roe_4q": 14.43,
            "gross_profit": 33446,
            "gross_margin": 42.58,
            "gross_margin_4q_avg": 43.93,
            "net_income": 4791,
            "revenue": 78551,
            "common_shares": 162400,
            "book_valuer_per_share": 22.24,
            "book_valuer_per_share_4q_avg": 22.08,
            "equity": 361099,
            "current_ratio": 816.9,
            "debt_ratio": 12.86,
            "inventory_turnover_ratio": 1.98,
            "account_receivable_turnover_ratio": 1.91,
            "reinvestment_rate": null,
            "research_to_sale_ratio": null,
            "price_fair": 10.08,
            "eps_avg_yearly": 3.36,
            "eps_latest_yearly": 1.28,
            "eps_growth_yearly": -45.54
        },
        "20091": {
            "year_quarter": 20091,
            "year": 2009,
            "quarter": 1,
            "eps": -0.35,
            "eps_growth_year": -140.7,
            "eps_4q": 1.69,
            "eps_4q_growth_year": -50.31,
            "roe": -1.58,
            "roe_4q": 8.94,
            "gross_profit": 23399,
            "gross_margin": 38.97,
            "gross_margin_4q_avg": 42.09,
            "net_income": -5690,
            "revenue": 60041,
            "common_shares": 162400,
            "book_valuer_per_share": 21.99,
            "book_valuer_per_share_4q_avg": 22,
            "equity": 357075,
            "current_ratio": 992.22,
            "debt_ratio": 10.75,
            "inventory_turnover_ratio": 1.8,
            "account_receivable_turnover_ratio": 0.85,
            "reinvestment_rate": null,
            "research_to_sale_ratio": null,
            "price_fair": 10.08,
            "eps_avg_yearly": 3.36,
            "eps_latest_yearly": 1.28,
            "eps_growth_yearly": -45.54
        },
        "20092": {
            "year_quarter": 20092,
            "year": 2009,
            "quarter": 2,
            "eps": 0.37,
            "eps_growth_year": -66.06,
            "eps_4q": 1.13,
            "eps_4q_growth_year": -68.16,
            "roe": 1.7,
            "roe_4q": 5.699999999999999,
            "gross_profit": 36083,
            "gross_margin": 42.97,
            "gross_margin_4q_avg": 42.05,
            "net_income": 5928,
            "revenue": 83981,
            "common_shares": 162400,
            "book_valuer_per_share": 20.84,
            "book_valuer_per_share_4q_avg": 21.71,
            "equity": 338467,
            "current_ratio": 606.55,
            "debt_ratio": 16.94,
            "inventory_turnover_ratio": 2.65,
            "account_receivable_turnover_ratio": 1.23,
            "reinvestment_rate": null,
            "research_to_sale_ratio": null,
            "price_fair": 10.08,
            "eps_avg_yearly": 3.36,
            "eps_latest_yearly": 1.28,
            "eps_growth_yearly": -45.54
        },
        "20093": {
            "year_quarter": 20093,
            "year": 2009,
            "quarter": 3,
            "eps": 0.7,
            "eps_growth_year": -21.35,
            "eps_4q": 1.01,
            "eps_4q_growth_year": -71.03,
            "roe": 3.3,
            "roe_4q": 4.82,
            "gross_profit": 51433,
            "gross_margin": 39.84,
            "gross_margin_4q_avg": 41.09,
            "net_income": 11428,
            "revenue": 129097,
            "common_shares": 164850,
            "book_valuer_per_share": 21.49,
            "book_valuer_per_share_4q_avg": 21.64,
            "equity": 354249,
            "current_ratio": 857.02,
            "debt_ratio": 12.22,
            "inventory_turnover_ratio": 4.38,
            "account_receivable_turnover_ratio": 1.29,
            "reinvestment_rate": null,
            "research_to_sale_ratio": null,
            "price_fair": 48.53,
            "eps_avg_yearly": 3.29,
            "eps_latest_yearly": 2.8,
            "eps_growth_yearly": 4.75
        },
        "20094": {
            "year_quarter": 20094,
            "year": 2009,
            "quarter": 4,
            "eps": 0.88,
            "eps_growth_year": 175,
            "eps_4q": 1.58,
            "eps_4q_growth_year": -47.55,
            "roe": 3.97,
            "roe_4q": 7.389999999999999,
            "gross_profit": 53351,
            "gross_margin": 45.58,
            "gross_margin_4q_avg": 41.84,
            "net_income": 14409,
            "revenue": 117046,
            "common_shares": 164850,
            "book_valuer_per_share": 22.49,
            "book_valuer_per_share_4q_avg": 21.7,
            "equity": 370822,
            "current_ratio": 692.03,
            "debt_ratio": 14.3,
            "inventory_turnover_ratio": 3.47,
            "account_receivable_turnover_ratio": 2.23,
            "reinvestment_rate": null,
            "research_to_sale_ratio": null,
            "price_fair": 85.05,
            "eps_avg_yearly": 3.32,
            "eps_latest_yearly": 3.52,
            "eps_growth_yearly": 15.65
        },
        "20101": {
            "year_quarter": 20101,
            "year": 2010,
            "quarter": 1,
            "eps": 0.23,
            "eps_growth_year": null,
            "eps_4q": 2.15,
            "eps_4q_growth_year": 27.05,
            "roe": 1.03,
            "roe_4q": 10,
            "gross_profit": 36461,
            "gross_margin": 46.43,
            "gross_margin_4q_avg": 43.71,
            "net_income": 3833,
            "revenue": 78524,
            "common_shares": 165350,
            "book_valuer_per_share": 22.74,
            "book_valuer_per_share_4q_avg": 21.89,
            "equity": 376083,
            "current_ratio": 862.11,
            "debt_ratio": 11.54,
            "inventory_turnover_ratio": 2.15,
            "account_receivable_turnover_ratio": 0.82,
            "reinvestment_rate": null,
            "research_to_sale_ratio": 1.66,
            "price_fair": 9.23,
            "eps_avg_yearly": 3.08,
            "eps_latest_yearly": 0.92,
            "eps_growth_yearly": -15.46
        },
        "20102": {
            "year_quarter": 20102,
            "year": 2010,
            "quarter": 2,
            "eps": 0.51,
            "eps_growth_year": 37.33,
            "eps_4q": 2.3,
            "eps_4q_growth_year": 102.93,
            "roe": 2.28,
            "roe_4q": 10.579999999999998,
            "gross_profit": 45757,
            "gross_margin": 46.04,
            "gross_margin_4q_avg": 44.47,
            "net_income": 8402,
            "revenue": 99388,
            "common_shares": 165350,
            "book_valuer_per_share": 21.91,
            "book_valuer_per_share_4q_avg": 22.16,
            "equity": 362328,
            "current_ratio": 538.14,
            "debt_ratio": 18.01,
            "inventory_turnover_ratio": 2.35,
            "account_receivable_turnover_ratio": 1.01,
            "reinvestment_rate": null,
            "research_to_sale_ratio": 1.52,
            "price_fair": 104.36,
            "eps_avg_yearly": 2.98,
            "eps_latest_yearly": 2.04,
            "eps_growth_yearly": 30.22
        },
        "20103": {
            "year_quarter": 20103,
            "year": 2010,
            "quarter": 3,
            "eps": 0.96,
            "eps_growth_year": 37.24,
            "eps_4q": 2.56,
            "eps_4q_growth_year": 153.84,
            "roe": 4.32,
            "roe_4q": 11.6,
            "gross_profit": 55353,
            "gross_margin": 44.93,
            "gross_margin_4q_avg": 45.75,
            "net_income": 16016,
            "revenue": 123185,
            "common_shares": 166720,
            "book_valuer_per_share": 22.79,
            "book_valuer_per_share_4q_avg": 22.48,
            "equity": 379987,
            "current_ratio": 672.78,
            "debt_ratio": 14.52,
            "inventory_turnover_ratio": 2.72,
            "account_receivable_turnover_ratio": 1.01,
            "reinvestment_rate": null,
            "research_to_sale_ratio": 1.11,
            "price_fair": 106.87,
            "eps_avg_yearly": 3.05,
            "eps_latest_yearly": 3.84,
            "eps_growth_yearly": 57.11
        },
        "20104": {
            "year_quarter": 20104,
            "year": 2010,
            "quarter": 4,
            "eps": 1.11,
            "eps_growth_year": 25.67,
            "eps_4q": 2.8,
            "eps_4q_growth_year": 77.05,
            "roe": 4.75,
            "roe_4q": 12.379999999999999,
            "gross_profit": 61212,
            "gross_margin": 49.13,
            "gross_margin_4q_avg": 46.63,
            "net_income": 18438,
            "revenue": 124602,
            "common_shares": 166720,
            "book_valuer_per_share": 23.78,
            "book_valuer_per_share_4q_avg": 22.81,
            "equity": 396385,
            "current_ratio": 558.68,
            "debt_ratio": 17.35,
            "inventory_turnover_ratio": 2.21,
            "account_receivable_turnover_ratio": 0.94,
            "reinvestment_rate": 35.61,
            "research_to_sale_ratio": 1.03,
            "price_fair": 110.6,
            "eps_avg_yearly": 3.16,
            "eps_latest_yearly": 4.44,
            "eps_growth_yearly": 57.52
        },
        "20111": {
            "year_quarter": 20111,
            "year": 2011,
            "quarter": 1,
            "eps": 0.97,
            "eps_growth_year": 321.74,
            "eps_4q": 3.53,
            "eps_4q_growth_year": 63.92,
            "roe": 3.99,
            "roe_4q": 15.34,
            "gross_profit": 58577,
            "gross_margin": 48.04,
            "gross_margin_4q_avg": 47.04,
            "net_income": 16147,
            "revenue": 121922,
            "common_shares": 167190,
            "book_valuer_per_share": 24.75,
            "book_valuer_per_share_4q_avg": 23.31,
            "equity": 413776,
            "current_ratio": 679.56,
            "debt_ratio": 14.39,
            "inventory_turnover_ratio": 2.1,
            "account_receivable_turnover_ratio": 0.91,
            "reinvestment_rate": 35.38,
            "research_to_sale_ratio": 1.03,
            "price_fair": 112.4,
            "eps_avg_yearly": 3.21,
            "eps_latest_yearly": 3.88,
            "eps_growth_yearly": 49.81
        },
        "20112": {
            "year_quarter": 20112,
            "year": 2011,
            "quarter": 2,
            "eps": 1.35,
            "eps_growth_year": 165.62,
            "eps_4q": 4.38,
            "eps_4q_growth_year": 90.07,
            "roe": 5.53,
            "roe_4q": 18.59,
            "gross_profit": 71748,
            "gross_margin": 46.97,
            "gross_margin_4q_avg": 47.27,
            "net_income": 22566,
            "revenue": 152751,
            "common_shares": 167190,
            "book_valuer_per_share": 24.08,
            "book_valuer_per_share_4q_avg": 23.85,
            "equity": 402525,
            "current_ratio": 410.22,
            "debt_ratio": 23.52,
            "inventory_turnover_ratio": 3.46,
            "account_receivable_turnover_ratio": 1.01,
            "reinvestment_rate": 33.55,
            "research_to_sale_ratio": 1.02,
            "price_fair": 115.9,
            "eps_avg_yearly": 3.31,
            "eps_latest_yearly": 5.4,
            "eps_growth_yearly": 63.84
        },
        "20113": {
            "year_quarter": 20113,
            "year": 2011,
            "quarter": 3,
            "eps": 0.86,
            "eps_growth_year": -10.46,
            "eps_4q": 4.24,
            "eps_4q_growth_year": 65.8,
            "roe": 3.52,
            "roe_4q": 17.79,
            "gross_profit": 59509,
            "gross_margin": 44.46,
            "gross_margin_4q_avg": 47.15,
            "net_income": 14535,
            "revenue": 133861,
            "common_shares": 168970,
            "book_valuer_per_share": 24.99,
            "book_valuer_per_share_4q_avg": 24.4,
            "equity": 422185,
            "current_ratio": 577.44,
            "debt_ratio": 16.82,
            "inventory_turnover_ratio": 3.75,
            "account_receivable_turnover_ratio": 0.84,
            "reinvestment_rate": 34.85,
            "research_to_sale_ratio": 1.19,
            "price_fair": 115.6,
            "eps_avg_yearly": 3.3,
            "eps_latest_yearly": 3.44,
            "eps_growth_yearly": 56.61
        },
        "20114": {
            "year_quarter": 20114,
            "year": 2011,
            "quarter": 4,
            "eps": 0.91,
            "eps_growth_year": -17.32,
            "eps_4q": 4.07,
            "eps_4q_growth_year": 45.18,
            "roe": 3.59,
            "roe_4q": 16.630000000000003,
            "gross_profit": 60941,
            "gross_margin": 40.67,
            "gross_margin_4q_avg": 45.04,
            "net_income": 15450,
            "revenue": 149830,
            "common_shares": 168970,
            "book_valuer_per_share": 25.91,
            "book_valuer_per_share_4q_avg": 24.93,
            "equity": 437801,
            "current_ratio": 464.22,
            "debt_ratio": 20.8,
            "inventory_turnover_ratio": 3.05,
            "account_receivable_turnover_ratio": 0.95,
            "reinvestment_rate": 35.05,
            "research_to_sale_ratio": 0.85,
            "price_fair": 116.4,
            "eps_avg_yearly": 3.33,
            "eps_latest_yearly": 3.64,
            "eps_growth_yearly": 60.2
        },
        "20121": {
            "year_quarter": 20121,
            "year": 2012,
            "quarter": 1,
            "eps": 0.44,
            "eps_growth_year": -54.64,
            "eps_4q": 3.51,
            "eps_4q_growth_year": -0.52,
            "roe": 1.69,
            "roe_4q": 14.329999999999998,
            "gross_profit": 52290,
            "gross_margin": 40.29,
            "gross_margin_4q_avg": 43.1,
            "net_income": 7471,
            "revenue": 129786,
            "common_shares": 170970,
            "book_valuer_per_share": 26.11,
            "book_valuer_per_share_4q_avg": 25.27,
            "equity": 446449,
            "current_ratio": 523.89,
            "debt_ratio": 18.44,
            "inventory_turnover_ratio": 1.79,
            "account_receivable_turnover_ratio": 0.83,
            "reinvestment_rate": 34.42,
            "research_to_sale_ratio": 0.58,
            "price_fair": 112.2,
            "eps_avg_yearly": 3.21,
            "eps_latest_yearly": 1.76,
            "eps_growth_yearly": 44.41
        },
        "20122": {
            "year_quarter": 20122,
            "year": 2012,
            "quarter": 2,
            "eps": 0.93,
            "eps_growth_year": -30.97,
            "eps_4q": 3.12,
            "eps_4q_growth_year": -28.65,
            "roe": 3.68,
            "roe_4q": 12.48,
            "gross_profit": 73237,
            "gross_margin": 45.24,
            "gross_margin_4q_avg": 42.67,
            "net_income": 15930,
            "revenue": 161880,
            "common_shares": 170970,
            "book_valuer_per_share": 24.58,
            "book_valuer_per_share_4q_avg": 25.4,
            "equity": 420312,
            "current_ratio": 416.18,
            "debt_ratio": 23.07,
            "inventory_turnover_ratio": 2.33,
            "account_receivable_turnover_ratio": 0.93,
            "reinvestment_rate": 62.25,
            "research_to_sale_ratio": 0.37,
            "price_fair": 110.6,
            "eps_avg_yearly": 3.16,
            "eps_latest_yearly": 3.72,
            "eps_growth_yearly": 68.58
        },
        "20123": {
            "year_quarter": 20123,
            "year": 2012,
            "quarter": 3,
            "eps": 1.08,
            "eps_growth_year": 25.17,
            "eps_4q": 3.35,
            "eps_4q_growth_year": -21.06,
            "roe": 4.3,
            "roe_4q": 13.26,
            "gross_profit": 72684,
            "gross_margin": 44.97,
            "gross_margin_4q_avg": 42.79,
            "net_income": 18409,
            "revenue": 161620,
            "common_shares": 170970,
            "book_valuer_per_share": 25.55,
            "book_valuer_per_share_4q_avg": 25.54,
            "equity": 436876,
            "current_ratio": 589.33,
            "debt_ratio": 16.31,
            "inventory_turnover_ratio": 2.73,
            "account_receivable_turnover_ratio": 0.84,
            "reinvestment_rate": 61.36,
            "research_to_sale_ratio": 0.36,
            "price_fair": 112.5,
            "eps_avg_yearly": 3.21,
            "eps_latest_yearly": 4.32,
            "eps_growth_yearly": 78.43
        },
        "20124": {
            "year_quarter": 20124,
            "year": 2012,
            "quarter": 4,
            "eps": 1.1,
            "eps_growth_year": 20.36,
            "eps_4q": 3.55,
            "eps_4q_growth_year": -12.78,
            "roe": 4.22,
            "roe_4q": 13.889999999999999,
            "gross_profit": 73569,
            "gross_margin": 47.12,
            "gross_margin_4q_avg": 44.41,
            "net_income": 18815,
            "revenue": 156129,
            "common_shares": 170970,
            "book_valuer_per_share": 26.65,
            "book_valuer_per_share_4q_avg": 25.72,
            "equity": 455702,
            "current_ratio": 525.5,
            "debt_ratio": 18.34,
            "inventory_turnover_ratio": 1.88,
            "account_receivable_turnover_ratio": 0.81,
            "reinvestment_rate": 57.95,
            "research_to_sale_ratio": 0.43,
            "price_fair": 120.3,
            "eps_avg_yearly": 3.44,
            "eps_latest_yearly": 4.4,
            "eps_growth_yearly": 97.26
        },
        "20131": {
            "year_quarter": 20131,
            "year": 2013,
            "quarter": 1,
            "eps": 0.89,
            "eps_growth_year": 102.27,
            "eps_4q": 4,
            "eps_4q_growth_year": 13.8,
            "roe": 3.32,
            "roe_4q": 15.52,
            "gross_profit": 72476,
            "gross_margin": 43.73,
            "gross_margin_4q_avg": 45.27,
            "net_income": 15152,
            "revenue": 165751,
            "common_shares": 170970,
            "book_valuer_per_share": 26.81,
            "book_valuer_per_share_4q_avg": 25.9,
            "equity": 458391,
            "current_ratio": 588.78,
            "debt_ratio": 18.79,
            "inventory_turnover_ratio": 1.95,
            "account_receivable_turnover_ratio": 0.82,
            "reinvestment_rate": 7.84,
            "research_to_sale_ratio": 0.48,
            "price_fair": 120.59,
            "eps_avg_yearly": 3.45,
            "eps_latest_yearly": 3.56,
            "eps_growth_yearly": 85.69
        },
        "20132": {
            "year_quarter": 20132,
            "year": 2013,
            "quarter": 2,
            "eps": 1.23,
            "eps_growth_year": 32.01,
            "eps_4q": 4.29,
            "eps_4q_growth_year": 37.52,
            "roe": 4.67,
            "roe_4q": 16.51,
            "gross_profit": 86040,
            "gross_margin": 45.23,
            "gross_margin_4q_avg": 45.26,
            "net_income": 21040,
            "revenue": 190223,
            "common_shares": 170970,
            "book_valuer_per_share": 25.92,
            "book_valuer_per_share_4q_avg": 26.23,
            "equity": 443183,
            "current_ratio": 403.53,
            "debt_ratio": 26.03,
            "inventory_turnover_ratio": 2.31,
            "account_receivable_turnover_ratio": 0.84,
            "reinvestment_rate": 7.72,
            "research_to_sale_ratio": 0.39,
            "price_fair": 123.81,
            "eps_avg_yearly": 3.54,
            "eps_latest_yearly": 4.92,
            "eps_growth_yearly": 89.88
        },
        "20133": {
            "year_quarter": 20133,
            "year": 2013,
            "quarter": 3,
            "eps": 1.16,
            "eps_growth_year": 7.73,
            "eps_4q": 4.38,
            "eps_4q_growth_year": 30.66,
            "roe": 4.38,
            "roe_4q": 16.59,
            "gross_profit": 84076,
            "gross_margin": 40.77,
            "gross_margin_4q_avg": 44.21,
            "net_income": 19810,
            "revenue": 206210,
            "common_shares": 170970,
            "book_valuer_per_share": 27.03,
            "book_valuer_per_share_4q_avg": 26.6,
            "equity": 462086,
            "current_ratio": 461.25,
            "debt_ratio": 23.02,
            "inventory_turnover_ratio": 2.44,
            "account_receivable_turnover_ratio": 0.81,
            "reinvestment_rate": 7.2,
            "research_to_sale_ratio": 0.4,
            "price_fair": 127.84,
            "eps_avg_yearly": 3.65,
            "eps_latest_yearly": 4.64,
            "eps_growth_yearly": 66.16
        },
        "20134": {
            "year_quarter": 20134,
            "year": 2013,
            "quarter": 4,
            "eps": 1.34,
            "eps_growth_year": 22.15,
            "eps_4q": 4.62,
            "eps_4q_growth_year": 30.28,
            "roe": 4.85,
            "roe_4q": 17.22,
            "gross_profit": 89966,
            "gross_margin": 45.47,
            "gross_margin_4q_avg": 43.8,
            "net_income": 22982,
            "revenue": 197870,
            "common_shares": 170970,
            "book_valuer_per_share": 28.44,
            "book_valuer_per_share_4q_avg": 27.05,
            "equity": 486174,
            "current_ratio": 470.46,
            "debt_ratio": 22.55,
            "inventory_turnover_ratio": 1.86,
            "account_receivable_turnover_ratio": 0.78,
            "reinvestment_rate": -15.14,
            "research_to_sale_ratio": 0.37,
            "price_fair": 131.86,
            "eps_avg_yearly": 3.77,
            "eps_latest_yearly": 5.36,
            "eps_growth_yearly": 63.61
        },
        "20141": {
            "year_quarter": 20141,
            "year": 2014,
            "quarter": 1,
            "eps": 0.8,
            "eps_growth_year": -10.11,
            "eps_4q": 4.53,
            "eps_4q_growth_year": 13.41,
            "roe": 2.77,
            "roe_4q": 16.67,
            "gross_profit": 80700,
            "gross_margin": 38.83,
            "gross_margin_4q_avg": 42.58,
            "net_income": 13633,
            "revenue": 207836,
            "common_shares": 170970,
            "book_valuer_per_share": 29.21,
            "book_valuer_per_share_4q_avg": 27.65,
            "equity": 499423,
            "current_ratio": 504.46,
            "debt_ratio": 21.12,
            "inventory_turnover_ratio": 2.41,
            "account_receivable_turnover_ratio": 0.84,
            "reinvestment_rate": -14.16,
            "research_to_sale_ratio": 0.38,
            "price_fair": 136.85,
            "eps_avg_yearly": 3.91,
            "eps_latest_yearly": 3.2,
            "eps_growth_yearly": 72
        },
        "20142": {
            "year_quarter": 20142,
            "year": 2014,
            "quarter": 2,
            "eps": 1.35,
            "eps_growth_year": 9.76,
            "eps_4q": 4.65,
            "eps_4q_growth_year": 8.25,
            "roe": 4.76,
            "roe_4q": 16.759999999999998,
            "gross_profit": 93690,
            "gross_margin": 41.59,
            "gross_margin_4q_avg": 41.67,
            "net_income": 23051,
            "revenue": 225290,
            "common_shares": 170970,
            "book_valuer_per_share": 27.43,
            "book_valuer_per_share_4q_avg": 28.03,
            "equity": 469016,
            "current_ratio": 351.26,
            "debt_ratio": 28.75,
            "inventory_turnover_ratio": 3.4,
            "account_receivable_turnover_ratio": 0.9,
            "reinvestment_rate": -9.34,
            "research_to_sale_ratio": 0.33,
            "price_fair": 144.2,
            "eps_avg_yearly": 4.12,
            "eps_latest_yearly": 5.4,
            "eps_growth_yearly": 58.76
        },
        "20143": {
            "year_quarter": 20143,
            "year": 2014,
            "quarter": 3,
            "eps": 1.68,
            "eps_growth_year": 44.83,
            "eps_4q": 5.17,
            "eps_4q_growth_year": 18.09,
            "roe": 5.92,
            "roe_4q": 18.299999999999997,
            "gross_profit": 99868,
            "gross_margin": 49.64,
            "gross_margin_4q_avg": 43.88,
            "net_income": 28689,
            "revenue": 201187,
            "common_shares": 170970,
            "book_valuer_per_share": 29.29,
            "book_valuer_per_share_4q_avg": 28.59,
            "equity": 500749,
            "current_ratio": 539.65,
            "debt_ratio": 19.55,
            "inventory_turnover_ratio": 2.78,
            "account_receivable_turnover_ratio": 0.82,
            "reinvestment_rate": -11.09,
            "research_to_sale_ratio": 0.41,
            "price_fair": 150.5,
            "eps_avg_yearly": 4.3,
            "eps_latest_yearly": 6.72,
            "eps_growth_yearly": 42.81
        },
        "20144": {
            "year_quarter": 20144,
            "year": 2014,
            "quarter": 4,
            "eps": 1.66,
            "eps_growth_year": 23.7,
            "eps_4q": 5.49,
            "eps_4q_growth_year": 18.76,
            "roe": 5.5,
            "roe_4q": 18.95,
            "gross_profit": 101317,
            "gross_margin": 40.76,
            "gross_margin_4q_avg": 42.71,
            "net_income": 28429,
            "revenue": 248544,
            "common_shares": 170970,
            "book_valuer_per_share": 31.21,
            "book_valuer_per_share_4q_avg": 29.29,
            "equity": 533531,
            "current_ratio": 464.46,
            "debt_ratio": 22.64,
            "inventory_turnover_ratio": 3.03,
            "account_receivable_turnover_ratio": 0.99,
            "reinvestment_rate": -9.52,
            "research_to_sale_ratio": 0.3,
            "price_fair": 155.31,
            "eps_avg_yearly": 4.44,
            "eps_latest_yearly": 6.64,
            "eps_growth_yearly": 38.6
        },
        "20151": {
            "year_quarter": 20151,
            "year": 2015,
            "quarter": 1,
            "eps": 1.17,
            "eps_growth_year": 46.25,
            "eps_4q": 5.86,
            "eps_4q_growth_year": 29.24,
            "roe": 3.67,
            "roe_4q": 19.85,
            "gross_profit": 90692,
            "gross_margin": 37.49,
            "gross_margin_4q_avg": 42.37,
            "net_income": 19947,
            "revenue": 241889,
            "common_shares": 170970,
            "book_valuer_per_share": 32.29,
            "book_valuer_per_share_4q_avg": 30.06,
            "equity": 552143,
            "current_ratio": 589.59,
            "debt_ratio": 18.4,
            "inventory_turnover_ratio": 3.33,
            "account_receivable_turnover_ratio": 0.92,
            "reinvestment_rate": -9.92,
            "research_to_sale_ratio": 0.31,
            "price_fair": 157.06,
            "eps_avg_yearly": 4.49,
            "eps_latest_yearly": 4.68,
            "eps_growth_yearly": 34.38
        },
        "20152": {
            "year_quarter": 20152,
            "year": 2015,
            "quarter": 2,
            "eps": 1.09,
            "eps_growth_year": -19.26,
            "eps_4q": 5.6,
            "eps_4q_growth_year": 20.5,
            "roe": 3.55,
            "roe_4q": 18.64,
            "gross_profit": 90288,
            "gross_margin": 43.96,
            "gross_margin_4q_avg": 42.96,
            "net_income": 18700,
            "revenue": 205410,
            "common_shares": 170970,
            "book_valuer_per_share": 29.27,
            "book_valuer_per_share_4q_avg": 30.52,
            "equity": 500501,
            "current_ratio": 351.49,
            "debt_ratio": 28.95,
            "inventory_turnover_ratio": 2.62,
            "account_receivable_turnover_ratio": 0.81,
            "reinvestment_rate": -10.22,
            "research_to_sale_ratio": 0.36,
            "price_fair": 145.39,
            "eps_avg_yearly": 4.42,
            "eps_latest_yearly": 4.36,
            "eps_growth_yearly": 22.88
        },
        "20153": {
            "year_quarter": 20153,
            "year": 2015,
            "quarter": 3,
            "eps": 1.11,
            "eps_growth_year": -33.93,
            "eps_4q": 5.03,
            "eps_4q_growth_year": -2.63,
            "roe": 3.66,
            "roe_4q": 16.38,
            "gross_profit": 91392,
            "gross_margin": 32.21,
            "gross_margin_4q_avg": 38.61,
            "net_income": 18935,
            "revenue": 283750,
            "common_shares": 170970,
            "book_valuer_per_share": 30.71,
            "book_valuer_per_share_4q_avg": 30.87,
            "equity": 533976,
            "current_ratio": 453.15,
            "debt_ratio": 22.97,
            "inventory_turnover_ratio": 3.41,
            "account_receivable_turnover_ratio": 1.03,
            "reinvestment_rate": -11.22,
            "research_to_sale_ratio": 0.45,
            "price_fair": 156.98,
            "eps_avg_yearly": 4.49,
            "eps_latest_yearly": 4.44,
            "eps_growth_yearly": 32.41
        },
        "20154": {
            "year_quarter": 20154,
            "year": 2015,
            "quarter": 4,
            "eps": 1.64,
            "eps_growth_year": -1.1,
            "eps_4q": 5.01,
            "eps_4q_growth_year": -8.62,
            "roe": 5.04,
            "roe_4q": 15.92,
            "gross_profit": 100565,
            "gross_margin": 38.81,
            "gross_margin_4q_avg": 38.12,
            "net_income": 27417,
            "revenue": 259128,
            "common_shares": 170970,
            "book_valuer_per_share": 31.95,
            "book_valuer_per_share_4q_avg": 31.06,
            "equity": 554556,
            "current_ratio": 451.74,
            "debt_ratio": 23.2,
            "inventory_turnover_ratio": 2.55,
            "account_receivable_turnover_ratio": 0.91,
            "reinvestment_rate": -11.3,
            "research_to_sale_ratio": 1.39,
            "price_fair": 163.36,
            "eps_avg_yearly": 4.67,
            "eps_latest_yearly": 6.56,
            "eps_growth_yearly": 42.89
        },
        "20161": {
            "year_quarter": 20161,
            "year": 2016,
            "quarter": 1,
            "eps": 0.8,
            "eps_growth_year": -31.62,
            "eps_4q": 4.65,
            "eps_4q_growth_year": -20.67,
            "roe": 2.24,
            "roe_4q": 14.490000000000002,
            "gross_profit": 80587,
            "gross_margin": 36.16,
            "gross_margin_4q_avg": 37.79,
            "net_income": 12551,
            "revenue": 222841,
            "common_shares": 170970,
            "book_valuer_per_share": 32.73,
            "book_valuer_per_share_4q_avg": 31.17,
            "equity": 566716,
            "current_ratio": 703.73,
            "debt_ratio": 15.92,
            "inventory_turnover_ratio": 1.92,
            "account_receivable_turnover_ratio": 0.85,
            "reinvestment_rate": -10.25,
            "research_to_sale_ratio": 1.75,
            "price_fair": 166.51,
            "eps_avg_yearly": 4.76,
            "eps_latest_yearly": 3.2,
            "eps_growth_yearly": 43
        },
        "20162": {
            "year_quarter": 20162,
            "year": 2016,
            "quarter": 2,
            "eps": 1.02,
            "eps_growth_year": -6.42,
            "eps_4q": 4.57,
            "eps_4q_growth_year": -18.38,
            "roe": 3.02,
            "roe_4q": 13.96,
            "gross_profit": 88117,
            "gross_margin": 40.83,
            "gross_margin_4q_avg": 37,
            "net_income": 16431,
            "revenue": 215813,
            "common_shares": 170970,
            "book_valuer_per_share": 30.05,
            "book_valuer_per_share_4q_avg": 31.36,
            "equity": 519976,
            "current_ratio": 314.55,
            "debt_ratio": 31.59,
            "inventory_turnover_ratio": 1.36,
            "account_receivable_turnover_ratio": 0.91,
            "reinvestment_rate": -26.2,
            "research_to_sale_ratio": 2.18,
            "price_fair": 153.12,
            "eps_avg_yearly": 4.78,
            "eps_latest_yearly": 4.08,
            "eps_growth_yearly": 22.03
        },
        "20163": {
            "year_quarter": 20163,
            "year": 2016,
            "quarter": 3,
            "eps": 1.65,
            "eps_growth_year": 48.65,
            "eps_4q": 5.12,
            "eps_4q_growth_year": 1.74,
            "roe": 5.27,
            "roe_4q": 15.57,
            "gross_profit": 100673,
            "gross_margin": 40.84,
            "gross_margin_4q_avg": 39.16,
            "net_income": 27895,
            "revenue": 246527,
            "common_shares": 170970,
            "book_valuer_per_share": 31.48,
            "book_valuer_per_share_4q_avg": 31.55,
            "equity": 538227,
            "current_ratio": 518.3,
            "debt_ratio": 20.4,
            "inventory_turnover_ratio": 1.31,
            "account_receivable_turnover_ratio": 1.11,
            "reinvestment_rate": -26.56,
            "research_to_sale_ratio": 1.51,
            "price_fair": 172.29,
            "eps_avg_yearly": 4.92,
            "eps_latest_yearly": 6.6,
            "eps_growth_yearly": 33.44
        },
        "20164": {
            "year_quarter": 20164,
            "year": 2016,
            "quarter": 4,
            "eps": 0.56,
            "eps_growth_year": -65.9,
            "eps_4q": 4.04,
            "eps_4q_growth_year": -19.51,
            "roe": 1.75,
            "roe_4q": 12.28,
            "gross_profit": 61782,
            "gross_margin": 36.44,
            "gross_margin_4q_avg": 38.57,
            "net_income": 9587,
            "revenue": 169526,
            "common_shares": 170970,
            "book_valuer_per_share": 32.47,
            "book_valuer_per_share_4q_avg": 31.68,
            "equity": 555179,
            "current_ratio": 570.16,
            "debt_ratio": 16.97,
            "inventory_turnover_ratio": 1.01,
            "account_receivable_turnover_ratio": 0.8,
            "reinvestment_rate": -27.49,
            "research_to_sale_ratio": 0.84,
            "price_fair": 126.69,
            "eps_avg_yearly": 4.79,
            "eps_latest_yearly": 2.24,
            "eps_growth_yearly": 16.46
        },
        "20171": {
            "year_quarter": 20171,
            "year": 2017,
            "quarter": 1,
            "eps": 0.45,
            "eps_growth_year": -43.75,
            "eps_4q": 3.69,
            "eps_4q_growth_year": -20.54,
            "roe": 1.39,
            "roe_4q": 11.43,
            "gross_profit": 60430,
            "gross_margin": 35.35,
            "gross_margin_4q_avg": 38.37,
            "net_income": 7760,
            "revenue": 170932,
            "common_shares": 170970,
            "book_valuer_per_share": 32.62,
            "book_valuer_per_share_4q_avg": 31.66,
            "equity": 557702,
            "current_ratio": 574.37,
            "debt_ratio": 16.89,
            "inventory_turnover_ratio": 1.28,
            "account_receivable_turnover_ratio": 0.9,
            "reinvestment_rate": 2.77,
            "research_to_sale_ratio": 0.67,
            "price_fair": 123.14,
            "eps_avg_yearly": 4.68,
            "eps_latest_yearly": 1.8,
            "eps_growth_yearly": 16.33
        },
        "20172": {
            "year_quarter": 20172,
            "year": 2017,
            "quarter": 2,
            "eps": -0.26,
            "eps_growth_year": -125.49,
            "eps_4q": 2.41,
            "eps_4q_growth_year": -47.29,
            "roe": -0.84,
            "roe_4q": 7.569999999999999,
            "gross_profit": 46862,
            "gross_margin": 27.83,
            "gross_margin_4q_avg": 35.12,
            "net_income": -4462,
            "revenue": 168377,
            "common_shares": 170970,
            "book_valuer_per_share": 29.48,
            "book_valuer_per_share_4q_avg": 31.51,
            "equity": 503977,
            "current_ratio": 422,
            "debt_ratio": 22.64,
            "inventory_turnover_ratio": 1.52,
            "account_receivable_turnover_ratio": 0.94,
            "reinvestment_rate": 2.85,
            "research_to_sale_ratio": 0.92,
            "price_fair": 80.3,
            "eps_avg_yearly": 4.66,
            "eps_latest_yearly": 1.8,
            "eps_growth_yearly": 7.23
        },
        "20173": {
            "year_quarter": 20173,
            "year": 2017,
            "quarter": 3,
            "eps": 0.68,
            "eps_growth_year": -58.79,
            "eps_4q": 1.43,
            "eps_4q_growth_year": -72,
            "roe": 2.28,
            "roe_4q": 4.58,
            "gross_profit": 68788,
            "gross_margin": 39.12,
            "gross_margin_4q_avg": 34.69,
            "net_income": 11619,
            "revenue": 175833,
            "common_shares": 170970,
            "book_valuer_per_share": 30.25,
            "book_valuer_per_share_4q_avg": 31.21,
            "equity": 517186,
            "current_ratio": 539.94,
            "debt_ratio": 17.77,
            "inventory_turnover_ratio": 1.36,
            "account_receivable_turnover_ratio": 1.01,
            "reinvestment_rate": 2.81,
            "research_to_sale_ratio": 0.85,
            "price_fair": 90.31,
            "eps_avg_yearly": 4.66,
            "eps_latest_yearly": 1.8,
            "eps_growth_yearly": 9.37
        },
        "20174": {
            "year_quarter": 20174,
            "year": 2017,
            "quarter": 4,
            "eps": 0.63,
            "eps_growth_year": 13.03,
            "eps_4q": 1.51,
            "eps_4q_growth_year": -62.68,
            "roe": 2.07,
            "roe_4q": 4.8999999999999995,
            "gross_profit": 61092,
            "gross_margin": 37.9,
            "gross_margin_4q_avg": 35.05,
            "net_income": 10836,
            "revenue": 161175,
            "common_shares": 170970,
            "book_valuer_per_share": 31.01,
            "book_valuer_per_share_4q_avg": 30.84,
            "equity": 530161,
            "current_ratio": 572.13,
            "debt_ratio": 16.16,
            "inventory_turnover_ratio": 1.37,
            "account_receivable_turnover_ratio": 0.88,
            "reinvestment_rate": 2.82,
            "research_to_sale_ratio": 0.92,
            "price_fair": 57.24,
            "eps_avg_yearly": 4.46,
            "eps_latest_yearly": 2.52,
            "eps_growth_yearly": 2.83
        },
        "20181": {
            "year_quarter": 20181,
            "year": 2018,
            "quarter": 1,
            "eps": 0.33,
            "eps_growth_year": -26.67,
            "eps_4q": 1.39,
            "eps_4q_growth_year": -62.42,
            "roe": 1.07,
            "roe_4q": 4.58,
            "gross_profit": 58073,
            "gross_margin": 34.68,
            "gross_margin_4q_avg": 34.88,
            "net_income": 5721,
            "revenue": 167468,
            "common_shares": 170970,
            "book_valuer_per_share": 31.44,
            "book_valuer_per_share_4q_avg": 30.55,
            "equity": 537548,
            "current_ratio": 667.03,
            "debt_ratio": 13.84,
            "inventory_turnover_ratio": 1.75,
            "account_receivable_turnover_ratio": 0.92,
            "reinvestment_rate": -0.87,
            "research_to_sale_ratio": 0.91,
            "price_fair": 43.26,
            "eps_avg_yearly": 4.33,
            "eps_latest_yearly": 1.32,
            "eps_growth_yearly": 0.74
        },
        "20182": {
            "year_quarter": 20182,
            "year": 2018,
            "quarter": 2,
            "eps": 1.16,
            "eps_growth_year": null,
            "eps_4q": 2.81,
            "eps_4q_growth_year": 16.68,
            "roe": 3.71,
            "roe_4q": 9.129999999999999,
            "gross_profit": 80888,
            "gross_margin": 35.4,
            "gross_margin_4q_avg": 36.78,
            "net_income": 19900,
            "revenue": 228466,
            "common_shares": 170970,
            "book_valuer_per_share": 31.27,
            "book_valuer_per_share_4q_avg": 30.99,
            "equity": 534634,
            "current_ratio": 398.11,
            "debt_ratio": 23.29,
            "inventory_turnover_ratio": 2.92,
            "account_receivable_turnover_ratio": 1.16,
            "reinvestment_rate": -4.51,
            "research_to_sale_ratio": 0.94,
            "price_fair": 149.5,
            "eps_avg_yearly": 4.27,
            "eps_latest_yearly": 4.64,
            "eps_growth_yearly": 52.96
        },
        "20183": {
            "year_quarter": 20183,
            "year": 2018,
            "quarter": 3,
            "eps": 1.31,
            "eps_growth_year": 92.65,
            "eps_4q": 3.44,
            "eps_4q_growth_year": 140.33,
            "roe": 4.12,
            "roe_4q": 10.97,
            "gross_profit": 88621,
            "gross_margin": 35.1,
            "gross_margin_4q_avg": 35.77,
            "net_income": 22434,
            "revenue": 252462,
            "common_shares": 170970,
            "book_valuer_per_share": 32.37,
            "book_valuer_per_share_4q_avg": 31.52,
            "equity": 553464,
            "current_ratio": 396.56,
            "debt_ratio": 23.23,
            "inventory_turnover_ratio": 3.91,
            "account_receivable_turnover_ratio": 1.11,
            "reinvestment_rate": -4.29,
            "research_to_sale_ratio": 0.73,
            "price_fair": 145.8,
            "eps_avg_yearly": 4.17,
            "eps_latest_yearly": 5.24,
            "eps_growth_yearly": 49.67
        },
        "20184": {
            "year_quarter": 20184,
            "year": 2018,
            "quarter": 4,
            "eps": 1.53,
            "eps_growth_year": 141.69,
            "eps_4q": 4.34,
            "eps_4q_growth_year": 188.3,
            "roe": 4.62,
            "roe_4q": 13.52,
            "gross_profit": 92017,
            "gross_margin": 33.43,
            "gross_margin_4q_avg": 34.65,
            "net_income": 26190,
            "revenue": 275272,
            "common_shares": 170970,
            "book_valuer_per_share": 33.9,
            "book_valuer_per_share_4q_avg": 32.25,
            "equity": 579524,
            "current_ratio": 388.97,
            "debt_ratio": 24.06,
            "inventory_turnover_ratio": 4.2,
            "account_receivable_turnover_ratio": 1.05,
            "reinvestment_rate": -4.28,
            "research_to_sale_ratio": 0.56,
            "price_fair": 144.5,
            "eps_avg_yearly": 4.13,
            "eps_latest_yearly": 6.12,
            "eps_growth_yearly": 54.81
        },
        "20191": {
            "year_quarter": 20191,
            "year": 2019,
            "quarter": 1,
            "eps": 2.02,
            "eps_growth_year": 512.12,
            "eps_4q": 6.02,
            "eps_4q_growth_year": 334.24,
            "roe": 5.76,
            "roe_4q": 18.21,
            "gross_profit": 105367,
            "gross_margin": 38.08,
            "gross_margin_4q_avg": 35.5,
            "net_income": 34452,
            "revenue": 276729,
            "common_shares": 170970,
            "book_valuer_per_share": 36.06,
            "book_valuer_per_share_4q_avg": 33.4,
            "equity": 616484,
            "current_ratio": 406.7,
            "debt_ratio": 25.43,
            "inventory_turnover_ratio": 2.68,
            "account_receivable_turnover_ratio": 1.01,
            "reinvestment_rate": -4.01,
            "research_to_sale_ratio": 0.55,
            "price_fair": 153,
            "eps_avg_yearly": 4.37,
            "eps_latest_yearly": 8.08,
            "eps_growth_yearly": 72.39
        },
        "20192": {
            "year_quarter": 20192,
            "year": 2019,
            "quarter": 2,
            "eps": 2.04,
            "eps_growth_year": 75.86,
            "eps_4q": 6.9,
            "eps_4q_growth_year": 145.36,
            "roe": 5.74,
            "roe_4q": 20.240000000000002,
            "gross_profit": 111426,
            "gross_margin": 37.28,
            "gross_margin_4q_avg": 35.97,
            "net_income": 34885,
            "revenue": 298926,
            "common_shares": 170970,
            "book_valuer_per_share": 35.01,
            "book_valuer_per_share_4q_avg": 34.34,
            "equity": 598637,
            "current_ratio": 298.63,
            "debt_ratio": 32.66,
            "inventory_turnover_ratio": 2.28,
            "account_receivable_turnover_ratio": 1.14,
            "reinvestment_rate": -3.91,
            "research_to_sale_ratio": 0.48,
            "price_fair": 162.5,
            "eps_avg_yearly": 4.64,
            "eps_latest_yearly": 8.16,
            "eps_growth_yearly": 74.63
        },
        "20193": {
            "year_quarter": 20193,
            "year": 2019,
            "quarter": 3,
            "eps": 1.96,
            "eps_growth_year": 49.62,
            "eps_4q": 7.55,
            "eps_4q_growth_year": 119.22,
            "roe": 5.46,
            "roe_4q": 21.580000000000002,
            "gross_profit": 105286,
            "gross_margin": 37.22,
            "gross_margin_4q_avg": 36.5,
            "net_income": 33548,
            "revenue": 282882,
            "common_shares": 170970,
            "book_valuer_per_share": 36.73,
            "book_valuer_per_share_4q_avg": 35.43,
            "equity": 629525,
            "current_ratio": 395.2,
            "debt_ratio": 25.3,
            "inventory_turnover_ratio": 2.17,
            "account_receivable_turnover_ratio": 1.15,
            "reinvestment_rate": -3.28,
            "research_to_sale_ratio": 0.61,
            "price_fair": 171,
            "eps_avg_yearly": 4.89,
            "eps_latest_yearly": 7.84,
            "eps_growth_yearly": 72.99
        },
        "20194": {
            "year_quarter": 20194,
            "year": 2019,
            "quarter": 4,
            "eps": 2.35,
            "eps_growth_year": 53.55,
            "eps_4q": 8.37,
            "eps_4q_growth_year": 92.78,
            "roe": 6.22,
            "roe_4q": 23.18,
            "gross_profit": 116011,
            "gross_margin": 33.45,
            "gross_margin_4q_avg": 36.51,
            "net_income": 40117,
            "revenue": 346838,
            "common_shares": 170970,
            "book_valuer_per_share": 38.61,
            "book_valuer_per_share_4q_avg": 36.6,
            "equity": 661442,
            "current_ratio": 361.53,
            "debt_ratio": 28.08,
            "inventory_turnover_ratio": 2.76,
            "account_receivable_turnover_ratio": 1.35,
            "reinvestment_rate": -2.64,
            "research_to_sale_ratio": 0.45,
            "price_fair": 178.1,
            "eps_avg_yearly": 5.09,
            "eps_latest_yearly": 9.4,
            "eps_growth_yearly": 65.03
        },
        "20201": {
            "year_quarter": 20201,
            "year": 2020,
            "quarter": 1,
            "eps": 2.36,
            "eps_growth_year": 16.83,
            "eps_4q": 8.71,
            "eps_4q_growth_year": 44.68,
            "roe": 6.34,
            "roe_4q": 23.759999999999998,
            "gross_profit": 117218,
            "gross_margin": 38.21,
            "gross_margin_4q_avg": 36.54,
            "net_income": 40196,
            "revenue": 306737,
            "common_shares": 170970,
            "book_valuer_per_share": 35.37,
            "book_valuer_per_share_4q_avg": 36.43,
            "equity": 606052,
            "current_ratio": 282.44,
            "debt_ratio": 34.52,
            "inventory_turnover_ratio": 2.4,
            "account_receivable_turnover_ratio": 1.17,
            "reinvestment_rate": -2.41,
            "research_to_sale_ratio": 0.5,
            "price_fair": 193.7,
            "eps_avg_yearly": 5.53,
            "eps_latest_yearly": 9.44,
            "eps_growth_yearly": 79.78
        },
        "20202": {
            "year_quarter": 20202,
            "year": 2020,
            "quarter": 2,
            "eps": 2.11,
            "eps_growth_year": 3.43,
            "eps_4q": 8.79,
            "eps_4q_growth_year": 27.37,
            "roe": 5.78,
            "roe_4q": 23.8,
            "gross_profit": 107289,
            "gross_margin": 36.74,
            "gross_margin_4q_avg": 36.41,
            "net_income": 36023,
            "revenue": 291996,
            "common_shares": 170970,
            "book_valuer_per_share": 37.39,
            "book_valuer_per_share_4q_avg": 37.03,
            "equity": 640413,
            "current_ratio": 290.86,
            "debt_ratio": 33.28,
            "inventory_turnover_ratio": 2.86,
            "account_receivable_turnover_ratio": 1.23,
            "reinvestment_rate": -2.01,
            "research_to_sale_ratio": 0.84,
            "price_fair": 204.6,
            "eps_avg_yearly": 5.85,
            "eps_latest_yearly": 8.44,
            "eps_growth_yearly": 68.9
        },
        "20203": {
            "year_quarter": 20203,
            "year": 2020,
            "quarter": 3,
            "eps": 1.52,
            "eps_growth_year": -22.45,
            "eps_4q": 8.35,
            "eps_4q_growth_year": 10.57,
            "roe": 3.96,
            "roe_4q": 22.299999999999997,
            "gross_profit": 100651,
            "gross_margin": 38.6,
            "gross_margin_4q_avg": 36.75,
            "net_income": 25931,
            "revenue": 260753,
            "common_shares": 170970,
            "book_valuer_per_share": 39,
            "book_valuer_per_share_4q_avg": 37.59,
            "equity": 667842,
            "current_ratio": 463.85,
            "debt_ratio": 22.15,
            "inventory_turnover_ratio": 2.54,
            "account_receivable_turnover_ratio": 1.18,
            "reinvestment_rate": -1.27,
            "research_to_sale_ratio": 0.6,
            "price_fair": 203.3,
            "eps_avg_yearly": 5.81,
            "eps_latest_yearly": 6.08,
            "eps_growth_yearly": 43.26
        },
        "20204": {
            "year_quarter": 20204,
            "year": 2020,
            "quarter": 4,
            "eps": 2,
            "eps_growth_year": -14.78,
            "eps_4q": 8,
            "eps_4q_growth_year": -4.42,
            "roe": 4.97,
            "roe_4q": 21.05,
            "gross_profit": 112819,
            "gross_margin": 41.76,
            "gross_margin_4q_avg": 38.83,
            "net_income": 34129,
            "revenue": 270186,
            "common_shares": 170970,
            "book_valuer_per_share": 41.15,
            "book_valuer_per_share_4q_avg": 38.23,
            "equity": 704407,
            "current_ratio": 423.27,
            "debt_ratio": 23.7,
            "inventory_turnover_ratio": 2.06,
            "account_receivable_turnover_ratio": 1.3,
            "reinvestment_rate": -1.65,
            "research_to_sale_ratio": 0.8,
            "price_fair": 217.7,
            "eps_avg_yearly": 6.22,
            "eps_latest_yearly": 8,
            "eps_growth_yearly": 71.16
        },
        "20211": {
            "year_quarter": 20211,
            "year": 2021,
            "quarter": 1,
            "eps": 1.55,
            "eps_growth_year": -34.32,
            "eps_4q": 7.19,
            "eps_4q_growth_year": -17.51,
            "roe": 3.91,
            "roe_4q": 18.62,
            "gross_profit": 107132,
            "gross_margin": 35.3,
            "gross_margin_4q_avg": 38.1,
            "net_income": 26313,
            "revenue": 303499,
            "common_shares": 170970,
            "book_valuer_per_share": 37.54,
            "book_valuer_per_share_4q_avg": 38.77,
            "equity": 642522,
            "current_ratio": 301.72,
            "debt_ratio": 31.58,
            "inventory_turnover_ratio": 2.56,
            "account_receivable_turnover_ratio": 1.34,
            "reinvestment_rate": -0.68,
            "research_to_sale_ratio": 0.67,
            "price_fair": 228.7,
            "eps_avg_yearly": 6.53,
            "eps_latest_yearly": 6.2,
            "eps_growth_yearly": 70.35
        },
        "20212": {
            "year_quarter": 20212,
            "year": 2021,
            "quarter": 2,
            "eps": 1.83,
            "eps_growth_year": -13.27,
            "eps_4q": 6.9,
            "eps_4q_growth_year": -21.43,
            "roe": 4.75,
            "roe_4q": 17.59,
            "gross_profit": 109777,
            "gross_margin": 34.86,
            "gross_margin_4q_avg": 37.63,
            "net_income": 31232,
            "revenue": 314867,
            "common_shares": 170970,
            "book_valuer_per_share": 39.29,
            "book_valuer_per_share_4q_avg": 39.25,
            "equity": 672815,
            "current_ratio": 286.42,
            "debt_ratio": 32.6,
            "inventory_turnover_ratio": 2.79,
            "account_receivable_turnover_ratio": 1.28,
            "reinvestment_rate": -0.75,
            "research_to_sale_ratio": 0.68,
            "price_fair": 230.53,
            "eps_avg_yearly": 6.59,
            "eps_latest_yearly": 7.32,
            "eps_growth_yearly": 70.47
        },
        "20213": {
            "year_quarter": 20213,
            "year": 2021,
            "quarter": 3,
            "eps": 2.53,
            "eps_growth_year": 66.45,
            "eps_4q": 7.91,
            "eps_4q_growth_year": -5.2,
            "roe": 6.23,
            "roe_4q": 19.86,
            "gross_profit": 127838,
            "gross_margin": 37.93,
            "gross_margin_4q_avg": 37.46,
            "net_income": 43262,
            "revenue": 337063,
            "common_shares": 170970,
            "book_valuer_per_share": 41.82,
            "book_valuer_per_share_4q_avg": 39.95,
            "equity": 716029,
            "current_ratio": 455.84,
            "debt_ratio": 20.79,
            "inventory_turnover_ratio": 2.23,
            "account_receivable_turnover_ratio": 1.33,
            "reinvestment_rate": -0.64,
            "research_to_sale_ratio": 0.67,
            "price_fair": 238.26,
            "eps_avg_yearly": 6.81,
            "eps_latest_yearly": 10.12,
            "eps_growth_yearly": 75.63
        },
        "20214": {
            "year_quarter": 20214,
            "year": 2021,
            "quarter": 4,
            "eps": 2.59,
            "eps_growth_year": 29.41,
            "eps_4q": 8.5,
            "eps_4q_growth_year": 6.28,
            "roe": 6.01,
            "roe_4q": 20.900000000000002,
            "gross_profit": 135975,
            "gross_margin": 39.4,
            "gross_margin_4q_avg": 36.87,
            "net_income": 44312,
            "revenue": 345097,
            "common_shares": 170970,
            "book_valuer_per_share": 44.27,
            "book_valuer_per_share_4q_avg": 40.73,
            "equity": 757762,
            "current_ratio": 384.87,
            "debt_ratio": 25,
            "inventory_turnover_ratio": 2.08,
            "account_receivable_turnover_ratio": 1.19,
            "reinvestment_rate": -0.62,
            "research_to_sale_ratio": 0.5,
            "price_fair": 255.41,
            "eps_avg_yearly": 7.3,
            "eps_latest_yearly": 10.36,
            "eps_growth_yearly": 78.06
        },
        "20221": {
            "year_quarter": 20221,
            "year": 2022,
            "quarter": 1,
            "eps": 2.34,
            "eps_growth_year": 50.97,
            "eps_4q": 9.29,
            "eps_4q_growth_year": 29.29,
            "roe": 5.43,
            "roe_4q": 22.42,
            "gross_profit": 130497,
            "gross_margin": 39.23,
            "gross_margin_4q_avg": 37.86,
            "net_income": 39579,
            "revenue": 332640,
            "common_shares": 170970,
            "book_valuer_per_share": 40.87,
            "book_valuer_per_share_4q_avg": 41.56,
            "equity": 699317,
            "current_ratio": 313.67,
            "debt_ratio": 30.27,
            "inventory_turnover_ratio": 1.66,
            "account_receivable_turnover_ratio": 1.12,
            "reinvestment_rate": 1.26,
            "research_to_sale_ratio": 0.49,
            "price_fair": 273,
            "eps_avg_yearly": 7.8,
            "eps_latest_yearly": 9.36,
            "eps_growth_yearly": 87.55
        },
        "20222": {
            "year_quarter": 20222,
            "year": 2022,
            "quarter": 2,
            "eps": 2.78,
            "eps_growth_year": 51.91,
            "eps_4q": 10.25,
            "eps_4q_growth_year": 48.44,
            "roe": 6.59,
            "roe_4q": 24.26,
            "gross_profit": 126862,
            "gross_margin": 31.18,
            "gross_margin_4q_avg": 36.94,
            "net_income": 47583,
            "revenue": 406816,
            "common_shares": 170970,
            "book_valuer_per_share": 43.54,
            "book_valuer_per_share_4q_avg": 42.63,
            "equity": 745044,
            "current_ratio": 271.13,
            "debt_ratio": 35.34,
            "inventory_turnover_ratio": 1.67,
            "account_receivable_turnover_ratio": 1.47,
            "reinvestment_rate": 1.11,
            "research_to_sale_ratio": 0.42,
            "price_fair": 287.18,
            "eps_avg_yearly": 8.21,
            "eps_latest_yearly": 11.12,
            "eps_growth_yearly": 29.38
        },
        "20223": {
            "year_quarter": 20223,
            "year": 2022,
            "quarter": 3,
            "eps": 2.5,
            "eps_growth_year": -1.19,
            "eps_4q": 10.21,
            "eps_4q_growth_year": 28.99,
            "roe": 5.55,
            "roe_4q": 23.58,
            "gross_profit": 125665,
            "gross_margin": 31.47,
            "gross_margin_4q_avg": 35.32,
            "net_income": 42598,
            "revenue": 399271,
            "common_shares": 170970,
            "book_valuer_per_share": 46.11,
            "book_valuer_per_share_4q_avg": 43.7,
            "equity": 788801,
            "current_ratio": 375.08,
            "debt_ratio": 26.02,
            "inventory_turnover_ratio": 1.48,
            "account_receivable_turnover_ratio": 1.4,
            "reinvestment_rate": 0.78,
            "research_to_sale_ratio": 0.54,
            "price_fair": 285.9,
            "eps_avg_yearly": 8.5,
            "eps_latest_yearly": 10,
            "eps_growth_yearly": 23.63
        },
        "20224": {
            "year_quarter": 20224,
            "year": 2022,
            "quarter": 4,
            "eps": 3.04,
            "eps_growth_year": 17.13,
            "eps_4q": 10.65,
            "eps_4q_growth_year": 25.28,
            "roe": 6.37,
            "roe_4q": 23.939999999999998,
            "gross_profit": 138680,
            "gross_margin": 33.23,
            "gross_margin_4q_avg": 33.78,
            "net_income": 51946,
            "revenue": 417302,
            "common_shares": 170970,
            "book_valuer_per_share": 49.29,
            "book_valuer_per_share_4q_avg": 44.95,
            "equity": 842720,
            "current_ratio": 387.66,
            "debt_ratio": 25.07,
            "inventory_turnover_ratio": 1.63,
            "account_receivable_turnover_ratio": 1.4,
            "reinvestment_rate": 0.8,
            "research_to_sale_ratio": 0.48,
            "price_fair": 309.26,
            "eps_avg_yearly": 8.88,
            "eps_latest_yearly": 12.16,
            "eps_growth_yearly": 24.83
        },
        "20231": {
            "year_quarter": 20231,
            "year": 2023,
            "quarter": 1,
            "eps": 2.78,
            "eps_growth_year": 18.8,
            "eps_4q": 11.1,
            "eps_4q_growth_year": 19.44,
            "roe": 5.93,
            "roe_4q": 24.44,
            "gross_profit": 134956,
            "gross_margin": 29.85,
            "gross_margin_4q_avg": 31.43,
            "net_income": 47574,
            "revenue": 452070,
            "common_shares": 170970,
            "book_valuer_per_share": 44.61,
            "book_valuer_per_share_4q_avg": 45.89,
            "equity": 762679,
            "current_ratio": 278.38,
            "debt_ratio": 35.64,
            "inventory_turnover_ratio": 1.82,
            "account_receivable_turnover_ratio": 1.43,
            "reinvestment_rate": 0.71,
            "research_to_sale_ratio": 0.44,
            "price_fair": 223.87,
            "eps_avg_yearly": 9.07,
            "eps_latest_yearly": 11.12,
            "eps_growth_yearly": 14.68
        }
    },
    "months": {
        "2007-09": {
            "month": "2007-09",
            "price": "42.69",
            "revenue": 30341
        },
        "2007-10": {
            "month": "2007-10",
            "price": "49.38",
            "revenue": 27685
        },
        "2007-11": {
            "month": "2007-11",
            "price": "59.68",
            "revenue": 36562
        },
        "2007-12": {
            "month": "2007-12",
            "price": "51.12",
            "revenue": 39579
        },
        "2008-04": {
            "month": "2008-04",
            "price": "46.51",
            "revenue": 40970
        },
        "2008-05": {
            "month": "2008-05",
            "price": "51.67",
            "revenue": 38959
        },
        "2008-06": {
            "month": "2008-06",
            "price": "54.97",
            "revenue": 40569
        },
        "2008-07": {
            "month": "2008-07",
            "price": "56.10",
            "revenue": 37450
        },
        "2008-08": {
            "month": "2008-08",
            "price": "43.37",
            "revenue": 36381
        },
        "2008-09": {
            "month": "2008-09",
            "price": "40.55",
            "revenue": 37766
        },
        "2008-10": {
            "month": "2008-10",
            "price": "21.92",
            "revenue": 25371
        },
        "2008-11": {
            "month": "2008-11",
            "price": "19.08",
            "revenue": 27151
        },
        "2008-12": {
            "month": "2008-12",
            "price": "20.75",
            "revenue": 24663
        },
        "2009-01": {
            "month": "2009-01",
            "price": "20.56",
            "revenue": 19866
        },
        "2009-02": {
            "month": "2009-02",
            "price": "19.28",
            "revenue": 14055
        },
        "2009-03": {
            "month": "2009-03",
            "price": "21.06",
            "revenue": 20273
        },
        "2009-04": {
            "month": "2009-04",
            "price": "24.15",
            "revenue": 30021
        },
        "2009-05": {
            "month": "2009-05",
            "price": "22.83",
            "revenue": 25846
        },
        "2009-06": {
            "month": "2009-06",
            "price": "20.96",
            "revenue": 26903
        },
        "2009-07": {
            "month": "2009-07",
            "price": "22.26",
            "revenue": 40554
        },
        "2009-08": {
            "month": "2009-08",
            "price": "22.87",
            "revenue": 39051
        },
        "2009-09": {
            "month": "2009-09",
            "price": "28.06",
            "revenue": 41141
        },
        "2009-10": {
            "month": "2009-10",
            "price": "28.64",
            "revenue": 35068
        },
        "2009-11": {
            "month": "2009-11",
            "price": "27.10",
            "revenue": 33003
        },
        "2009-12": {
            "month": "2009-12",
            "price": "29.65",
            "revenue": 43738
        },
        "2010-01": {
            "month": "2010-01",
            "price": "35.63",
            "revenue": 24369
        },
        "2010-02": {
            "month": "2010-02",
            "price": "31.91",
            "revenue": 18986
        },
        "2010-03": {
            "month": "2010-03",
            "price": "33.65",
            "revenue": 32243
        },
        "2010-04": {
            "month": "2010-04",
            "price": "35.08",
            "revenue": 23573
        },
        "2010-05": {
            "month": "2010-05",
            "price": "30.16",
            "revenue": 39322
        },
        "2010-06": {
            "month": "2010-06",
            "price": "30.49",
            "revenue": 30681
        },
        "2010-07": {
            "month": "2010-07",
            "price": "30.65",
            "revenue": 27993
        },
        "2010-08": {
            "month": "2010-08",
            "price": "30.00",
            "revenue": 41663
        },
        "2010-09": {
            "month": "2010-09",
            "price": "28.57",
            "revenue": 46603
        },
        "2010-10": {
            "month": "2010-10",
            "price": "28.31",
            "revenue": 36364
        },
        "2010-11": {
            "month": "2010-11",
            "price": "29.05",
            "revenue": 31443
        },
        "2010-12": {
            "month": "2010-12",
            "price": "32.06",
            "revenue": 52171
        },
        "2011-01": {
            "month": "2011-01",
            "price": "33.57",
            "revenue": 41589
        },
        "2011-02": {
            "month": "2011-02",
            "price": "33.16",
            "revenue": 28127
        },
        "2011-03": {
            "month": "2011-03",
            "price": "33.04",
            "revenue": 47671
        },
        "2011-04": {
            "month": "2011-04",
            "price": "37.18",
            "revenue": 54960
        },
        "2011-05": {
            "month": "2011-05",
            "price": "48.86",
            "revenue": 43437
        },
        "2011-06": {
            "month": "2011-06",
            "price": "51.14",
            "revenue": 42574
        },
        "2011-07": {
            "month": "2011-07",
            "price": "57.42",
            "revenue": 46130
        },
        "2011-08": {
            "month": "2011-08",
            "price": "50.93",
            "revenue": 36405
        },
        "2011-09": {
            "month": "2011-09",
            "price": "47.99",
            "revenue": 40378
        },
        "2011-10": {
            "month": "2011-10",
            "price": "43.05",
            "revenue": 44387
        },
        "2011-11": {
            "month": "2011-11",
            "price": "40.96",
            "revenue": 50091
        },
        "2011-12": {
            "month": "2011-12",
            "price": "38.87",
            "revenue": 37498
        },
        "2012-01": {
            "month": "2012-01",
            "price": "39.35",
            "revenue": 31964
        },
        "2012-02": {
            "month": "2012-02",
            "price": "43.58",
            "revenue": 34957
        },
        "2012-03": {
            "month": "2012-03",
            "price": "43.32",
            "revenue": 53435
        },
        "2012-04": {
            "month": "2012-04",
            "price": "39.88",
            "revenue": 35671
        },
        "2012-05": {
            "month": "2012-05",
            "price": "36.30",
            "revenue": 46397
        },
        "2012-06": {
            "month": "2012-06",
            "price": "35.77",
            "revenue": 37820
        },
        "2012-07": {
            "month": "2012-07",
            "price": "36.16",
            "revenue": 47365
        },
        "2012-08": {
            "month": "2012-08",
            "price": "37.05",
            "revenue": 35457
        },
        "2012-09": {
            "month": "2012-09",
            "price": "37.18",
            "revenue": 49468
        },
        "2012-10": {
            "month": "2012-10",
            "price": "38.00",
            "revenue": 42847
        },
        "2012-11": {
            "month": "2012-11",
            "price": "37.83",
            "revenue": 44235
        },
        "2012-12": {
            "month": "2012-12",
            "price": "38.41",
            "revenue": 49785
        },
        "2013-01": {
            "month": "2013-01",
            "price": "39.29",
            "revenue": 50177
        },
        "2013-02": {
            "month": "2013-02",
            "price": "40.22",
            "revenue": 60657
        },
        "2013-03": {
            "month": "2013-03",
            "price": "45.98",
            "revenue": 54917
        },
        "2013-04": {
            "month": "2013-04",
            "price": "69.89",
            "revenue": 54056
        },
        "2013-05": {
            "month": "2013-05",
            "price": "75.92",
            "revenue": 67246
        },
        "2013-06": {
            "month": "2013-06",
            "price": "140.32",
            "revenue": 68921
        },
        "2013-07": {
            "month": "2013-07",
            "price": "155.78",
            "revenue": 72824
        },
        "2013-08": {
            "month": "2013-08",
            "price": "144.17",
            "revenue": 77492
        },
        "2013-09": {
            "month": "2013-09",
            "price": "123.35",
            "revenue": 55894
        },
        "2013-10": {
            "month": "2013-10",
            "price": "118.91",
            "revenue": 64084
        },
        "2013-11": {
            "month": "2013-11",
            "price": "135.05",
            "revenue": 74846
        },
        "2013-12": {
            "month": "2013-12",
            "price": "152.05",
            "revenue": 58940
        },
        "2014-01": {
            "month": "2014-01",
            "price": "134.17",
            "revenue": 65979
        },
        "2014-02": {
            "month": "2014-02",
            "price": "127.29",
            "revenue": 45982
        },
        "2014-03": {
            "month": "2014-03",
            "price": "116.67",
            "revenue": 95874
        },
        "2014-04": {
            "month": "2014-04",
            "price": "113.74",
            "revenue": 78655
        },
        "2014-05": {
            "month": "2014-05",
            "price": "115.60",
            "revenue": 64821
        },
        "2014-06": {
            "month": "2014-06",
            "price": "114.10",
            "revenue": 81814
        },
        "2014-07": {
            "month": "2014-07",
            "price": "105.92",
            "revenue": 71696
        },
        "2014-08": {
            "month": "2014-08",
            "price": "91.98",
            "revenue": 67968
        },
        "2014-09": {
            "month": "2014-09",
            "price": "96.31",
            "revenue": 61524
        },
        "2014-10": {
            "month": "2014-10",
            "price": "84.21",
            "revenue": 86047
        },
        "2014-11": {
            "month": "2014-11",
            "price": "86.03",
            "revenue": 80012
        },
        "2014-12": {
            "month": "2014-12",
            "price": "99.06",
            "revenue": 82484
        },
        "2015-01": {
            "month": "2015-01",
            "price": "101.22",
            "revenue": 84274
        },
        "2015-02": {
            "month": "2015-02",
            "price": "108.15",
            "revenue": 74846
        },
        "2015-03": {
            "month": "2015-03",
            "price": "107.61",
            "revenue": 82770
        },
        "2015-04": {
            "month": "2015-04",
            "price": "109.65",
            "revenue": 72238
        },
        "2015-05": {
            "month": "2015-05",
            "price": "95.66",
            "revenue": 49038
        },
        "2015-06": {
            "month": "2015-06",
            "price": "84.90",
            "revenue": 84135
        },
        "2015-07": {
            "month": "2015-07",
            "price": "81.40",
            "revenue": 128797
        },
        "2015-08": {
            "month": "2015-08",
            "price": "77.63",
            "revenue": 71985
        },
        "2015-09": {
            "month": "2015-09",
            "price": "72.42",
            "revenue": 82968
        },
        "2015-10": {
            "month": "2015-10",
            "price": "78.30",
            "revenue": 98230
        },
        "2015-11": {
            "month": "2015-11",
            "price": "79.07",
            "revenue": 64890
        },
        "2015-12": {
            "month": "2015-12",
            "price": "63.50",
            "revenue": 96008
        },
        "2016-01": {
            "month": "2016-01",
            "price": "51.67",
            "revenue": 105962
        },
        "2016-02": {
            "month": "2016-02",
            "price": "56.96",
            "revenue": 52691
        },
        "2016-03": {
            "month": "2016-03",
            "price": "61.92",
            "revenue": 64188
        },
        "2016-04": {
            "month": "2016-04",
            "price": "61.08",
            "revenue": 62782
        },
        "2016-05": {
            "month": "2016-05",
            "price": "52.96",
            "revenue": 54135
        },
        "2016-06": {
            "month": "2016-06",
            "price": "51.14",
            "revenue": 98896
        },
        "2016-07": {
            "month": "2016-07",
            "price": "53.71",
            "revenue": 98840
        },
        "2016-08": {
            "month": "2016-08",
            "price": "55.43",
            "revenue": 87473
        },
        "2016-09": {
            "month": "2016-09",
            "price": "50.49",
            "revenue": 60214
        },
        "2016-10": {
            "month": "2016-10",
            "price": "48.56",
            "revenue": 55720
        },
        "2016-11": {
            "month": "2016-11",
            "price": "48.71",
            "revenue": 63299
        },
        "2016-12": {
            "month": "2016-12",
            "price": "51.08",
            "revenue": 50507
        },
        "2017-01": {
            "month": "2017-01",
            "price": "51.39",
            "revenue": 37495
        },
        "2017-02": {
            "month": "2017-02",
            "price": "49.99",
            "revenue": 51062
        },
        "2017-03": {
            "month": "2017-03",
            "price": "50.14",
            "revenue": 82375
        },
        "2017-04": {
            "month": "2017-04",
            "price": "48.83",
            "revenue": 65251
        },
        "2017-05": {
            "month": "2017-05",
            "price": "49.18",
            "revenue": 51856
        },
        "2017-06": {
            "month": "2017-06",
            "price": "54.64",
            "revenue": 51270
        },
        "2017-07": {
            "month": "2017-07",
            "price": "54.74",
            "revenue": 54237
        },
        "2017-08": {
            "month": "2017-08",
            "price": "51.16",
            "revenue": 46512
        },
        "2017-09": {
            "month": "2017-09",
            "price": "47.36",
            "revenue": 75085
        },
        "2017-10": {
            "month": "2017-10",
            "price": "47.84",
            "revenue": 63125
        },
        "2017-11": {
            "month": "2017-11",
            "price": "46.26",
            "revenue": 42007
        },
        "2017-12": {
            "month": "2017-12",
            "price": "44.90",
            "revenue": 56042
        },
        "2018-01": {
            "month": "2018-01",
            "price": "47.37",
            "revenue": 63301
        },
        "2018-02": {
            "month": "2018-02",
            "price": "46.12",
            "revenue": 44912
        },
        "2018-03": {
            "month": "2018-03",
            "price": "48.84",
            "revenue": 59255
        },
        "2018-04": {
            "month": "2018-04",
            "price": "47.95",
            "revenue": 84226
        },
        "2018-05": {
            "month": "2018-05",
            "price": "47.20",
            "revenue": 64264
        },
        "2018-06": {
            "month": "2018-06",
            "price": "46.66",
            "revenue": 79976
        },
        "2018-07": {
            "month": "2018-07",
            "price": "46.22",
            "revenue": 89856
        },
        "2018-08": {
            "month": "2018-08",
            "price": "47.68",
            "revenue": 73684
        },
        "2018-09": {
            "month": "2018-09",
            "price": "47.49",
            "revenue": 88922
        },
        "2018-10": {
            "month": "2018-10",
            "price": "46.09",
            "revenue": 112427
        },
        "2018-11": {
            "month": "2018-11",
            "price": "45.76",
            "revenue": 67968
        },
        "2018-12": {
            "month": "2018-12",
            "price": "47.46",
            "revenue": 94878
        },
        "2019-01": {
            "month": "2019-01",
            "price": "47.82",
            "revenue": 116874
        },
        "2019-02": {
            "month": "2019-02",
            "price": "57.08",
            "revenue": 52228
        },
        "2019-03": {
            "month": "2019-03",
            "price": "65.06",
            "revenue": 107627
        },
        "2019-04": {
            "month": "2019-04",
            "price": "68.68",
            "revenue": 103881
        },
        "2019-05": {
            "month": "2019-05",
            "price": "78.25",
            "revenue": 100257
        },
        "2019-06": {
            "month": "2019-06",
            "price": "86.06",
            "revenue": 94788
        },
        "2019-07": {
            "month": "2019-07",
            "price": "91.67",
            "revenue": 95210
        },
        "2019-08": {
            "month": "2019-08",
            "price": "88.04",
            "revenue": 92604
        },
        "2019-09": {
            "month": "2019-09",
            "price": "83.45",
            "revenue": 95068
        },
        "2019-10": {
            "month": "2019-10",
            "price": "79.95",
            "revenue": 137186
        },
        "2019-11": {
            "month": "2019-11",
            "price": "90.32",
            "revenue": 93110
        },
        "2019-12": {
            "month": "2019-12",
            "price": "90.41",
            "revenue": 116542
        },
        "2020-01": {
            "month": "2020-01",
            "price": "92.77",
            "revenue": 108202
        },
        "2020-02": {
            "month": "2020-02",
            "price": "95.87",
            "revenue": 89877
        },
        "2020-03": {
            "month": "2020-03",
            "price": "84.91",
            "revenue": 108658
        },
        "2020-04": {
            "month": "2020-04",
            "price": "90.36",
            "revenue": 94431
        },
        "2020-05": {
            "month": "2020-05",
            "price": "94.80",
            "revenue": 91420
        },
        "2020-06": {
            "month": "2020-06",
            "price": "99.90",
            "revenue": 106145
        },
        "2020-07": {
            "month": "2020-07",
            "price": "92.80",
            "revenue": 93221
        },
        "2020-08": {
            "month": "2020-08",
            "price": "89.69",
            "revenue": 70325
        },
        "2020-09": {
            "month": "2020-09",
            "price": "81.86",
            "revenue": 97207
        },
        "2020-10": {
            "month": "2020-10",
            "price": "79.69",
            "revenue": 87635
        },
        "2020-11": {
            "month": "2020-11",
            "price": "80.40",
            "revenue": 70736
        },
        "2020-12": {
            "month": "2020-12",
            "price": "79.89",
            "revenue": 111815
        },
        "2021-01": {
            "month": "2021-01",
            "price": "79.40",
            "revenue": 126856
        },
        "2021-02": {
            "month": "2021-02",
            "price": "81.35",
            "revenue": 63352
        },
        "2021-03": {
            "month": "2021-03",
            "price": "85.27",
            "revenue": 113292
        },
        "2021-04": {
            "month": "2021-04",
            "price": "86.86",
            "revenue": 117455
        },
        "2021-05": {
            "month": "2021-05",
            "price": "79.96",
            "revenue": 88798
        },
        "2021-06": {
            "month": "2021-06",
            "price": "79.59",
            "revenue": 108613
        },
        "2021-07": {
            "month": "2021-07",
            "price": "72.30",
            "revenue": 105031
        },
        "2021-08": {
            "month": "2021-08",
            "price": "69.22",
            "revenue": 128448
        },
        "2021-09": {
            "month": "2021-09",
            "price": "70.84",
            "revenue": 103585
        },
        "2021-10": {
            "month": "2021-10",
            "price": "71.74",
            "revenue": 115539
        },
        "2021-11": {
            "month": "2021-11",
            "price": "76.67",
            "revenue": 93929
        },
        "2021-12": {
            "month": "2021-12",
            "price": "78.79",
            "revenue": 135630
        },
        "2022-01": {
            "month": "2022-01",
            "price": "81.53",
            "revenue": 100894
        },
        "2022-02": {
            "month": "2022-02",
            "price": "83.17",
            "revenue": 78073
        },
        "2022-03": {
            "month": "2022-03",
            "price": "83.98",
            "revenue": 153673
        },
        "2022-04": {
            "month": "2022-04",
            "price": "86.15",
            "revenue": 122388
        },
        "2022-05": {
            "month": "2022-05",
            "price": "87.32",
            "revenue": 141236
        },
        "2022-06": {
            "month": "2022-06",
            "price": "89.62",
            "revenue": 143191
        },
        "2022-07": {
            "month": "2022-07",
            "price": "83.52",
            "revenue": 111688
        },
        "2022-08": {
            "month": "2022-08",
            "price": "87.17",
            "revenue": 116512
        },
        "2022-09": {
            "month": "2022-09",
            "price": "85.26",
            "revenue": 171071
        },
        "2022-10": {
            "month": "2022-10",
            "price": "85.85",
            "revenue": 141602
        },
        "2022-11": {
            "month": "2022-11",
            "price": "88.20",
            "revenue": 125009
        },
        "2022-12": {
            "month": "2022-12",
            "price": "88.80",
            "revenue": 150692
        },
        "2023-01": {
            "month": "2023-01",
            "price": "89.93",
            "revenue": 117982
        },
        "2023-02": {
            "month": "2023-02",
            "price": "95.87",
            "revenue": 140877
        },
        "2023-03": {
            "month": "2023-03",
            "price": "111.61",
            "revenue": 193210
        },
        "2023-04": {
            "month": "2023-04",
            "price": "141.15",
            "revenue": 136952
        }
    }
}
