{
    "summary": {
        "stock_name": "聯合再生",
        "stock_id": "3576",
        "category": "光電",
        "main_business": "研究、開發、設計、製造及銷售(1) 太陽能電池及相關系統<br>(2)太陽能發電模組及晶圓<br>(3) 兼營與本公司產品相關之進出口貿易業務",
        "website_url": "http://www.urecorp.com",
        "ceo": "潘文輝(執行長)",
        "pe_ratio": 72,
        "report_year_from": 2007,
        "report_year_to": 2023,
        "age": 16,
        "eps_negative_percentage": 59,
        "eps_growth_avg": {
            "last_all": -49.66,
            "last_2y": null,
            "last_4y": null,
            "last_8y": -66.67,
            "last_12y": -77.78,
            "last_16y": null,
            "last_20y": null,
            "at_2006_last_3y": null,
            "at_2007_last_3y": null,
            "at_2008_last_3y": null,
            "at_2009_last_3y": null,
            "at_2010_last_3y": null,
            "at_2011_last_3y": -38.32,
            "at_2012_last_3y": -100,
            "at_2013_last_3y": -100,
            "at_2014_last_3y": -66.67,
            "at_2015_last_3y": -66.67,
            "at_2016_last_3y": -66.67,
            "at_2017_last_3y": -66.67,
            "at_2018_last_3y": -100,
            "at_2019_last_3y": null,
            "at_2020_last_3y": null,
            "at_2021_last_3y": null,
            "at_2022_last_3y": null,
            "at_2023_last_3y": null,
            "at_2006_last_all": null,
            "at_2007_last_all": null,
            "at_2008_last_all": null,
            "at_2009_last_all": -7.47,
            "at_2010_last_all": -7.47,
            "at_2011_last_all": -38.32,
            "at_2012_last_all": -38.32,
            "at_2013_last_all": -38.32,
            "at_2014_last_all": -37.07,
            "at_2015_last_all": -49.66,
            "at_2016_last_all": -49.66,
            "at_2017_last_all": -49.66,
            "at_2018_last_all": -49.66,
            "at_2019_last_all": -49.66,
            "at_2020_last_all": -49.66,
            "at_2021_last_all": -49.66,
            "at_2022_last_all": -49.66,
            "at_2023_last_all": -49.66
        },
        "latest_eps": 0.27,
        "latest_price": 19.4,
        "latest_roe": 2.3,
        "latest_gross_margin": 7.57,
        "latest_equity": 17143225,
        "latest_revenue": 4677480,
        "latest_gross_profit": 354036,
        "latest_net_income": 31234,
        "latest_debt_ratio": 48.07,
        "latest_current_ratio": 200.53,
        "latest_account_receivable_turnover_ratio": 2.06,
        "latest_inventory_turnover_ratio": 1.04,
        "latest_reinvestment_rate": null,
        "latest_research_to_sale_ratio": 0.37
    },
    "eps_dividends": {
        "2001": {
            "cash": 0,
            "stock": 0,
            "eps": 0
        },
        "2002": {
            "cash": 0,
            "stock": 0,
            "eps": 0
        },
        "2003": {
            "cash": 0,
            "stock": 0,
            "eps": 0
        },
        "2004": {
            "cash": 0,
            "stock": 0,
            "eps": 0
        },
        "2005": {
            "cash": 0,
            "stock": 0,
            "eps": 0
        },
        "2006": {
            "cash": 0,
            "stock": 0,
            "eps": 0
        },
        "2007": {
            "cash": 0,
            "stock": 0,
            "eps": 3.68
        },
        "2008": {
            "cash": 0.2,
            "stock": 1.8,
            "eps": 6.81
        },
        "2009": {
            "cash": 1.1,
            "stock": 1.1,
            "eps": -6.8
        },
        "2010": {
            "cash": 0,
            "stock": 0,
            "eps": 11.03
        },
        "2011": {
            "cash": 4.61,
            "stock": 0.51,
            "eps": -7.23
        },
        "2012": {
            "cash": 0,
            "stock": 0,
            "eps": -9.5
        },
        "2013": {
            "cash": 0,
            "stock": 0,
            "eps": 0.48
        },
        "2014": {
            "cash": 0.3,
            "stock": 0,
            "eps": 0.32
        },
        "2015": {
            "cash": 0.2,
            "stock": 0,
            "eps": -1.71
        },
        "2016": {
            "cash": 0,
            "stock": 0,
            "eps": -6.22
        },
        "2017": {
            "cash": 0,
            "stock": 0,
            "eps": -4.08
        },
        "2018": {
            "cash": 0,
            "stock": 0,
            "eps": -1.29
        },
        "2019": {
            "cash": 0,
            "stock": 0,
            "eps": -2.19
        },
        "2020": {
            "cash": 0,
            "stock": 0,
            "eps": -2.31
        },
        "2021": {
            "cash": 0,
            "stock": 0,
            "eps": -0.68
        },
        "2022": {
            "cash": 0,
            "stock": 0,
            "eps": 0.62
        },
        "2023": {
            "cash": 0.1,
            "stock": 0,
            "eps": 0.03
        }
    },
    "dividends": {
        "2008-05-02": {
            "cash": 0.2,
            "stock": 1.8
        },
        "2009-04-28": {
            "cash": 1.1,
            "stock": 1.1
        },
        "2011-02-15": {
            "cash": 4.61,
            "stock": 0.51
        },
        "2014-06-11": {
            "cash": 0.3,
            "stock": 0
        },
        "2015-08-28": {
            "cash": 0.2,
            "stock": 0
        },
        "2023-03-13": {
            "cash": 0.1,
            "stock": 0
        }
    },
    "prices": {
        "200101": "無",
        "200102": "無",
        "200103": "無",
        "200104": "無",
        "200105": "無",
        "200106": "無",
        "200107": "無",
        "200108": "無",
        "200109": "無",
        "200110": "無",
        "200111": "無",
        "200112": "無",
        "200201": "無",
        "200202": "無",
        "200203": "無",
        "200204": "無",
        "200205": "無",
        "200206": "無",
        "200207": "無",
        "200208": "無",
        "200209": "無",
        "200210": "無",
        "200211": "無",
        "200212": "無",
        "200301": "無",
        "200302": "無",
        "200303": "無",
        "200304": "無",
        "200305": "無",
        "200306": "無",
        "200307": "無",
        "200308": "無",
        "200309": "無",
        "200310": "無",
        "200311": "無",
        "200312": "無",
        "200401": "無",
        "200402": "無",
        "200403": "無",
        "200404": "無",
        "200405": "無",
        "200406": "無",
        "200407": "無",
        "200408": "無",
        "200409": "無",
        "200410": "無",
        "200411": "無",
        "200412": "無",
        "200501": "無",
        "200502": "無",
        "200503": "無",
        "200504": "無",
        "200505": "無",
        "200506": "無",
        "200507": "無",
        "200508": "無",
        "200509": "無",
        "200510": "無",
        "200511": "無",
        "200512": "無",
        "200601": "無",
        "200602": "無",
        "200603": "無",
        "200604": "無",
        "200605": "無",
        "200606": "無",
        "200607": "無",
        "200608": "無",
        "200609": "無",
        "200610": "無",
        "200611": "無",
        "200612": "無",
        "200701": "無",
        "200702": "無",
        "200703": "無",
        "200704": "無",
        "200705": "無",
        "200706": "無",
        "200707": "無",
        "200708": "無",
        "200709": "無",
        "200710": "161.54",
        "200711": "149.26",
        "200712": "128.70",
        "200801": "130.32",
        "200802": "101.31",
        "200803": "100.11",
        "200804": "106.94",
        "200805": "120.42",
        "200806": "105.83",
        "200807": "105.80",
        "200808": "111.49",
        "200809": "83.38",
        "200810": "60.62",
        "200811": "36.68",
        "200812": "27.37",
        "200901": "35.94",
        "200902": "36.33",
        "200903": "38.89",
        "200904": "41.38",
        "200905": "36.81",
        "200906": "36.80",
        "200907": "39.52",
        "200908": "40.24",
        "200909": "39.15",
        "200910": "40.55",
        "200911": "50.03",
        "200912": "77.93",
        "201001": "68.66",
        "201002": "62.29",
        "201003": "70.39",
        "201004": "76.69",
        "201005": "61.50",
        "201006": "60.65",
        "201007": "74.45",
        "201008": "82.47",
        "201009": "78.23",
        "201010": "71.04",
        "201011": "72.64",
        "201012": "72.69",
        "201101": "73.70",
        "201102": "78.79",
        "201103": "77.88",
        "201104": "66.24",
        "201105": "56.57",
        "201106": "53.17",
        "201107": "44.86",
        "201108": "32.01",
        "201109": "27.60",
        "201110": "28.54",
        "201111": "19.65",
        "201112": "18.35",
        "201201": "20.20",
        "201202": "30.50",
        "201203": "26.66",
        "201204": "22.98",
        "201205": "21.91",
        "201206": "21.56",
        "201207": "20.88",
        "201208": "16.57",
        "201209": "18.86",
        "201210": "16.83",
        "201211": "15.72",
        "201212": "17.49",
        "201301": "22.28",
        "201302": "22.35",
        "201303": "23.06",
        "201304": "20.24",
        "201305": "24.08",
        "201306": "23.06",
        "201307": "22.75",
        "201308": "22.54",
        "201309": "26.43",
        "201310": "30.25",
        "201311": "36.51",
        "201312": "37.55",
        "201401": "40.91",
        "201402": "36.73",
        "201403": "37.92",
        "201404": "36.50",
        "201405": "36.78",
        "201406": "37.60",
        "201407": "35.22",
        "201408": "27.94",
        "201409": "30.88",
        "201410": "30.21",
        "201411": "27.64",
        "201412": "28.43",
        "201501": "27.62",
        "201502": "26.93",
        "201503": "27.26",
        "201504": "28.33",
        "201505": "23.95",
        "201506": "23.22",
        "201507": "25.47",
        "201508": "18.48",
        "201509": "17.67",
        "201510": "21.00",
        "201511": "21.72",
        "201512": "24.51",
        "201601": "21.46",
        "201602": "23.02",
        "201603": "21.92",
        "201604": "18.75",
        "201605": "17.10",
        "201606": "17.32",
        "201607": "17.09",
        "201608": "16.09",
        "201609": "16.12",
        "201610": "16.46",
        "201611": "15.04",
        "201612": "14.86",
        "201701": "15.30",
        "201702": "15.79",
        "201703": "15.20",
        "201704": "14.21",
        "201705": "13.61",
        "201706": "14.30",
        "201707": "14.16",
        "201708": "13.43",
        "201709": "14.48",
        "201710": "15.91",
        "201711": "14.61",
        "201712": "13.52",
        "201801": "14.06",
        "201802": "13.23",
        "201803": "13.28",
        "201804": "12.66",
        "201805": "11.88",
        "201806": "10.70",
        "201807": "9.71",
        "201808": "9.42",
        "201809": "9.88",
        "201810": "8.18",
        "201811": "8.05",
        "201812": "8.03",
        "201901": "8.22",
        "201902": "8.28",
        "201903": "9.28",
        "201904": "10.63",
        "201905": "10.21",
        "201906": "9.84",
        "201907": "9.11",
        "201908": "8.10",
        "201909": "8.35",
        "201910": "8.29",
        "201911": "7.80",
        "201912": "7.28",
        "202001": "7.60",
        "202002": "7.26",
        "202003": "5.51",
        "202004": "5.09",
        "202005": "5.87",
        "202006": "6.26",
        "202007": "8.66",
        "202008": "10.36",
        "202009": "11.63",
        "202010": "14.70",
        "202011": "14.79",
        "202012": "14.28",
        "202101": "13.25",
        "202102": "13.10",
        "202103": "15.25",
        "202104": "14.99",
        "202105": "13.26",
        "202106": "13.20",
        "202107": "12.69",
        "202108": "19.88",
        "202109": "20.96",
        "202110": "22.16",
        "202111": "22.78",
        "202112": "21.60",
        "202201": "20.85",
        "202202": "20.40",
        "202203": "22.37",
        "202204": "23.11",
        "202205": "20.81",
        "202206": "21.50",
        "202207": "21.25",
        "202208": "22.09",
        "202209": "22.31",
        "202210": "21.28",
        "202211": "21.25",
        "202212": "20.87",
        "202301": "20.58",
        "202302": "20.96",
        "202303": "20.89",
        "202304": "21.07",
        "202305": "20.32",
        "202306": "19.66"
    },
    "quarters": {
        "20011": {
            "year_quarter": 20011,
            "year": 2001,
            "quarter": 1,
            "eps": null,
            "eps_growth_year": null,
            "eps_4q": null,
            "eps_4q_growth_year": null,
            "roe": null,
            "roe_4q": 0,
            "gross_profit": null,
            "gross_margin": null,
            "gross_margin_4q_avg": 0,
            "net_income": null,
            "revenue": null,
            "common_shares": null,
            "book_valuer_per_share": null,
            "book_valuer_per_share_4q_avg": 0,
            "equity": null,
            "current_ratio": null,
            "debt_ratio": null,
            "inventory_turnover_ratio": null,
            "account_receivable_turnover_ratio": null,
            "reinvestment_rate": null,
            "research_to_sale_ratio": null,
            "price_fair": 0,
            "eps_avg_yearly": 0,
            "eps_latest_yearly": 0,
            "eps_growth_yearly": 0
        },
        "20012": {
            "year_quarter": 20012,
            "year": 2001,
            "quarter": 2,
            "eps": null,
            "eps_growth_year": null,
            "eps_4q": null,
            "eps_4q_growth_year": null,
            "roe": null,
            "roe_4q": 0,
            "gross_profit": null,
            "gross_margin": null,
            "gross_margin_4q_avg": 0,
            "net_income": null,
            "revenue": null,
            "common_shares": null,
            "book_valuer_per_share": null,
            "book_valuer_per_share_4q_avg": 0,
            "equity": null,
            "current_ratio": null,
            "debt_ratio": null,
            "inventory_turnover_ratio": null,
            "account_receivable_turnover_ratio": null,
            "reinvestment_rate": null,
            "research_to_sale_ratio": null,
            "price_fair": 0,
            "eps_avg_yearly": 0,
            "eps_latest_yearly": 0,
            "eps_growth_yearly": 0
        },
        "20013": {
            "year_quarter": 20013,
            "year": 2001,
            "quarter": 3,
            "eps": null,
            "eps_growth_year": null,
            "eps_4q": null,
            "eps_4q_growth_year": null,
            "roe": null,
            "roe_4q": 0,
            "gross_profit": null,
            "gross_margin": null,
            "gross_margin_4q_avg": 0,
            "net_income": null,
            "revenue": null,
            "common_shares": null,
            "book_valuer_per_share": null,
            "book_valuer_per_share_4q_avg": 0,
            "equity": null,
            "current_ratio": null,
            "debt_ratio": null,
            "inventory_turnover_ratio": null,
            "account_receivable_turnover_ratio": null,
            "reinvestment_rate": null,
            "research_to_sale_ratio": null,
            "price_fair": 0,
            "eps_avg_yearly": 0,
            "eps_latest_yearly": 0,
            "eps_growth_yearly": 0
        },
        "20014": {
            "year_quarter": 20014,
            "year": 2001,
            "quarter": 4,
            "eps": null,
            "eps_growth_year": null,
            "eps_4q": null,
            "eps_4q_growth_year": null,
            "roe": null,
            "roe_4q": 0,
            "gross_profit": null,
            "gross_margin": null,
            "gross_margin_4q_avg": 0,
            "net_income": null,
            "revenue": null,
            "common_shares": null,
            "book_valuer_per_share": null,
            "book_valuer_per_share_4q_avg": 0,
            "equity": null,
            "current_ratio": null,
            "debt_ratio": null,
            "inventory_turnover_ratio": null,
            "account_receivable_turnover_ratio": null,
            "reinvestment_rate": null,
            "research_to_sale_ratio": null,
            "price_fair": 0,
            "eps_avg_yearly": 0,
            "eps_latest_yearly": 0,
            "eps_growth_yearly": 0
        },
        "20021": {
            "year_quarter": 20021,
            "year": 2002,
            "quarter": 1,
            "eps": null,
            "eps_growth_year": null,
            "eps_4q": null,
            "eps_4q_growth_year": null,
            "roe": null,
            "roe_4q": 0,
            "gross_profit": null,
            "gross_margin": null,
            "gross_margin_4q_avg": 0,
            "net_income": null,
            "revenue": null,
            "common_shares": null,
            "book_valuer_per_share": null,
            "book_valuer_per_share_4q_avg": 0,
            "equity": null,
            "current_ratio": null,
            "debt_ratio": null,
            "inventory_turnover_ratio": null,
            "account_receivable_turnover_ratio": null,
            "reinvestment_rate": null,
            "research_to_sale_ratio": null,
            "price_fair": 0,
            "eps_avg_yearly": 0,
            "eps_latest_yearly": 0,
            "eps_growth_yearly": 0
        },
        "20022": {
            "year_quarter": 20022,
            "year": 2002,
            "quarter": 2,
            "eps": null,
            "eps_growth_year": null,
            "eps_4q": null,
            "eps_4q_growth_year": null,
            "roe": null,
            "roe_4q": 0,
            "gross_profit": null,
            "gross_margin": null,
            "gross_margin_4q_avg": 0,
            "net_income": null,
            "revenue": null,
            "common_shares": null,
            "book_valuer_per_share": null,
            "book_valuer_per_share_4q_avg": 0,
            "equity": null,
            "current_ratio": null,
            "debt_ratio": null,
            "inventory_turnover_ratio": null,
            "account_receivable_turnover_ratio": null,
            "reinvestment_rate": null,
            "research_to_sale_ratio": null,
            "price_fair": 0,
            "eps_avg_yearly": 0,
            "eps_latest_yearly": 0,
            "eps_growth_yearly": 0
        },
        "20023": {
            "year_quarter": 20023,
            "year": 2002,
            "quarter": 3,
            "eps": null,
            "eps_growth_year": null,
            "eps_4q": null,
            "eps_4q_growth_year": null,
            "roe": null,
            "roe_4q": 0,
            "gross_profit": null,
            "gross_margin": null,
            "gross_margin_4q_avg": 0,
            "net_income": null,
            "revenue": null,
            "common_shares": null,
            "book_valuer_per_share": null,
            "book_valuer_per_share_4q_avg": 0,
            "equity": null,
            "current_ratio": null,
            "debt_ratio": null,
            "inventory_turnover_ratio": null,
            "account_receivable_turnover_ratio": null,
            "reinvestment_rate": null,
            "research_to_sale_ratio": null,
            "price_fair": 0,
            "eps_avg_yearly": 0,
            "eps_latest_yearly": 0,
            "eps_growth_yearly": 0
        },
        "20024": {
            "year_quarter": 20024,
            "year": 2002,
            "quarter": 4,
            "eps": null,
            "eps_growth_year": null,
            "eps_4q": null,
            "eps_4q_growth_year": null,
            "roe": null,
            "roe_4q": 0,
            "gross_profit": null,
            "gross_margin": null,
            "gross_margin_4q_avg": 0,
            "net_income": null,
            "revenue": null,
            "common_shares": null,
            "book_valuer_per_share": null,
            "book_valuer_per_share_4q_avg": 0,
            "equity": null,
            "current_ratio": null,
            "debt_ratio": null,
            "inventory_turnover_ratio": null,
            "account_receivable_turnover_ratio": null,
            "reinvestment_rate": null,
            "research_to_sale_ratio": null,
            "price_fair": 0,
            "eps_avg_yearly": 0,
            "eps_latest_yearly": 0,
            "eps_growth_yearly": 0
        },
        "20031": {
            "year_quarter": 20031,
            "year": 2003,
            "quarter": 1,
            "eps": null,
            "eps_growth_year": null,
            "eps_4q": null,
            "eps_4q_growth_year": null,
            "roe": null,
            "roe_4q": 0,
            "gross_profit": null,
            "gross_margin": null,
            "gross_margin_4q_avg": 0,
            "net_income": null,
            "revenue": null,
            "common_shares": null,
            "book_valuer_per_share": null,
            "book_valuer_per_share_4q_avg": 0,
            "equity": null,
            "current_ratio": null,
            "debt_ratio": null,
            "inventory_turnover_ratio": null,
            "account_receivable_turnover_ratio": null,
            "reinvestment_rate": null,
            "research_to_sale_ratio": null,
            "price_fair": 0,
            "eps_avg_yearly": 0,
            "eps_latest_yearly": 0,
            "eps_growth_yearly": 0
        },
        "20032": {
            "year_quarter": 20032,
            "year": 2003,
            "quarter": 2,
            "eps": null,
            "eps_growth_year": null,
            "eps_4q": null,
            "eps_4q_growth_year": null,
            "roe": null,
            "roe_4q": 0,
            "gross_profit": null,
            "gross_margin": null,
            "gross_margin_4q_avg": 0,
            "net_income": null,
            "revenue": null,
            "common_shares": null,
            "book_valuer_per_share": null,
            "book_valuer_per_share_4q_avg": 0,
            "equity": null,
            "current_ratio": null,
            "debt_ratio": null,
            "inventory_turnover_ratio": null,
            "account_receivable_turnover_ratio": null,
            "reinvestment_rate": null,
            "research_to_sale_ratio": null,
            "price_fair": 0,
            "eps_avg_yearly": 0,
            "eps_latest_yearly": 0,
            "eps_growth_yearly": 0
        },
        "20033": {
            "year_quarter": 20033,
            "year": 2003,
            "quarter": 3,
            "eps": null,
            "eps_growth_year": null,
            "eps_4q": null,
            "eps_4q_growth_year": null,
            "roe": null,
            "roe_4q": 0,
            "gross_profit": null,
            "gross_margin": null,
            "gross_margin_4q_avg": 0,
            "net_income": null,
            "revenue": null,
            "common_shares": null,
            "book_valuer_per_share": null,
            "book_valuer_per_share_4q_avg": 0,
            "equity": null,
            "current_ratio": null,
            "debt_ratio": null,
            "inventory_turnover_ratio": null,
            "account_receivable_turnover_ratio": null,
            "reinvestment_rate": null,
            "research_to_sale_ratio": null,
            "price_fair": 0,
            "eps_avg_yearly": 0,
            "eps_latest_yearly": 0,
            "eps_growth_yearly": 0
        },
        "20034": {
            "year_quarter": 20034,
            "year": 2003,
            "quarter": 4,
            "eps": null,
            "eps_growth_year": null,
            "eps_4q": null,
            "eps_4q_growth_year": null,
            "roe": null,
            "roe_4q": 0,
            "gross_profit": null,
            "gross_margin": null,
            "gross_margin_4q_avg": 0,
            "net_income": null,
            "revenue": null,
            "common_shares": null,
            "book_valuer_per_share": null,
            "book_valuer_per_share_4q_avg": 0,
            "equity": null,
            "current_ratio": null,
            "debt_ratio": null,
            "inventory_turnover_ratio": null,
            "account_receivable_turnover_ratio": null,
            "reinvestment_rate": null,
            "research_to_sale_ratio": null,
            "price_fair": 0,
            "eps_avg_yearly": 0,
            "eps_latest_yearly": 0,
            "eps_growth_yearly": 0
        },
        "20041": {
            "year_quarter": 20041,
            "year": 2004,
            "quarter": 1,
            "eps": null,
            "eps_growth_year": null,
            "eps_4q": null,
            "eps_4q_growth_year": null,
            "roe": null,
            "roe_4q": 0,
            "gross_profit": null,
            "gross_margin": null,
            "gross_margin_4q_avg": 0,
            "net_income": null,
            "revenue": null,
            "common_shares": null,
            "book_valuer_per_share": null,
            "book_valuer_per_share_4q_avg": 0,
            "equity": null,
            "current_ratio": null,
            "debt_ratio": null,
            "inventory_turnover_ratio": null,
            "account_receivable_turnover_ratio": null,
            "reinvestment_rate": null,
            "research_to_sale_ratio": null,
            "price_fair": 0,
            "eps_avg_yearly": 0,
            "eps_latest_yearly": 0,
            "eps_growth_yearly": 0
        },
        "20042": {
            "year_quarter": 20042,
            "year": 2004,
            "quarter": 2,
            "eps": null,
            "eps_growth_year": null,
            "eps_4q": null,
            "eps_4q_growth_year": null,
            "roe": null,
            "roe_4q": 0,
            "gross_profit": null,
            "gross_margin": null,
            "gross_margin_4q_avg": 0,
            "net_income": null,
            "revenue": null,
            "common_shares": null,
            "book_valuer_per_share": null,
            "book_valuer_per_share_4q_avg": 0,
            "equity": null,
            "current_ratio": null,
            "debt_ratio": null,
            "inventory_turnover_ratio": null,
            "account_receivable_turnover_ratio": null,
            "reinvestment_rate": null,
            "research_to_sale_ratio": null,
            "price_fair": 0,
            "eps_avg_yearly": 0,
            "eps_latest_yearly": 0,
            "eps_growth_yearly": 0
        },
        "20043": {
            "year_quarter": 20043,
            "year": 2004,
            "quarter": 3,
            "eps": null,
            "eps_growth_year": null,
            "eps_4q": null,
            "eps_4q_growth_year": null,
            "roe": null,
            "roe_4q": 0,
            "gross_profit": null,
            "gross_margin": null,
            "gross_margin_4q_avg": 0,
            "net_income": null,
            "revenue": null,
            "common_shares": null,
            "book_valuer_per_share": null,
            "book_valuer_per_share_4q_avg": 0,
            "equity": null,
            "current_ratio": null,
            "debt_ratio": null,
            "inventory_turnover_ratio": null,
            "account_receivable_turnover_ratio": null,
            "reinvestment_rate": null,
            "research_to_sale_ratio": null,
            "price_fair": 0,
            "eps_avg_yearly": 0,
            "eps_latest_yearly": 0,
            "eps_growth_yearly": 0
        },
        "20044": {
            "year_quarter": 20044,
            "year": 2004,
            "quarter": 4,
            "eps": null,
            "eps_growth_year": null,
            "eps_4q": null,
            "eps_4q_growth_year": null,
            "roe": null,
            "roe_4q": 0,
            "gross_profit": null,
            "gross_margin": null,
            "gross_margin_4q_avg": 0,
            "net_income": null,
            "revenue": null,
            "common_shares": null,
            "book_valuer_per_share": null,
            "book_valuer_per_share_4q_avg": 0,
            "equity": null,
            "current_ratio": null,
            "debt_ratio": null,
            "inventory_turnover_ratio": null,
            "account_receivable_turnover_ratio": null,
            "reinvestment_rate": null,
            "research_to_sale_ratio": null,
            "price_fair": 0,
            "eps_avg_yearly": 0,
            "eps_latest_yearly": 0,
            "eps_growth_yearly": 0
        },
        "20051": {
            "year_quarter": 20051,
            "year": 2005,
            "quarter": 1,
            "eps": null,
            "eps_growth_year": null,
            "eps_4q": null,
            "eps_4q_growth_year": null,
            "roe": null,
            "roe_4q": 0,
            "gross_profit": null,
            "gross_margin": null,
            "gross_margin_4q_avg": 0,
            "net_income": null,
            "revenue": null,
            "common_shares": null,
            "book_valuer_per_share": null,
            "book_valuer_per_share_4q_avg": 0,
            "equity": null,
            "current_ratio": null,
            "debt_ratio": null,
            "inventory_turnover_ratio": null,
            "account_receivable_turnover_ratio": null,
            "reinvestment_rate": null,
            "research_to_sale_ratio": null,
            "price_fair": 0,
            "eps_avg_yearly": 0,
            "eps_latest_yearly": 0,
            "eps_growth_yearly": 0
        },
        "20052": {
            "year_quarter": 20052,
            "year": 2005,
            "quarter": 2,
            "eps": null,
            "eps_growth_year": null,
            "eps_4q": null,
            "eps_4q_growth_year": null,
            "roe": null,
            "roe_4q": 0,
            "gross_profit": null,
            "gross_margin": null,
            "gross_margin_4q_avg": 0,
            "net_income": null,
            "revenue": null,
            "common_shares": null,
            "book_valuer_per_share": null,
            "book_valuer_per_share_4q_avg": 0,
            "equity": null,
            "current_ratio": null,
            "debt_ratio": null,
            "inventory_turnover_ratio": null,
            "account_receivable_turnover_ratio": null,
            "reinvestment_rate": null,
            "research_to_sale_ratio": null,
            "price_fair": 0,
            "eps_avg_yearly": 0,
            "eps_latest_yearly": 0,
            "eps_growth_yearly": 0
        },
        "20053": {
            "year_quarter": 20053,
            "year": 2005,
            "quarter": 3,
            "eps": null,
            "eps_growth_year": null,
            "eps_4q": null,
            "eps_4q_growth_year": null,
            "roe": null,
            "roe_4q": 0,
            "gross_profit": null,
            "gross_margin": null,
            "gross_margin_4q_avg": 0,
            "net_income": null,
            "revenue": null,
            "common_shares": null,
            "book_valuer_per_share": null,
            "book_valuer_per_share_4q_avg": 0,
            "equity": null,
            "current_ratio": null,
            "debt_ratio": null,
            "inventory_turnover_ratio": null,
            "account_receivable_turnover_ratio": null,
            "reinvestment_rate": null,
            "research_to_sale_ratio": null,
            "price_fair": 0,
            "eps_avg_yearly": 0,
            "eps_latest_yearly": 0,
            "eps_growth_yearly": 0
        },
        "20054": {
            "year_quarter": 20054,
            "year": 2005,
            "quarter": 4,
            "eps": null,
            "eps_growth_year": null,
            "eps_4q": null,
            "eps_4q_growth_year": null,
            "roe": null,
            "roe_4q": 0,
            "gross_profit": null,
            "gross_margin": null,
            "gross_margin_4q_avg": 0,
            "net_income": null,
            "revenue": null,
            "common_shares": 600000,
            "book_valuer_per_share": 9.92,
            "book_valuer_per_share_4q_avg": 2.48,
            "equity": 595294,
            "current_ratio": 35093.05,
            "debt_ratio": 0.28,
            "inventory_turnover_ratio": null,
            "account_receivable_turnover_ratio": null,
            "reinvestment_rate": null,
            "research_to_sale_ratio": null,
            "price_fair": 0,
            "eps_avg_yearly": 0,
            "eps_latest_yearly": 0,
            "eps_growth_yearly": 0
        },
        "20061": {
            "year_quarter": 20061,
            "year": 2006,
            "quarter": 1,
            "eps": null,
            "eps_growth_year": null,
            "eps_4q": null,
            "eps_4q_growth_year": null,
            "roe": null,
            "roe_4q": 0,
            "gross_profit": null,
            "gross_margin": null,
            "gross_margin_4q_avg": 0,
            "net_income": null,
            "revenue": null,
            "common_shares": null,
            "book_valuer_per_share": null,
            "book_valuer_per_share_4q_avg": 2.48,
            "equity": null,
            "current_ratio": null,
            "debt_ratio": null,
            "inventory_turnover_ratio": null,
            "account_receivable_turnover_ratio": null,
            "reinvestment_rate": null,
            "research_to_sale_ratio": null,
            "price_fair": 0,
            "eps_avg_yearly": 0,
            "eps_latest_yearly": 0,
            "eps_growth_yearly": 0
        },
        "20062": {
            "year_quarter": 20062,
            "year": 2006,
            "quarter": 2,
            "eps": null,
            "eps_growth_year": null,
            "eps_4q": null,
            "eps_4q_growth_year": null,
            "roe": null,
            "roe_4q": 0,
            "gross_profit": null,
            "gross_margin": null,
            "gross_margin_4q_avg": 0,
            "net_income": null,
            "revenue": null,
            "common_shares": null,
            "book_valuer_per_share": null,
            "book_valuer_per_share_4q_avg": 2.48,
            "equity": null,
            "current_ratio": null,
            "debt_ratio": null,
            "inventory_turnover_ratio": null,
            "account_receivable_turnover_ratio": null,
            "reinvestment_rate": null,
            "research_to_sale_ratio": null,
            "price_fair": 0,
            "eps_avg_yearly": 0,
            "eps_latest_yearly": 0,
            "eps_growth_yearly": 0
        },
        "20063": {
            "year_quarter": 20063,
            "year": 2006,
            "quarter": 3,
            "eps": null,
            "eps_growth_year": null,
            "eps_4q": null,
            "eps_4q_growth_year": null,
            "roe": null,
            "roe_4q": 0,
            "gross_profit": null,
            "gross_margin": null,
            "gross_margin_4q_avg": 0,
            "net_income": null,
            "revenue": null,
            "common_shares": null,
            "book_valuer_per_share": null,
            "book_valuer_per_share_4q_avg": 2.48,
            "equity": null,
            "current_ratio": null,
            "debt_ratio": null,
            "inventory_turnover_ratio": null,
            "account_receivable_turnover_ratio": null,
            "reinvestment_rate": null,
            "research_to_sale_ratio": null,
            "price_fair": 0,
            "eps_avg_yearly": 0,
            "eps_latest_yearly": 0,
            "eps_growth_yearly": 0
        },
        "20064": {
            "year_quarter": 20064,
            "year": 2006,
            "quarter": 4,
            "eps": null,
            "eps_growth_year": null,
            "eps_4q": null,
            "eps_4q_growth_year": null,
            "roe": null,
            "roe_4q": 0,
            "gross_profit": null,
            "gross_margin": null,
            "gross_margin_4q_avg": 0,
            "net_income": null,
            "revenue": null,
            "common_shares": 613750,
            "book_valuer_per_share": 10.07,
            "book_valuer_per_share_4q_avg": 2.52,
            "equity": 618352,
            "current_ratio": 164.96,
            "debt_ratio": 33.57,
            "inventory_turnover_ratio": null,
            "account_receivable_turnover_ratio": null,
            "reinvestment_rate": null,
            "research_to_sale_ratio": null,
            "price_fair": 0,
            "eps_avg_yearly": 0,
            "eps_latest_yearly": 0,
            "eps_growth_yearly": 0
        },
        "20071": {
            "year_quarter": 20071,
            "year": 2007,
            "quarter": 1,
            "eps": null,
            "eps_growth_year": null,
            "eps_4q": null,
            "eps_4q_growth_year": null,
            "roe": null,
            "roe_4q": 0,
            "gross_profit": null,
            "gross_margin": null,
            "gross_margin_4q_avg": 0,
            "net_income": null,
            "revenue": null,
            "common_shares": null,
            "book_valuer_per_share": null,
            "book_valuer_per_share_4q_avg": 2.52,
            "equity": null,
            "current_ratio": null,
            "debt_ratio": null,
            "inventory_turnover_ratio": null,
            "account_receivable_turnover_ratio": null,
            "reinvestment_rate": null,
            "research_to_sale_ratio": null,
            "price_fair": 0,
            "eps_avg_yearly": 0,
            "eps_latest_yearly": 0,
            "eps_growth_yearly": 0
        },
        "20072": {
            "year_quarter": 20072,
            "year": 2007,
            "quarter": 2,
            "eps": null,
            "eps_growth_year": null,
            "eps_4q": null,
            "eps_4q_growth_year": null,
            "roe": null,
            "roe_4q": 0,
            "gross_profit": null,
            "gross_margin": null,
            "gross_margin_4q_avg": 0,
            "net_income": null,
            "revenue": null,
            "common_shares": null,
            "book_valuer_per_share": null,
            "book_valuer_per_share_4q_avg": 2.52,
            "equity": null,
            "current_ratio": null,
            "debt_ratio": null,
            "inventory_turnover_ratio": null,
            "account_receivable_turnover_ratio": null,
            "reinvestment_rate": null,
            "research_to_sale_ratio": null,
            "price_fair": 0,
            "eps_avg_yearly": 0,
            "eps_latest_yearly": 0,
            "eps_growth_yearly": 0
        },
        "20073": {
            "year_quarter": 20073,
            "year": 2007,
            "quarter": 3,
            "eps": 1.18,
            "eps_growth_year": null,
            "eps_4q": null,
            "eps_4q_growth_year": null,
            "roe": 5.4,
            "roe_4q": 5.4,
            "gross_profit": 172536,
            "gross_margin": 16.18,
            "gross_margin_4q_avg": 4.05,
            "net_income": 128903,
            "revenue": 1066279,
            "common_shares": 964250,
            "book_valuer_per_share": 24.77,
            "book_valuer_per_share_4q_avg": 8.71,
            "equity": 2388850,
            "current_ratio": 169.74,
            "debt_ratio": 23.18,
            "inventory_turnover_ratio": 2.54,
            "account_receivable_turnover_ratio": null,
            "reinvestment_rate": null,
            "research_to_sale_ratio": null,
            "price_fair": 0,
            "eps_avg_yearly": 0,
            "eps_latest_yearly": 0,
            "eps_growth_yearly": 0
        },
        "20074": {
            "year_quarter": 20074,
            "year": 2007,
            "quarter": 4,
            "eps": 2.5,
            "eps_growth_year": null,
            "eps_4q": null,
            "eps_4q_growth_year": null,
            "roe": 9.12,
            "roe_4q": 14.52,
            "gross_profit": 182837,
            "gross_margin": 13.51,
            "gross_margin_4q_avg": 7.42,
            "net_income": 229081,
            "revenue": 1353050,
            "common_shares": 979400,
            "book_valuer_per_share": 26.88,
            "book_valuer_per_share_4q_avg": 12.91,
            "equity": 2632356,
            "current_ratio": 154.03,
            "debt_ratio": 35.58,
            "inventory_turnover_ratio": 3.01,
            "account_receivable_turnover_ratio": null,
            "reinvestment_rate": null,
            "research_to_sale_ratio": null,
            "price_fair": 350,
            "eps_avg_yearly": 10,
            "eps_latest_yearly": 10,
            "eps_growth_yearly": 447.46
        },
        "20081": {
            "year_quarter": 20081,
            "year": 2008,
            "quarter": 1,
            "eps": 0.77,
            "eps_growth_year": null,
            "eps_4q": null,
            "eps_4q_growth_year": null,
            "roe": 3.42,
            "roe_4q": 17.939999999999998,
            "gross_profit": 199557,
            "gross_margin": 10.26,
            "gross_margin_4q_avg": 9.99,
            "net_income": 91786,
            "revenue": 1945094,
            "common_shares": 985025,
            "book_valuer_per_share": 27.73,
            "book_valuer_per_share_4q_avg": 19.85,
            "equity": 2731187,
            "current_ratio": 178.98,
            "debt_ratio": 49.52,
            "inventory_turnover_ratio": 3.29,
            "account_receivable_turnover_ratio": null,
            "reinvestment_rate": null,
            "research_to_sale_ratio": null,
            "price_fair": 228.9,
            "eps_avg_yearly": 6.54,
            "eps_latest_yearly": 3.08,
            "eps_growth_yearly": 85.33
        },
        "20082": {
            "year_quarter": 20082,
            "year": 2008,
            "quarter": 2,
            "eps": 2.3,
            "eps_growth_year": null,
            "eps_4q": 6.57,
            "eps_4q_growth_year": null,
            "roe": 6.29,
            "roe_4q": 24.229999999999997,
            "gross_profit": 387175,
            "gross_margin": 15.55,
            "gross_margin_4q_avg": 13.88,
            "net_income": 242304,
            "revenue": 2489680,
            "common_shares": 1185850,
            "book_valuer_per_share": 41.95,
            "book_valuer_per_share_4q_avg": 30.33,
            "equity": 4974520,
            "current_ratio": 230.31,
            "debt_ratio": 36.94,
            "inventory_turnover_ratio": 3.5,
            "account_receivable_turnover_ratio": null,
            "reinvestment_rate": null,
            "research_to_sale_ratio": null,
            "price_fair": 259.93,
            "eps_avg_yearly": 7.43,
            "eps_latest_yearly": 9.2,
            "eps_growth_yearly": 321.82
        },
        "20083": {
            "year_quarter": 20083,
            "year": 2008,
            "quarter": 3,
            "eps": 3.59,
            "eps_growth_year": 204.24,
            "eps_4q": 7.82,
            "eps_4q_growth_year": null,
            "roe": 9.16,
            "roe_4q": 27.989999999999995,
            "gross_profit": 488159,
            "gross_margin": 14.92,
            "gross_margin_4q_avg": 13.56,
            "net_income": 477514,
            "revenue": 3271353,
            "common_shares": 1434730,
            "book_valuer_per_share": 38,
            "book_valuer_per_share_4q_avg": 33.64,
            "equity": 5452535,
            "current_ratio": 190.79,
            "debt_ratio": 50.85,
            "inventory_turnover_ratio": 3.12,
            "account_receivable_turnover_ratio": null,
            "reinvestment_rate": null,
            "research_to_sale_ratio": null,
            "price_fair": 320.6,
            "eps_avg_yearly": 9.16,
            "eps_latest_yearly": 14.36,
            "eps_growth_yearly": 297.45
        },
        "20084": {
            "year_quarter": 20084,
            "year": 2008,
            "quarter": 4,
            "eps": 0.15,
            "eps_growth_year": -94,
            "eps_4q": 6.32,
            "eps_4q_growth_year": null,
            "roe": 0.36,
            "roe_4q": 19.229999999999997,
            "gross_profit": -236300,
            "gross_margin": -9.57,
            "gross_margin_4q_avg": 7.79,
            "net_income": 19735,
            "revenue": 2469887,
            "common_shares": 1439904,
            "book_valuer_per_share": 38.25,
            "book_valuer_per_share_4q_avg": 36.48,
            "equity": 5507048,
            "current_ratio": 345.96,
            "debt_ratio": 49.77,
            "inventory_turnover_ratio": 1.81,
            "account_receivable_turnover_ratio": 19.26,
            "reinvestment_rate": null,
            "research_to_sale_ratio": null,
            "price_fair": 260.68,
            "eps_avg_yearly": 7.45,
            "eps_latest_yearly": 0.6,
            "eps_growth_yearly": 161.3
        },
        "20091": {
            "year_quarter": 20091,
            "year": 2009,
            "quarter": 1,
            "eps": -2.67,
            "eps_growth_year": -446.75,
            "eps_4q": 1.97,
            "eps_4q_growth_year": null,
            "roe": -7.79,
            "roe_4q": 8.02,
            "gross_profit": -238216,
            "gross_margin": -13.75,
            "gross_margin_4q_avg": 1.79,
            "net_income": -424545,
            "revenue": 1732334,
            "common_shares": 1602754,
            "book_valuer_per_share": 33.66,
            "book_valuer_per_share_4q_avg": 37.97,
            "equity": 5394353,
            "current_ratio": 330.76,
            "debt_ratio": 50.77,
            "inventory_turnover_ratio": 1.16,
            "account_receivable_turnover_ratio": 6.11,
            "reinvestment_rate": null,
            "research_to_sale_ratio": null,
            "price_fair": 260.68,
            "eps_avg_yearly": 7.45,
            "eps_latest_yearly": 0.6,
            "eps_growth_yearly": 161.3
        },
        "20092": {
            "year_quarter": 20092,
            "year": 2009,
            "quarter": 2,
            "eps": -2.5,
            "eps_growth_year": -208.7,
            "eps_4q": -2.03,
            "eps_4q_growth_year": -130.93,
            "roe": -7.75,
            "roe_4q": -6.02,
            "gross_profit": -505355,
            "gross_margin": -24.23,
            "gross_margin_4q_avg": -8.16,
            "net_income": -398528,
            "revenue": 2085314,
            "common_shares": 1603554,
            "book_valuer_per_share": 30.53,
            "book_valuer_per_share_4q_avg": 35.11,
            "equity": 4894999,
            "current_ratio": 251.71,
            "debt_ratio": 54.81,
            "inventory_turnover_ratio": 1.61,
            "account_receivable_turnover_ratio": 3.69,
            "reinvestment_rate": null,
            "research_to_sale_ratio": null,
            "price_fair": 260.68,
            "eps_avg_yearly": 7.45,
            "eps_latest_yearly": 0.6,
            "eps_growth_yearly": 161.3
        },
        "20093": {
            "year_quarter": 20093,
            "year": 2009,
            "quarter": 3,
            "eps": 0.68,
            "eps_growth_year": -81.06,
            "eps_4q": -3.74,
            "eps_4q_growth_year": -147.74,
            "roe": 2.25,
            "roe_4q": -12.93,
            "gross_profit": 296976,
            "gross_margin": 9.47,
            "gross_margin_4q_avg": -9.52,
            "net_income": 123728,
            "revenue": 3136549,
            "common_shares": 2106823,
            "book_valuer_per_share": 28.97,
            "book_valuer_per_share_4q_avg": 32.85,
            "equity": 6103959,
            "current_ratio": 345.65,
            "debt_ratio": 47.42,
            "inventory_turnover_ratio": 2.3,
            "account_receivable_turnover_ratio": 3.21,
            "reinvestment_rate": null,
            "research_to_sale_ratio": null,
            "price_fair": 260.68,
            "eps_avg_yearly": 7.45,
            "eps_latest_yearly": 0.6,
            "eps_growth_yearly": 161.3
        },
        "20094": {
            "year_quarter": 20094,
            "year": 2009,
            "quarter": 4,
            "eps": -2.31,
            "eps_growth_year": -1640,
            "eps_4q": -5.38,
            "eps_4q_growth_year": -185.07,
            "roe": -7.46,
            "roe_4q": -20.75,
            "gross_profit": 474522,
            "gross_margin": 14.18,
            "gross_margin_4q_avg": -3.58,
            "net_income": -440069,
            "revenue": 3346906,
            "common_shares": 2119698,
            "book_valuer_per_share": 26.81,
            "book_valuer_per_share_4q_avg": 29.99,
            "equity": 5697592,
            "current_ratio": 227,
            "debt_ratio": 51.29,
            "inventory_turnover_ratio": 3.68,
            "account_receivable_turnover_ratio": 8.16,
            "reinvestment_rate": null,
            "research_to_sale_ratio": null,
            "price_fair": 260.68,
            "eps_avg_yearly": 7.45,
            "eps_latest_yearly": 0.6,
            "eps_growth_yearly": 161.3
        },
        "20101": {
            "year_quarter": 20101,
            "year": 2010,
            "quarter": 1,
            "eps": 1.28,
            "eps_growth_year": null,
            "eps_4q": -2.07,
            "eps_4q_growth_year": -205.53,
            "roe": 4.64,
            "roe_4q": -8.32,
            "gross_profit": 475725,
            "gross_margin": 15.8,
            "gross_margin_4q_avg": 3.81,
            "net_income": 271460,
            "revenue": 3010066,
            "common_shares": 2134983,
            "book_valuer_per_share": 28,
            "book_valuer_per_share_4q_avg": 28.58,
            "equity": 5992209,
            "current_ratio": 199.86,
            "debt_ratio": 53.07,
            "inventory_turnover_ratio": 2.91,
            "account_receivable_turnover_ratio": 3.12,
            "reinvestment_rate": null,
            "research_to_sale_ratio": 0.75,
            "price_fair": 260.68,
            "eps_avg_yearly": 7.45,
            "eps_latest_yearly": 0.6,
            "eps_growth_yearly": 161.3
        },
        "20102": {
            "year_quarter": 20102,
            "year": 2010,
            "quarter": 2,
            "eps": 4.86,
            "eps_growth_year": null,
            "eps_4q": 4.65,
            "eps_4q_growth_year": null,
            "roe": 15.9,
            "roe_4q": 15.329999999999998,
            "gross_profit": 781061,
            "gross_margin": 17.48,
            "gross_margin_4q_avg": 14.23,
            "net_income": 1038061,
            "revenue": 4469084,
            "common_shares": 2144018,
            "book_valuer_per_share": 32.9,
            "book_valuer_per_share_4q_avg": 29.17,
            "equity": 7064180,
            "current_ratio": 154.34,
            "debt_ratio": 53,
            "inventory_turnover_ratio": 3.1,
            "account_receivable_turnover_ratio": 2.98,
            "reinvestment_rate": null,
            "research_to_sale_ratio": 1.07,
            "price_fair": 330.63,
            "eps_avg_yearly": 9.45,
            "eps_latest_yearly": 19.44,
            "eps_growth_yearly": 320.88
        },
        "20103": {
            "year_quarter": 20103,
            "year": 2010,
            "quarter": 3,
            "eps": 2.28,
            "eps_growth_year": 234.84,
            "eps_4q": 5.34,
            "eps_4q_growth_year": null,
            "roe": 6.58,
            "roe_4q": 19.66,
            "gross_profit": 1320083,
            "gross_margin": 22.44,
            "gross_margin_4q_avg": 17.48,
            "net_income": 646359,
            "revenue": 5883405,
            "common_shares": 2857042,
            "book_valuer_per_share": 43.88,
            "book_valuer_per_share_4q_avg": 32.9,
            "equity": 12571253,
            "current_ratio": 182.19,
            "debt_ratio": 36.97,
            "inventory_turnover_ratio": 3.06,
            "account_receivable_turnover_ratio": 2.88,
            "reinvestment_rate": null,
            "research_to_sale_ratio": 0.89,
            "price_fair": 329,
            "eps_avg_yearly": 9.4,
            "eps_latest_yearly": 9.12,
            "eps_growth_yearly": 244.7
        },
        "20104": {
            "year_quarter": 20104,
            "year": 2010,
            "quarter": 4,
            "eps": 2.61,
            "eps_growth_year": null,
            "eps_4q": 9.21,
            "eps_4q_growth_year": null,
            "roe": 5.77,
            "roe_4q": 32.89,
            "gross_profit": 1157944,
            "gross_margin": 17.08,
            "gross_margin_4q_avg": 18.2,
            "net_income": 769496,
            "revenue": 6777542,
            "common_shares": 2971830,
            "book_valuer_per_share": 47.29,
            "book_valuer_per_share_4q_avg": 38.02,
            "equity": 14084968,
            "current_ratio": 197.46,
            "debt_ratio": 32.02,
            "inventory_turnover_ratio": 3.39,
            "account_receivable_turnover_ratio": 2.96,
            "reinvestment_rate": null,
            "research_to_sale_ratio": 0.78,
            "price_fair": 333.55,
            "eps_avg_yearly": 9.53,
            "eps_latest_yearly": 10.44,
            "eps_growth_yearly": 221.35
        },
        "20111": {
            "year_quarter": 20111,
            "year": 2011,
            "quarter": 1,
            "eps": 0.98,
            "eps_growth_year": -23.44,
            "eps_4q": 8.86,
            "eps_4q_growth_year": null,
            "roe": 2.03,
            "roe_4q": 30.28,
            "gross_profit": 604237,
            "gross_margin": 8.32,
            "gross_margin_4q_avg": 16.33,
            "net_income": 299783,
            "revenue": 7258080,
            "common_shares": 3126296,
            "book_valuer_per_share": 49.48,
            "book_valuer_per_share_4q_avg": 43.39,
            "equity": 15495589,
            "current_ratio": 252.48,
            "debt_ratio": 24.46,
            "inventory_turnover_ratio": 3.49,
            "account_receivable_turnover_ratio": 2.7,
            "reinvestment_rate": null,
            "research_to_sale_ratio": 0.44,
            "price_fair": 311.73,
            "eps_avg_yearly": 8.91,
            "eps_latest_yearly": 3.92,
            "eps_growth_yearly": 169
        },
        "20112": {
            "year_quarter": 20112,
            "year": 2011,
            "quarter": 2,
            "eps": -3.22,
            "eps_growth_year": -166.2,
            "eps_4q": 2.04,
            "eps_4q_growth_year": -56.14,
            "roe": -7.47,
            "roe_4q": 6.91,
            "gross_profit": -886827,
            "gross_margin": -17.48,
            "gross_margin_4q_avg": 7.59,
            "net_income": -1064389,
            "revenue": 5073237,
            "common_shares": 3288648,
            "book_valuer_per_share": 39.44,
            "book_valuer_per_share_4q_avg": 45.02,
            "equity": 12988454,
            "current_ratio": 121.51,
            "debt_ratio": 39.57,
            "inventory_turnover_ratio": 3.38,
            "account_receivable_turnover_ratio": 1.91,
            "reinvestment_rate": 476.21,
            "research_to_sale_ratio": 0.46,
            "price_fair": 311.73,
            "eps_avg_yearly": 8.91,
            "eps_latest_yearly": 3.92,
            "eps_growth_yearly": 169
        },
        "20113": {
            "year_quarter": 20113,
            "year": 2011,
            "quarter": 3,
            "eps": -1.11,
            "eps_growth_year": -148.92,
            "eps_4q": -1.07,
            "eps_4q_growth_year": -119.98,
            "roe": -3.27,
            "roe_4q": -2.9400000000000013,
            "gross_profit": -235976,
            "gross_margin": -4.51,
            "gross_margin_4q_avg": 0.85,
            "net_income": -478461,
            "revenue": 5229908,
            "common_shares": 4289048,
            "book_valuer_per_share": 37.81,
            "book_valuer_per_share_4q_avg": 43.51,
            "equity": 16233563,
            "current_ratio": 150.8,
            "debt_ratio": 36.64,
            "inventory_turnover_ratio": 3.49,
            "account_receivable_turnover_ratio": 1.95,
            "reinvestment_rate": 766.89,
            "research_to_sale_ratio": 0.66,
            "price_fair": 311.73,
            "eps_avg_yearly": 8.91,
            "eps_latest_yearly": 3.92,
            "eps_growth_yearly": 169
        },
        "20114": {
            "year_quarter": 20114,
            "year": 2011,
            "quarter": 4,
            "eps": -3.88,
            "eps_growth_year": -249.12,
            "eps_4q": -6.76,
            "eps_4q_growth_year": -173.32,
            "roe": -10.85,
            "roe_4q": -19.56,
            "gross_profit": -1598520,
            "gross_margin": -52.81,
            "gross_margin_4q_avg": -16.62,
            "net_income": -1670366,
            "revenue": 3026872,
            "common_shares": 4289048,
            "book_valuer_per_share": 33.93,
            "book_valuer_per_share_4q_avg": 40.17,
            "equity": 14563197,
            "current_ratio": 159.11,
            "debt_ratio": 34.19,
            "inventory_turnover_ratio": 3.48,
            "account_receivable_turnover_ratio": 1.31,
            "reinvestment_rate": null,
            "research_to_sale_ratio": 0.78,
            "price_fair": 306.95,
            "eps_avg_yearly": 8.77,
            "eps_latest_yearly": 3.92,
            "eps_growth_yearly": 134.19
        },
        "20121": {
            "year_quarter": 20121,
            "year": 2012,
            "quarter": 1,
            "eps": -4.23,
            "eps_growth_year": -531.63,
            "eps_4q": -11.69,
            "eps_4q_growth_year": -231.86,
            "roe": -13.24,
            "roe_4q": -34.83,
            "gross_profit": -1588131,
            "gross_margin": -51.14,
            "gross_margin_4q_avg": -31.49,
            "net_income": -1816613,
            "revenue": 3105675,
            "common_shares": 4293148,
            "book_valuer_per_share": 29.74,
            "book_valuer_per_share_4q_avg": 35.23,
            "equity": 12874339,
            "current_ratio": 125.23,
            "debt_ratio": 38.65,
            "inventory_turnover_ratio": 5.13,
            "account_receivable_turnover_ratio": 1.56,
            "reinvestment_rate": null,
            "research_to_sale_ratio": 1.17,
            "price_fair": 335.4,
            "eps_avg_yearly": 9.58,
            "eps_latest_yearly": 3.92,
            "eps_growth_yearly": 192.91
        },
        "20122": {
            "year_quarter": 20122,
            "year": 2012,
            "quarter": 2,
            "eps": -0.84,
            "eps_growth_year": null,
            "eps_4q": -10.06,
            "eps_4q_growth_year": -593.19,
            "roe": -2.84,
            "roe_4q": -30.2,
            "gross_profit": -207592,
            "gross_margin": -5.26,
            "gross_margin_4q_avg": -28.43,
            "net_income": -362229,
            "revenue": 3949429,
            "common_shares": 4293273,
            "book_valuer_per_share": 28.93,
            "book_valuer_per_share_4q_avg": 32.6,
            "equity": 12613470,
            "current_ratio": 154.24,
            "debt_ratio": 40.67,
            "inventory_turnover_ratio": 4.63,
            "account_receivable_turnover_ratio": 1.49,
            "reinvestment_rate": null,
            "research_to_sale_ratio": 1.06,
            "price_fair": 337.63,
            "eps_avg_yearly": 9.65,
            "eps_latest_yearly": 3.92,
            "eps_growth_yearly": 92.59
        },
        "20123": {
            "year_quarter": 20123,
            "year": 2012,
            "quarter": 3,
            "eps": -1.33,
            "eps_growth_year": null,
            "eps_4q": -10.28,
            "eps_4q_growth_year": null,
            "roe": -4.6,
            "roe_4q": -31.53,
            "gross_profit": -321532,
            "gross_margin": -10.86,
            "gross_margin_4q_avg": -30.02,
            "net_income": -567453,
            "revenue": 2961952,
            "common_shares": 4293273,
            "book_valuer_per_share": 27.6,
            "book_valuer_per_share_4q_avg": 30.05,
            "equity": 12048041,
            "current_ratio": 164.84,
            "debt_ratio": 41.08,
            "inventory_turnover_ratio": 3.92,
            "account_receivable_turnover_ratio": 1.12,
            "reinvestment_rate": null,
            "research_to_sale_ratio": 1.43,
            "price_fair": 304.64,
            "eps_avg_yearly": 8.7,
            "eps_latest_yearly": 3.92,
            "eps_growth_yearly": 66.24
        },
        "20124": {
            "year_quarter": 20124,
            "year": 2012,
            "quarter": 4,
            "eps": -3.1,
            "eps_growth_year": null,
            "eps_4q": -9.06,
            "eps_4q_growth_year": null,
            "roe": -12.51,
            "roe_4q": -33.19,
            "gross_profit": -1114855,
            "gross_margin": -50.13,
            "gross_margin_4q_avg": -29.35,
            "net_income": -1446690,
            "revenue": 2223957,
            "common_shares": 4606774,
            "book_valuer_per_share": 23.68,
            "book_valuer_per_share_4q_avg": 27.49,
            "equity": 11081498,
            "current_ratio": 134.38,
            "debt_ratio": 47.41,
            "inventory_turnover_ratio": 5.1,
            "account_receivable_turnover_ratio": 0.92,
            "reinvestment_rate": null,
            "research_to_sale_ratio": 1.78,
            "price_fair": 375.55,
            "eps_avg_yearly": 10.73,
            "eps_latest_yearly": 3.92,
            "eps_growth_yearly": 178.62
        },
        "20131": {
            "year_quarter": 20131,
            "year": 2013,
            "quarter": 1,
            "eps": -1.29,
            "eps_growth_year": null,
            "eps_4q": -6.41,
            "eps_4q_growth_year": null,
            "roe": -5.51,
            "roe_4q": -25.459999999999997,
            "gross_profit": -294680,
            "gross_margin": -11.37,
            "gross_margin_4q_avg": -19.41,
            "net_income": -599557,
            "revenue": 2591788,
            "common_shares": 4606219,
            "book_valuer_per_share": 22.54,
            "book_valuer_per_share_4q_avg": 25.69,
            "equity": 10679644,
            "current_ratio": 130.78,
            "debt_ratio": 48.83,
            "inventory_turnover_ratio": 4.08,
            "account_receivable_turnover_ratio": 1,
            "reinvestment_rate": null,
            "research_to_sale_ratio": 1.95,
            "price_fair": 375.55,
            "eps_avg_yearly": 10.73,
            "eps_latest_yearly": 3.92,
            "eps_growth_yearly": 178.62
        },
        "20132": {
            "year_quarter": 20132,
            "year": 2013,
            "quarter": 2,
            "eps": 0.64,
            "eps_growth_year": null,
            "eps_4q": -3.6,
            "eps_4q_growth_year": null,
            "roe": 2.64,
            "roe_4q": -19.979999999999997,
            "gross_profit": 457043,
            "gross_margin": 11.21,
            "gross_margin_4q_avg": -15.29,
            "net_income": 335129,
            "revenue": 4076461,
            "common_shares": 6283500,
            "book_valuer_per_share": 22.92,
            "book_valuer_per_share_4q_avg": 24.19,
            "equity": 14705323,
            "current_ratio": 105.66,
            "debt_ratio": 55.1,
            "inventory_turnover_ratio": 2.98,
            "account_receivable_turnover_ratio": 1.09,
            "reinvestment_rate": null,
            "research_to_sale_ratio": 1.9,
            "price_fair": 375.55,
            "eps_avg_yearly": 10.73,
            "eps_latest_yearly": 3.92,
            "eps_growth_yearly": 178.62
        },
        "20133": {
            "year_quarter": 20133,
            "year": 2013,
            "quarter": 3,
            "eps": 0.74,
            "eps_growth_year": null,
            "eps_4q": -1.94,
            "eps_4q_growth_year": null,
            "roe": 3.11,
            "roe_4q": -12.27,
            "gross_profit": 903081,
            "gross_margin": 14.14,
            "gross_margin_4q_avg": -9.04,
            "net_income": 464671,
            "revenue": 6386387,
            "common_shares": 6316831,
            "book_valuer_per_share": 23.56,
            "book_valuer_per_share_4q_avg": 23.18,
            "equity": 15181636,
            "current_ratio": 117.54,
            "debt_ratio": 55.21,
            "inventory_turnover_ratio": 3.43,
            "account_receivable_turnover_ratio": 1.24,
            "reinvestment_rate": null,
            "research_to_sale_ratio": 2.11,
            "price_fair": 321.16,
            "eps_avg_yearly": 9.18,
            "eps_latest_yearly": 2.96,
            "eps_growth_yearly": 155.4
        },
        "20134": {
            "year_quarter": 20134,
            "year": 2013,
            "quarter": 4,
            "eps": 0.39,
            "eps_growth_year": null,
            "eps_4q": 0.65,
            "eps_4q_growth_year": null,
            "roe": 1.83,
            "roe_4q": 2.0700000000000003,
            "gross_profit": 644421,
            "gross_margin": 9.17,
            "gross_margin_4q_avg": 5.79,
            "net_income": 315202,
            "revenue": 7029617,
            "common_shares": 7770292,
            "book_valuer_per_share": 24.27,
            "book_valuer_per_share_4q_avg": 23.32,
            "equity": 19210741,
            "current_ratio": 149.2,
            "debt_ratio": 44.01,
            "inventory_turnover_ratio": 3.99,
            "account_receivable_turnover_ratio": 1.41,
            "reinvestment_rate": null,
            "research_to_sale_ratio": 2.06,
            "price_fair": 276.73,
            "eps_avg_yearly": 7.91,
            "eps_latest_yearly": 1.56,
            "eps_growth_yearly": 97.97
        },
        "20141": {
            "year_quarter": 20141,
            "year": 2014,
            "quarter": 1,
            "eps": 0.52,
            "eps_growth_year": null,
            "eps_4q": 1.91,
            "eps_4q_growth_year": null,
            "roe": 1.96,
            "roe_4q": 9.540000000000001,
            "gross_profit": 790987,
            "gross_margin": 10.87,
            "gross_margin_4q_avg": 11.35,
            "net_income": 384390,
            "revenue": 7277299,
            "common_shares": 7870838,
            "book_valuer_per_share": 24.84,
            "book_valuer_per_share_4q_avg": 23.9,
            "equity": 19919224,
            "current_ratio": 148.74,
            "debt_ratio": 44.23,
            "inventory_turnover_ratio": 3.41,
            "account_receivable_turnover_ratio": 1.46,
            "reinvestment_rate": null,
            "research_to_sale_ratio": 1.56,
            "price_fair": 247.6,
            "eps_avg_yearly": 7.07,
            "eps_latest_yearly": 2.08,
            "eps_growth_yearly": 103.02
        },
        "20142": {
            "year_quarter": 20142,
            "year": 2014,
            "quarter": 2,
            "eps": 0.49,
            "eps_growth_year": -23.44,
            "eps_4q": 1.97,
            "eps_4q_growth_year": null,
            "roe": 1.92,
            "roe_4q": 8.82,
            "gross_profit": 669037,
            "gross_margin": 9.06,
            "gross_margin_4q_avg": 10.81,
            "net_income": 385106,
            "revenue": 7386905,
            "common_shares": 7892116,
            "book_valuer_per_share": 24.97,
            "book_valuer_per_share_4q_avg": 24.41,
            "equity": 20251796,
            "current_ratio": 136.82,
            "debt_ratio": 44.97,
            "inventory_turnover_ratio": 2.82,
            "account_receivable_turnover_ratio": 1.36,
            "reinvestment_rate": null,
            "research_to_sale_ratio": 1.59,
            "price_fair": 13.73,
            "eps_avg_yearly": 4.58,
            "eps_latest_yearly": 1.96,
            "eps_growth_yearly": -60.1
        },
        "20143": {
            "year_quarter": 20143,
            "year": 2014,
            "quarter": 3,
            "eps": -0.23,
            "eps_growth_year": -131.08,
            "eps_4q": 1.15,
            "eps_4q_growth_year": null,
            "roe": -0.75,
            "roe_4q": 4.96,
            "gross_profit": 226656,
            "gross_margin": 3.85,
            "gross_margin_4q_avg": 8.24,
            "net_income": -152842,
            "revenue": 5886514,
            "common_shares": 7913535,
            "book_valuer_per_share": 25,
            "book_valuer_per_share_4q_avg": 24.77,
            "equity": 20367702,
            "current_ratio": 193.92,
            "debt_ratio": 44.73,
            "inventory_turnover_ratio": 2.36,
            "account_receivable_turnover_ratio": 1.08,
            "reinvestment_rate": null,
            "research_to_sale_ratio": 1.9,
            "price_fair": 11.46,
            "eps_avg_yearly": 3.82,
            "eps_latest_yearly": 1.96,
            "eps_growth_yearly": -34.72
        },
        "20144": {
            "year_quarter": 20144,
            "year": 2014,
            "quarter": 4,
            "eps": -0.46,
            "eps_growth_year": -218.9,
            "eps_4q": 0.26,
            "eps_4q_growth_year": -60.53,
            "roe": -1.77,
            "roe_4q": 1.3599999999999999,
            "gross_profit": 100616,
            "gross_margin": 1.43,
            "gross_margin_4q_avg": 6.3,
            "net_income": -372265,
            "revenue": 7029531,
            "common_shares": 8562770,
            "book_valuer_per_share": 24.82,
            "book_valuer_per_share_4q_avg": 24.91,
            "equity": 21723771,
            "current_ratio": 211.13,
            "debt_ratio": 41.8,
            "inventory_turnover_ratio": 3.17,
            "account_receivable_turnover_ratio": 1.28,
            "reinvestment_rate": null,
            "research_to_sale_ratio": 1.55,
            "price_fair": 7.49,
            "eps_avg_yearly": 2.5,
            "eps_latest_yearly": 1.96,
            "eps_growth_yearly": -53.25
        },
        "20151": {
            "year_quarter": 20151,
            "year": 2015,
            "quarter": 1,
            "eps": -0.55,
            "eps_growth_year": -205.77,
            "eps_4q": -0.77,
            "eps_4q_growth_year": -140.11,
            "roe": -2.28,
            "roe_4q": -2.88,
            "gross_profit": -99331,
            "gross_margin": -2.15,
            "gross_margin_4q_avg": 3.05,
            "net_income": -492225,
            "revenue": 4630335,
            "common_shares": 8562195,
            "book_valuer_per_share": 24.23,
            "book_valuer_per_share_4q_avg": 24.76,
            "equity": 21362102,
            "current_ratio": 211.7,
            "debt_ratio": 41.18,
            "inventory_turnover_ratio": 2.04,
            "account_receivable_turnover_ratio": 0.94,
            "reinvestment_rate": null,
            "research_to_sale_ratio": 1.85,
            "price_fair": 6.42,
            "eps_avg_yearly": 2.14,
            "eps_latest_yearly": 1.96,
            "eps_growth_yearly": -4.11
        },
        "20152": {
            "year_quarter": 20152,
            "year": 2015,
            "quarter": 2,
            "eps": -0.9,
            "eps_growth_year": -283.67,
            "eps_4q": -2.11,
            "eps_4q_growth_year": -207.03,
            "roe": -3.76,
            "roe_4q": -8.559999999999999,
            "gross_profit": -165681,
            "gross_margin": -3.32,
            "gross_margin_4q_avg": -0.05,
            "net_income": -783858,
            "revenue": 4987462,
            "common_shares": 8559865,
            "book_valuer_per_share": 23.05,
            "book_valuer_per_share_4q_avg": 24.28,
            "equity": 20334883,
            "current_ratio": 196.54,
            "debt_ratio": 43.52,
            "inventory_turnover_ratio": 1.99,
            "account_receivable_turnover_ratio": 1.06,
            "reinvestment_rate": null,
            "research_to_sale_ratio": 1.95,
            "price_fair": 6.42,
            "eps_avg_yearly": 2.14,
            "eps_latest_yearly": 1.96,
            "eps_growth_yearly": -4.11
        },
        "20153": {
            "year_quarter": 20153,
            "year": 2015,
            "quarter": 3,
            "eps": -0.42,
            "eps_growth_year": null,
            "eps_4q": -2.32,
            "eps_4q_growth_year": -301.17,
            "roe": -1.82,
            "roe_4q": -9.629999999999999,
            "gross_profit": 279363,
            "gross_margin": 5,
            "gross_margin_4q_avg": 0.24,
            "net_income": -370615,
            "revenue": 5585822,
            "common_shares": 8582285,
            "book_valuer_per_share": 22.91,
            "book_valuer_per_share_4q_avg": 23.75,
            "equity": 20283933,
            "current_ratio": 158.73,
            "debt_ratio": 47.28,
            "inventory_turnover_ratio": 1.6,
            "account_receivable_turnover_ratio": 1.11,
            "reinvestment_rate": null,
            "research_to_sale_ratio": 1.47,
            "price_fair": 6.42,
            "eps_avg_yearly": 2.14,
            "eps_latest_yearly": 1.96,
            "eps_growth_yearly": -4.11
        },
        "20154": {
            "year_quarter": 20154,
            "year": 2015,
            "quarter": 4,
            "eps": 0.16,
            "eps_growth_year": null,
            "eps_4q": -1.7,
            "eps_4q_growth_year": -764.55,
            "roe": 0.53,
            "roe_4q": -7.33,
            "gross_profit": 610825,
            "gross_margin": 8.71,
            "gross_margin_4q_avg": 2.06,
            "net_income": 108296,
            "revenue": 7010877,
            "common_shares": 8581617,
            "book_valuer_per_share": 23.02,
            "book_valuer_per_share_4q_avg": 23.3,
            "equity": 20355850,
            "current_ratio": 152.9,
            "debt_ratio": 47.94,
            "inventory_turnover_ratio": 1.54,
            "account_receivable_turnover_ratio": 1.36,
            "reinvestment_rate": null,
            "research_to_sale_ratio": 1.16,
            "price_fair": 6.42,
            "eps_avg_yearly": 2.14,
            "eps_latest_yearly": 1.96,
            "eps_growth_yearly": -4.11
        },
        "20161": {
            "year_quarter": 20161,
            "year": 2016,
            "quarter": 1,
            "eps": 0.13,
            "eps_growth_year": null,
            "eps_4q": -0.96,
            "eps_4q_growth_year": null,
            "roe": 0.53,
            "roe_4q": -4.52,
            "gross_profit": 751449,
            "gross_margin": 12.73,
            "gross_margin_4q_avg": 5.78,
            "net_income": 108514,
            "revenue": 5903908,
            "common_shares": 8580044,
            "book_valuer_per_share": 22.89,
            "book_valuer_per_share_4q_avg": 22.97,
            "equity": 20965062,
            "current_ratio": 162.97,
            "debt_ratio": 45.63,
            "inventory_turnover_ratio": 1.1,
            "account_receivable_turnover_ratio": 1.22,
            "reinvestment_rate": null,
            "research_to_sale_ratio": 1.6,
            "price_fair": 5.45,
            "eps_avg_yearly": 1.82,
            "eps_latest_yearly": 0.52,
            "eps_growth_yearly": -18.29
        },
        "20162": {
            "year_quarter": 20162,
            "year": 2016,
            "quarter": 2,
            "eps": -0.96,
            "eps_growth_year": null,
            "eps_4q": -1.03,
            "eps_4q_growth_year": null,
            "roe": -4.36,
            "roe_4q": -5.12,
            "gross_profit": -400710,
            "gross_margin": -8.9,
            "gross_margin_4q_avg": 4.39,
            "net_income": -942189,
            "revenue": 4503893,
            "common_shares": 10177797,
            "book_valuer_per_share": 21.3,
            "book_valuer_per_share_4q_avg": 22.53,
            "equity": 22276301,
            "current_ratio": 207.52,
            "debt_ratio": 44.44,
            "inventory_turnover_ratio": 0.89,
            "account_receivable_turnover_ratio": 1.1,
            "reinvestment_rate": null,
            "research_to_sale_ratio": 2.16,
            "price_fair": 5.45,
            "eps_avg_yearly": 1.82,
            "eps_latest_yearly": 0.52,
            "eps_growth_yearly": -18.29
        },
        "20163": {
            "year_quarter": 20163,
            "year": 2016,
            "quarter": 3,
            "eps": -1.82,
            "eps_growth_year": null,
            "eps_4q": -2.5,
            "eps_4q_growth_year": null,
            "roe": -8.81,
            "roe_4q": -12.110000000000003,
            "gross_profit": -1273455,
            "gross_margin": -42.75,
            "gross_margin_4q_avg": -7.55,
            "net_income": -1873802,
            "revenue": 2979103,
            "common_shares": 10176530,
            "book_valuer_per_share": 19.36,
            "book_valuer_per_share_4q_avg": 21.64,
            "equity": 20264671,
            "current_ratio": 148.72,
            "debt_ratio": 46.24,
            "inventory_turnover_ratio": 0.79,
            "account_receivable_turnover_ratio": 0.96,
            "reinvestment_rate": null,
            "research_to_sale_ratio": 2.92,
            "price_fair": 5.45,
            "eps_avg_yearly": 1.82,
            "eps_latest_yearly": 0.52,
            "eps_growth_yearly": -18.29
        },
        "20164": {
            "year_quarter": 20164,
            "year": 2016,
            "quarter": 4,
            "eps": -3.57,
            "eps_growth_year": -2299.73,
            "eps_4q": -6.2,
            "eps_4q_growth_year": null,
            "roe": -20.04,
            "roe_4q": -32.68,
            "gross_profit": -989657,
            "gross_margin": -31.42,
            "gross_margin_4q_avg": -17.59,
            "net_income": -3701397,
            "revenue": 3150221,
            "common_shares": 10176152,
            "book_valuer_per_share": 15.78,
            "book_valuer_per_share_4q_avg": 19.83,
            "equity": 16679582,
            "current_ratio": 137.52,
            "debt_ratio": 54.74,
            "inventory_turnover_ratio": 0.85,
            "account_receivable_turnover_ratio": 1.15,
            "reinvestment_rate": null,
            "research_to_sale_ratio": 2.72,
            "price_fair": 5.45,
            "eps_avg_yearly": 1.82,
            "eps_latest_yearly": 0.52,
            "eps_growth_yearly": -18.29
        },
        "20171": {
            "year_quarter": 20171,
            "year": 2017,
            "quarter": 1,
            "eps": -1.26,
            "eps_growth_year": -1069.23,
            "eps_4q": -7.57,
            "eps_4q_growth_year": null,
            "roe": -8.31,
            "roe_4q": -41.52,
            "gross_profit": -679130,
            "gross_margin": -31.42,
            "gross_margin_4q_avg": -28.62,
            "net_income": -1317447,
            "revenue": 2161560,
            "common_shares": 10175315,
            "book_valuer_per_share": 14.24,
            "book_valuer_per_share_4q_avg": 17.67,
            "equity": 15035668,
            "current_ratio": 119.35,
            "debt_ratio": 57.57,
            "inventory_turnover_ratio": 0.59,
            "account_receivable_turnover_ratio": 0.88,
            "reinvestment_rate": null,
            "research_to_sale_ratio": 3.35,
            "price_fair": 5.45,
            "eps_avg_yearly": 1.82,
            "eps_latest_yearly": 0.52,
            "eps_growth_yearly": -18.29
        },
        "20172": {
            "year_quarter": 20172,
            "year": 2017,
            "quarter": 2,
            "eps": -0.57,
            "eps_growth_year": null,
            "eps_4q": -7.22,
            "eps_4q_growth_year": null,
            "roe": -3.5,
            "roe_4q": -40.660000000000004,
            "gross_profit": -213722,
            "gross_margin": -9.63,
            "gross_margin_4q_avg": -28.81,
            "net_income": -518745,
            "revenue": 2219460,
            "common_shares": 10175097,
            "book_valuer_per_share": 13.71,
            "book_valuer_per_share_4q_avg": 15.77,
            "equity": 14579013,
            "current_ratio": 119.56,
            "debt_ratio": 58.83,
            "inventory_turnover_ratio": 0.6,
            "account_receivable_turnover_ratio": 1.16,
            "reinvestment_rate": null,
            "research_to_sale_ratio": 3.36,
            "price_fair": 5.45,
            "eps_avg_yearly": 1.82,
            "eps_latest_yearly": 0.52,
            "eps_growth_yearly": -18.29
        },
        "20173": {
            "year_quarter": 20173,
            "year": 2017,
            "quarter": 3,
            "eps": -1.67,
            "eps_growth_year": null,
            "eps_4q": -7.06,
            "eps_4q_growth_year": null,
            "roe": -12.51,
            "roe_4q": -44.36,
            "gross_profit": -896142,
            "gross_margin": -36.32,
            "gross_margin_4q_avg": -27.2,
            "net_income": -1714982,
            "revenue": 2467665,
            "common_shares": 10193505,
            "book_valuer_per_share": 12.04,
            "book_valuer_per_share_4q_avg": 13.94,
            "equity": 12836965,
            "current_ratio": 107.25,
            "debt_ratio": 63.43,
            "inventory_turnover_ratio": 0.91,
            "account_receivable_turnover_ratio": 1.54,
            "reinvestment_rate": null,
            "research_to_sale_ratio": 2.72,
            "price_fair": 4.59,
            "eps_avg_yearly": 1.53,
            "eps_latest_yearly": 0.52,
            "eps_growth_yearly": -38.48
        },
        "20174": {
            "year_quarter": 20174,
            "year": 2017,
            "quarter": 4,
            "eps": -0.58,
            "eps_growth_year": null,
            "eps_4q": -4.08,
            "eps_4q_growth_year": null,
            "roe": -5.04,
            "roe_4q": -29.36,
            "gross_profit": -194401,
            "gross_margin": -5.72,
            "gross_margin_4q_avg": -20.77,
            "net_income": -608815,
            "revenue": 3399202,
            "common_shares": 10192564,
            "book_valuer_per_share": 10.87,
            "book_valuer_per_share_4q_avg": 12.72,
            "equity": 11337810,
            "current_ratio": 75.38,
            "debt_ratio": 66.89,
            "inventory_turnover_ratio": 1.02,
            "account_receivable_turnover_ratio": 2.15,
            "reinvestment_rate": null,
            "research_to_sale_ratio": 1.54,
            "price_fair": 33.06,
            "eps_avg_yearly": 1.52,
            "eps_latest_yearly": 0.52,
            "eps_growth_yearly": 11.75
        },
        "20181": {
            "year_quarter": 20181,
            "year": 2018,
            "quarter": 1,
            "eps": -0.63,
            "eps_growth_year": null,
            "eps_4q": -3.44,
            "eps_4q_growth_year": null,
            "roe": -5.73,
            "roe_4q": -26.78,
            "gross_profit": -180251,
            "gross_margin": -7.17,
            "gross_margin_4q_avg": -14.71,
            "net_income": -643174,
            "revenue": 2514378,
            "common_shares": 10192564,
            "book_valuer_per_share": 10.39,
            "book_valuer_per_share_4q_avg": 11.75,
            "equity": 11101364,
            "current_ratio": 74.34,
            "debt_ratio": 67.05,
            "inventory_turnover_ratio": 0.92,
            "account_receivable_turnover_ratio": 1.51,
            "reinvestment_rate": null,
            "research_to_sale_ratio": 2.4,
            "price_fair": 3.72,
            "eps_avg_yearly": 1.24,
            "eps_latest_yearly": 0.52,
            "eps_growth_yearly": -49.04
        },
        "20182": {
            "year_quarter": 20182,
            "year": 2018,
            "quarter": 2,
            "eps": -0.39,
            "eps_growth_year": null,
            "eps_4q": -3.27,
            "eps_4q_growth_year": null,
            "roe": -3.56,
            "roe_4q": -26.840000000000003,
            "gross_profit": -289799,
            "gross_margin": -10.18,
            "gross_margin_4q_avg": -14.85,
            "net_income": -390309,
            "revenue": 2845978,
            "common_shares": 10191384,
            "book_valuer_per_share": 10.07,
            "book_valuer_per_share_4q_avg": 10.84,
            "equity": 10804152,
            "current_ratio": 84.48,
            "debt_ratio": 68.03,
            "inventory_turnover_ratio": 1.03,
            "account_receivable_turnover_ratio": 1.69,
            "reinvestment_rate": null,
            "research_to_sale_ratio": 1.77,
            "price_fair": 1.56,
            "eps_avg_yearly": 0.52,
            "eps_latest_yearly": 0.52,
            "eps_growth_yearly": -75
        },
        "20183": {
            "year_quarter": 20183,
            "year": 2018,
            "quarter": 3,
            "eps": -0.84,
            "eps_growth_year": null,
            "eps_4q": -2.44,
            "eps_4q_growth_year": null,
            "roe": -8.26,
            "roe_4q": -22.59,
            "gross_profit": -43293,
            "gross_margin": -1.58,
            "gross_margin_4q_avg": -6.16,
            "net_income": -855534,
            "revenue": 2736619,
            "common_shares": 10191384,
            "book_valuer_per_share": 9.2,
            "book_valuer_per_share_4q_avg": 10.13,
            "equity": 9917662,
            "current_ratio": 83.18,
            "debt_ratio": 70.09,
            "inventory_turnover_ratio": 1.02,
            "account_receivable_turnover_ratio": 1.43,
            "reinvestment_rate": null,
            "research_to_sale_ratio": 1.92,
            "price_fair": 1.56,
            "eps_avg_yearly": 0.52,
            "eps_latest_yearly": 0.52,
            "eps_growth_yearly": -75
        },
        "20184": {
            "year_quarter": 20184,
            "year": 2018,
            "quarter": 4,
            "eps": 0.57,
            "eps_growth_year": null,
            "eps_4q": -0.19,
            "eps_4q_growth_year": null,
            "roe": 7.98,
            "roe_4q": -9.57,
            "gross_profit": -225218,
            "gross_margin": -4.61,
            "gross_margin_4q_avg": -5.89,
            "net_income": 1425408,
            "revenue": 4886945,
            "common_shares": 25157599,
            "book_valuer_per_share": 9.91,
            "book_valuer_per_share_4q_avg": 9.89,
            "equity": 25805011,
            "current_ratio": 106.35,
            "debt_ratio": 55.73,
            "inventory_turnover_ratio": 1.82,
            "account_receivable_turnover_ratio": 1.8,
            "reinvestment_rate": null,
            "research_to_sale_ratio": 1,
            "price_fair": 1.56,
            "eps_avg_yearly": 0.52,
            "eps_latest_yearly": 0.52,
            "eps_growth_yearly": -75
        },
        "20191": {
            "year_quarter": 20191,
            "year": 2019,
            "quarter": 1,
            "eps": -0.26,
            "eps_growth_year": null,
            "eps_4q": -0.19,
            "eps_4q_growth_year": null,
            "roe": -2.71,
            "roe_4q": -6.549999999999999,
            "gross_profit": -93474,
            "gross_margin": -2.17,
            "gross_margin_4q_avg": -4.64,
            "net_income": -689689,
            "revenue": 4301094,
            "common_shares": 25153495,
            "book_valuer_per_share": 9.64,
            "book_valuer_per_share_4q_avg": 9.71,
            "equity": 25061651,
            "current_ratio": 114.36,
            "debt_ratio": 56.44,
            "inventory_turnover_ratio": 1.07,
            "account_receivable_turnover_ratio": 1.31,
            "reinvestment_rate": null,
            "research_to_sale_ratio": 0.89,
            "price_fair": 1.56,
            "eps_avg_yearly": 0.52,
            "eps_latest_yearly": 0.52,
            "eps_growth_yearly": -75
        },
        "20192": {
            "year_quarter": 20192,
            "year": 2019,
            "quarter": 2,
            "eps": -0.36,
            "eps_growth_year": null,
            "eps_4q": -0.4,
            "eps_4q_growth_year": null,
            "roe": -3.71,
            "roe_4q": -6.699999999999999,
            "gross_profit": 29925,
            "gross_margin": 0.52,
            "gross_margin_4q_avg": -1.96,
            "net_income": -920677,
            "revenue": 5706525,
            "common_shares": 25142791,
            "book_valuer_per_share": 9.43,
            "book_valuer_per_share_4q_avg": 9.55,
            "equity": 24527859,
            "current_ratio": 120.06,
            "debt_ratio": 55.7,
            "inventory_turnover_ratio": 1.27,
            "account_receivable_turnover_ratio": 1.77,
            "reinvestment_rate": null,
            "research_to_sale_ratio": 0.94,
            "price_fair": 1.56,
            "eps_avg_yearly": 0.52,
            "eps_latest_yearly": 0.52,
            "eps_growth_yearly": -75
        },
        "20193": {
            "year_quarter": 20193,
            "year": 2019,
            "quarter": 3,
            "eps": -0.45,
            "eps_growth_year": null,
            "eps_4q": -0.51,
            "eps_4q_growth_year": null,
            "roe": -4.72,
            "roe_4q": -3.16,
            "gross_profit": -420132,
            "gross_margin": -9.88,
            "gross_margin_4q_avg": -4.04,
            "net_income": -1129616,
            "revenue": 4251012,
            "common_shares": 25133724,
            "book_valuer_per_share": 8.94,
            "book_valuer_per_share_4q_avg": 9.48,
            "equity": 23290463,
            "current_ratio": 123.22,
            "debt_ratio": 56.79,
            "inventory_turnover_ratio": 0.93,
            "account_receivable_turnover_ratio": 1.26,
            "reinvestment_rate": null,
            "research_to_sale_ratio": 1.32,
            "price_fair": 1.56,
            "eps_avg_yearly": 0.52,
            "eps_latest_yearly": 0.52,
            "eps_growth_yearly": -75
        },
        "20194": {
            "year_quarter": 20194,
            "year": 2019,
            "quarter": 4,
            "eps": -1.12,
            "eps_growth_year": -296.27,
            "eps_4q": -2.13,
            "eps_4q_growth_year": null,
            "roe": -13.53,
            "roe_4q": -24.67,
            "gross_profit": -498850,
            "gross_margin": -12.86,
            "gross_margin_4q_avg": -6.1,
            "net_income": -3029207,
            "revenue": 3880481,
            "common_shares": 26653375,
            "book_valuer_per_share": 7.78,
            "book_valuer_per_share_4q_avg": 8.95,
            "equity": 21484235,
            "current_ratio": 139.82,
            "debt_ratio": 54.51,
            "inventory_turnover_ratio": 0.81,
            "account_receivable_turnover_ratio": 1.27,
            "reinvestment_rate": null,
            "research_to_sale_ratio": 1.82,
            "price_fair": 1.56,
            "eps_avg_yearly": 0.52,
            "eps_latest_yearly": 0.52,
            "eps_growth_yearly": -75
        },
        "20201": {
            "year_quarter": 20201,
            "year": 2020,
            "quarter": 1,
            "eps": -0.26,
            "eps_growth_year": null,
            "eps_4q": -2.15,
            "eps_4q_growth_year": null,
            "roe": -3.45,
            "roe_4q": -25.41,
            "gross_profit": -280844,
            "gross_margin": -9.4,
            "gross_margin_4q_avg": -7.91,
            "net_income": -713388,
            "revenue": 2986853,
            "common_shares": 26651126,
            "book_valuer_per_share": 7.16,
            "book_valuer_per_share_4q_avg": 8.33,
            "equity": 19818328,
            "current_ratio": 132.26,
            "debt_ratio": 54.47,
            "inventory_turnover_ratio": 0.68,
            "account_receivable_turnover_ratio": 1.18,
            "reinvestment_rate": null,
            "research_to_sale_ratio": 1.52,
            "price_fair": 0,
            "eps_avg_yearly": 0,
            "eps_latest_yearly": 0,
            "eps_growth_yearly": 0
        },
        "20202": {
            "year_quarter": 20202,
            "year": 2020,
            "quarter": 2,
            "eps": -0.24,
            "eps_growth_year": null,
            "eps_4q": -2.05,
            "eps_4q_growth_year": null,
            "roe": -3.27,
            "roe_4q": -24.97,
            "gross_profit": -157676,
            "gross_margin": -4.79,
            "gross_margin_4q_avg": -9.23,
            "net_income": -643421,
            "revenue": 3292993,
            "common_shares": 26647779,
            "book_valuer_per_share": 7.07,
            "book_valuer_per_share_4q_avg": 7.74,
            "equity": 19561817,
            "current_ratio": 122.68,
            "debt_ratio": 53.43,
            "inventory_turnover_ratio": 0.79,
            "account_receivable_turnover_ratio": 1.29,
            "reinvestment_rate": null,
            "research_to_sale_ratio": 1.57,
            "price_fair": 0,
            "eps_avg_yearly": 0,
            "eps_latest_yearly": 0,
            "eps_growth_yearly": 0
        },
        "20203": {
            "year_quarter": 20203,
            "year": 2020,
            "quarter": 3,
            "eps": 0.05,
            "eps_growth_year": null,
            "eps_4q": -1.57,
            "eps_4q_growth_year": null,
            "roe": 0.75,
            "roe_4q": -19.5,
            "gross_profit": 245526,
            "gross_margin": 6.99,
            "gross_margin_4q_avg": -5.02,
            "net_income": 146711,
            "revenue": 3514863,
            "common_shares": 26653113,
            "book_valuer_per_share": 7.12,
            "book_valuer_per_share_4q_avg": 7.28,
            "equity": 19764942,
            "current_ratio": 144.18,
            "debt_ratio": 49.74,
            "inventory_turnover_ratio": 0.84,
            "account_receivable_turnover_ratio": 1.26,
            "reinvestment_rate": null,
            "research_to_sale_ratio": 1.06,
            "price_fair": 0,
            "eps_avg_yearly": 0,
            "eps_latest_yearly": 0,
            "eps_growth_yearly": 0
        },
        "20204": {
            "year_quarter": 20204,
            "year": 2020,
            "quarter": 4,
            "eps": -1.86,
            "eps_growth_year": null,
            "eps_4q": -2.31,
            "eps_4q_growth_year": null,
            "roe": -28.47,
            "roe_4q": -34.44,
            "gross_profit": -739686,
            "gross_margin": -27.23,
            "gross_margin_4q_avg": -8.61,
            "net_income": -4952209,
            "revenue": 2716325,
            "common_shares": 26650863,
            "book_valuer_per_share": 5.35,
            "book_valuer_per_share_4q_avg": 6.68,
            "equity": 15024114,
            "current_ratio": 125.41,
            "debt_ratio": 53.72,
            "inventory_turnover_ratio": 0.96,
            "account_receivable_turnover_ratio": 1.04,
            "reinvestment_rate": null,
            "research_to_sale_ratio": 1.56,
            "price_fair": 0,
            "eps_avg_yearly": 0,
            "eps_latest_yearly": 0,
            "eps_growth_yearly": 0
        },
        "20211": {
            "year_quarter": 20211,
            "year": 2021,
            "quarter": 1,
            "eps": -0.2,
            "eps_growth_year": null,
            "eps_4q": -2.24,
            "eps_4q_growth_year": null,
            "roe": -3.76,
            "roe_4q": -34.75,
            "gross_profit": -47029,
            "gross_margin": -1.56,
            "gross_margin_4q_avg": -6.65,
            "net_income": -554210,
            "revenue": 3004968,
            "common_shares": 26650178,
            "book_valuer_per_share": 5.13,
            "book_valuer_per_share_4q_avg": 6.17,
            "equity": 14428434,
            "current_ratio": 128.55,
            "debt_ratio": 54.35,
            "inventory_turnover_ratio": 0.9,
            "account_receivable_turnover_ratio": 1.24,
            "reinvestment_rate": null,
            "research_to_sale_ratio": 0.93,
            "price_fair": 0,
            "eps_avg_yearly": 0,
            "eps_latest_yearly": 0,
            "eps_growth_yearly": 0
        },
        "20212": {
            "year_quarter": 20212,
            "year": 2021,
            "quarter": 2,
            "eps": -0.15,
            "eps_growth_year": null,
            "eps_4q": -3.69,
            "eps_4q_growth_year": null,
            "roe": -1.6,
            "roe_4q": -33.08,
            "gross_profit": 269723,
            "gross_margin": 7.35,
            "gross_margin_4q_avg": -3.61,
            "net_income": -229856,
            "revenue": 3669683,
            "common_shares": 15079003,
            "book_valuer_per_share": 8.96,
            "book_valuer_per_share_4q_avg": 6.64,
            "equity": 14240938,
            "current_ratio": 128.24,
            "debt_ratio": 55.24,
            "inventory_turnover_ratio": 1.07,
            "account_receivable_turnover_ratio": 1.45,
            "reinvestment_rate": null,
            "research_to_sale_ratio": 0.62,
            "price_fair": 0,
            "eps_avg_yearly": 0,
            "eps_latest_yearly": 0,
            "eps_growth_yearly": 0
        },
        "20213": {
            "year_quarter": 20213,
            "year": 2021,
            "quarter": 3,
            "eps": -0.06,
            "eps_growth_year": -220,
            "eps_4q": -3.84,
            "eps_4q_growth_year": null,
            "roe": -0.69,
            "roe_4q": -34.519999999999996,
            "gross_profit": 214724,
            "gross_margin": 6.13,
            "gross_margin_4q_avg": -3.83,
            "net_income": -98620,
            "revenue": 3503823,
            "common_shares": 15079003,
            "book_valuer_per_share": 8.93,
            "book_valuer_per_share_4q_avg": 7.09,
            "equity": 14176597,
            "current_ratio": 122.67,
            "debt_ratio": 54.37,
            "inventory_turnover_ratio": 1.06,
            "account_receivable_turnover_ratio": 1.4,
            "reinvestment_rate": null,
            "research_to_sale_ratio": 0.68,
            "price_fair": 0,
            "eps_avg_yearly": 0,
            "eps_latest_yearly": 0,
            "eps_growth_yearly": 0
        },
        "20214": {
            "year_quarter": 20214,
            "year": 2021,
            "quarter": 4,
            "eps": -0.27,
            "eps_growth_year": null,
            "eps_4q": -0.79,
            "eps_4q_growth_year": null,
            "roe": -3.06,
            "roe_4q": -9.11,
            "gross_profit": 291401,
            "gross_margin": 7.07,
            "gross_margin_4q_avg": 4.75,
            "net_income": -458901,
            "revenue": 4123934,
            "common_shares": 16278140,
            "book_valuer_per_share": 9.3,
            "book_valuer_per_share_4q_avg": 8.08,
            "equity": 15832380,
            "current_ratio": 192.89,
            "debt_ratio": 49.28,
            "inventory_turnover_ratio": 1.32,
            "account_receivable_turnover_ratio": 1.8,
            "reinvestment_rate": null,
            "research_to_sale_ratio": 0.65,
            "price_fair": 0,
            "eps_avg_yearly": 0,
            "eps_latest_yearly": 0,
            "eps_growth_yearly": 0
        },
        "20221": {
            "year_quarter": 20221,
            "year": 2022,
            "quarter": 1,
            "eps": 0.37,
            "eps_growth_year": null,
            "eps_4q": -0.1,
            "eps_4q_growth_year": null,
            "roe": 3.59,
            "roe_4q": -1.7600000000000002,
            "gross_profit": 752450,
            "gross_margin": 16.07,
            "gross_margin_4q_avg": 9.16,
            "net_income": 582426,
            "revenue": 4682273,
            "common_shares": 16278140,
            "book_valuer_per_share": 9.77,
            "book_valuer_per_share_4q_avg": 9.24,
            "equity": 16586929,
            "current_ratio": 195.11,
            "debt_ratio": 46.47,
            "inventory_turnover_ratio": 1.4,
            "account_receivable_turnover_ratio": 2.19,
            "reinvestment_rate": null,
            "research_to_sale_ratio": 0.39,
            "price_fair": 0,
            "eps_avg_yearly": 0,
            "eps_latest_yearly": 0,
            "eps_growth_yearly": 0
        },
        "20222": {
            "year_quarter": 20222,
            "year": 2022,
            "quarter": 2,
            "eps": 0.11,
            "eps_growth_year": null,
            "eps_4q": 0.15,
            "eps_4q_growth_year": null,
            "roe": 0.98,
            "roe_4q": 0.8200000000000003,
            "gross_profit": 405579,
            "gross_margin": 10.39,
            "gross_margin_4q_avg": 9.92,
            "net_income": 164166,
            "revenue": 3902620,
            "common_shares": 16278140,
            "book_valuer_per_share": 9.86,
            "book_valuer_per_share_4q_avg": 9.47,
            "equity": 16758920,
            "current_ratio": 194.42,
            "debt_ratio": 45.29,
            "inventory_turnover_ratio": 1.15,
            "account_receivable_turnover_ratio": 1.67,
            "reinvestment_rate": null,
            "research_to_sale_ratio": 0.43,
            "price_fair": 1.32,
            "eps_avg_yearly": 0.44,
            "eps_latest_yearly": 0.44,
            "eps_growth_yearly": -281.08
        },
        "20223": {
            "year_quarter": 20223,
            "year": 2022,
            "quarter": 3,
            "eps": 0.12,
            "eps_growth_year": null,
            "eps_4q": 0.32,
            "eps_4q_growth_year": null,
            "roe": 1.11,
            "roe_4q": 2.6199999999999997,
            "gross_profit": 472683,
            "gross_margin": 9.96,
            "gross_margin_4q_avg": 10.87,
            "net_income": 187589,
            "revenue": 4746401,
            "common_shares": 16277905,
            "book_valuer_per_share": 10.05,
            "book_valuer_per_share_4q_avg": 9.75,
            "equity": 17108660,
            "current_ratio": 183.3,
            "debt_ratio": 47.19,
            "inventory_turnover_ratio": 1.25,
            "account_receivable_turnover_ratio": 1.78,
            "reinvestment_rate": null,
            "research_to_sale_ratio": 0.34,
            "price_fair": 1.38,
            "eps_avg_yearly": 0.46,
            "eps_latest_yearly": 0.48,
            "eps_growth_yearly": -122.36
        },
        "20224": {
            "year_quarter": 20224,
            "year": 2022,
            "quarter": 4,
            "eps": 0.02,
            "eps_growth_year": null,
            "eps_4q": 0.61,
            "eps_4q_growth_year": null,
            "roe": 0.03,
            "roe_4q": 5.71,
            "gross_profit": 511485,
            "gross_margin": 9.34,
            "gross_margin_4q_avg": 11.44,
            "net_income": 4566,
            "revenue": 5476757,
            "common_shares": 16277905,
            "book_valuer_per_share": 10.12,
            "book_valuer_per_share_4q_avg": 9.95,
            "equity": 17096419,
            "current_ratio": 190.09,
            "debt_ratio": 50.05,
            "inventory_turnover_ratio": 1.22,
            "account_receivable_turnover_ratio": 2.04,
            "reinvestment_rate": null,
            "research_to_sale_ratio": 0.35,
            "price_fair": 1,
            "eps_avg_yearly": 0.33,
            "eps_latest_yearly": 0.08,
            "eps_growth_yearly": -192.68
        },
        "20231": {
            "year_quarter": 20231,
            "year": 2023,
            "quarter": 1,
            "eps": 0.03,
            "eps_growth_year": -91.89,
            "eps_4q": 0.27,
            "eps_4q_growth_year": null,
            "roe": 0.18,
            "roe_4q": 2.3,
            "gross_profit": 354036,
            "gross_margin": 7.57,
            "gross_margin_4q_avg": 9.32,
            "net_income": 31234,
            "revenue": 4677480,
            "common_shares": 16277954,
            "book_valuer_per_share": 10.16,
            "book_valuer_per_share_4q_avg": 10.05,
            "equity": 17143225,
            "current_ratio": 200.53,
            "debt_ratio": 48.07,
            "inventory_turnover_ratio": 1.04,
            "account_receivable_turnover_ratio": 2.06,
            "reinvestment_rate": null,
            "research_to_sale_ratio": 0.37,
            "price_fair": 0.84,
            "eps_avg_yearly": 0.28,
            "eps_latest_yearly": 0.12,
            "eps_growth_yearly": -94.51
        }
    },
    "months": {
        "2007-10": {
            "month": "2007-10",
            "price": "161.54",
            "revenue": 437940
        },
        "2007-11": {
            "month": "2007-11",
            "price": "149.26",
            "revenue": 451429
        },
        "2007-12": {
            "month": "2007-12",
            "price": "128.70",
            "revenue": 463679
        },
        "2008-01": {
            "month": "2008-01",
            "price": "130.32",
            "revenue": 560018
        },
        "2008-02": {
            "month": "2008-02",
            "price": "101.31",
            "revenue": 663064
        },
        "2008-03": {
            "month": "2008-03",
            "price": "100.11",
            "revenue": 722012
        },
        "2008-04": {
            "month": "2008-04",
            "price": "106.94",
            "revenue": 748591
        },
        "2008-05": {
            "month": "2008-05",
            "price": "120.42",
            "revenue": 778296
        },
        "2008-06": {
            "month": "2008-06",
            "price": "105.83",
            "revenue": 962793
        },
        "2008-07": {
            "month": "2008-07",
            "price": "105.80",
            "revenue": 993886
        },
        "2008-08": {
            "month": "2008-08",
            "price": "111.49",
            "revenue": 1063177
        },
        "2008-09": {
            "month": "2008-09",
            "price": "83.38",
            "revenue": 1214290
        },
        "2008-10": {
            "month": "2008-10",
            "price": "60.62",
            "revenue": 1169870
        },
        "2008-11": {
            "month": "2008-11",
            "price": "36.68",
            "revenue": 620505
        },
        "2008-12": {
            "month": "2008-12",
            "price": "27.37",
            "revenue": 679512
        },
        "2009-01": {
            "month": "2009-01",
            "price": "35.94",
            "revenue": 565621
        },
        "2009-02": {
            "month": "2009-02",
            "price": "36.33",
            "revenue": 596496
        },
        "2009-03": {
            "month": "2009-03",
            "price": "38.89",
            "revenue": 570218
        },
        "2009-04": {
            "month": "2009-04",
            "price": "41.38",
            "revenue": 602288
        },
        "2009-05": {
            "month": "2009-05",
            "price": "36.81",
            "revenue": 589041
        },
        "2009-06": {
            "month": "2009-06",
            "price": "36.80",
            "revenue": 893985
        },
        "2009-07": {
            "month": "2009-07",
            "price": "39.52",
            "revenue": 1028028
        },
        "2009-08": {
            "month": "2009-08",
            "price": "40.24",
            "revenue": 1099888
        },
        "2009-09": {
            "month": "2009-09",
            "price": "39.15",
            "revenue": 1008633
        },
        "2009-10": {
            "month": "2009-10",
            "price": "40.55",
            "revenue": 1162290
        },
        "2009-11": {
            "month": "2009-11",
            "price": "50.03",
            "revenue": 1146762
        },
        "2009-12": {
            "month": "2009-12",
            "price": "77.93",
            "revenue": 1037855
        },
        "2010-01": {
            "month": "2010-01",
            "price": "68.66",
            "revenue": 975562
        },
        "2010-02": {
            "month": "2010-02",
            "price": "62.29",
            "revenue": 902740
        },
        "2010-03": {
            "month": "2010-03",
            "price": "70.39",
            "revenue": 1131764
        },
        "2010-04": {
            "month": "2010-04",
            "price": "76.69",
            "revenue": 1350660
        },
        "2010-05": {
            "month": "2010-05",
            "price": "61.50",
            "revenue": 1489312
        },
        "2010-06": {
            "month": "2010-06",
            "price": "60.65",
            "revenue": 1635224
        },
        "2010-07": {
            "month": "2010-07",
            "price": "74.45",
            "revenue": 1764761
        },
        "2010-08": {
            "month": "2010-08",
            "price": "82.47",
            "revenue": 2004920
        },
        "2010-09": {
            "month": "2010-09",
            "price": "78.23",
            "revenue": 2113709
        },
        "2010-10": {
            "month": "2010-10",
            "price": "71.04",
            "revenue": 2191584
        },
        "2010-11": {
            "month": "2010-11",
            "price": "72.64",
            "revenue": 2278794
        },
        "2010-12": {
            "month": "2010-12",
            "price": "72.69",
            "revenue": 2307164
        },
        "2011-01": {
            "month": "2011-01",
            "price": "73.70",
            "revenue": 2439522
        },
        "2011-02": {
            "month": "2011-02",
            "price": "78.79",
            "revenue": 2447216
        },
        "2011-03": {
            "month": "2011-03",
            "price": "77.88",
            "revenue": 2371390
        },
        "2011-04": {
            "month": "2011-04",
            "price": "66.24",
            "revenue": 1601709
        },
        "2011-05": {
            "month": "2011-05",
            "price": "56.57",
            "revenue": 1748542
        },
        "2011-06": {
            "month": "2011-06",
            "price": "53.17",
            "revenue": 1772074
        },
        "2011-07": {
            "month": "2011-07",
            "price": "44.86",
            "revenue": 1652921
        },
        "2011-08": {
            "month": "2011-08",
            "price": "32.01",
            "revenue": 1768113
        },
        "2011-09": {
            "month": "2011-09",
            "price": "27.60",
            "revenue": 1749095
        },
        "2011-10": {
            "month": "2011-10",
            "price": "28.54",
            "revenue": 1178214
        },
        "2011-11": {
            "month": "2011-11",
            "price": "19.65",
            "revenue": 1184990
        },
        "2011-12": {
            "month": "2011-12",
            "price": "18.35",
            "revenue": 663053
        },
        "2012-01": {
            "month": "2012-01",
            "price": "20.20",
            "revenue": 850269
        },
        "2012-02": {
            "month": "2012-02",
            "price": "30.50",
            "revenue": 1017953
        },
        "2012-03": {
            "month": "2012-03",
            "price": "26.66",
            "revenue": 1231483
        },
        "2012-04": {
            "month": "2012-04",
            "price": "22.98",
            "revenue": 1236893
        },
        "2012-05": {
            "month": "2012-05",
            "price": "21.91",
            "revenue": 1338161
        },
        "2012-06": {
            "month": "2012-06",
            "price": "21.56",
            "revenue": 1388666
        },
        "2012-07": {
            "month": "2012-07",
            "price": "20.88",
            "revenue": 1015772
        },
        "2012-08": {
            "month": "2012-08",
            "price": "16.57",
            "revenue": 1072393
        },
        "2012-09": {
            "month": "2012-09",
            "price": "18.86",
            "revenue": 764496
        },
        "2012-10": {
            "month": "2012-10",
            "price": "16.83",
            "revenue": 777355
        },
        "2012-11": {
            "month": "2012-11",
            "price": "15.72",
            "revenue": 790313
        },
        "2012-12": {
            "month": "2012-12",
            "price": "17.49",
            "revenue": 787982
        },
        "2013-01": {
            "month": "2013-01",
            "price": "22.28",
            "revenue": 820419
        },
        "2013-02": {
            "month": "2013-02",
            "price": "22.35",
            "revenue": 839361
        },
        "2013-03": {
            "month": "2013-03",
            "price": "23.06",
            "revenue": 932008
        },
        "2013-04": {
            "month": "2013-04",
            "price": "20.24",
            "revenue": 1022812
        },
        "2013-05": {
            "month": "2013-05",
            "price": "24.08",
            "revenue": 1114045
        },
        "2013-06": {
            "month": "2013-06",
            "price": "23.06",
            "revenue": 1939198
        },
        "2013-07": {
            "month": "2013-07",
            "price": "22.75",
            "revenue": 2009316
        },
        "2013-08": {
            "month": "2013-08",
            "price": "22.54",
            "revenue": 2105810
        },
        "2013-09": {
            "month": "2013-09",
            "price": "26.43",
            "revenue": 2270341
        },
        "2013-10": {
            "month": "2013-10",
            "price": "30.25",
            "revenue": 2300006
        },
        "2013-11": {
            "month": "2013-11",
            "price": "36.51",
            "revenue": 2332716
        },
        "2013-12": {
            "month": "2013-12",
            "price": "37.55",
            "revenue": 2405540
        },
        "2014-01": {
            "month": "2014-01",
            "price": "40.91",
            "revenue": 2423782
        },
        "2014-02": {
            "month": "2014-02",
            "price": "36.73",
            "revenue": 2334811
        },
        "2014-03": {
            "month": "2014-03",
            "price": "37.92",
            "revenue": 2518488
        },
        "2014-04": {
            "month": "2014-04",
            "price": "36.50",
            "revenue": 2555204
        },
        "2014-05": {
            "month": "2014-05",
            "price": "36.78",
            "revenue": 2623550
        },
        "2014-06": {
            "month": "2014-06",
            "price": "37.60",
            "revenue": 2208397
        },
        "2014-07": {
            "month": "2014-07",
            "price": "35.22",
            "revenue": 2052062
        },
        "2014-08": {
            "month": "2014-08",
            "price": "27.94",
            "revenue": 1870801
        },
        "2014-09": {
            "month": "2014-09",
            "price": "30.88",
            "revenue": 1963519
        },
        "2014-10": {
            "month": "2014-10",
            "price": "30.21",
            "revenue": 2057034
        },
        "2014-11": {
            "month": "2014-11",
            "price": "27.64",
            "revenue": 2095956
        },
        "2014-12": {
            "month": "2014-12",
            "price": "28.43",
            "revenue": 2877090
        },
        "2015-01": {
            "month": "2015-01",
            "price": "27.62",
            "revenue": 1507570
        },
        "2015-02": {
            "month": "2015-02",
            "price": "26.93",
            "revenue": 1466746
        },
        "2015-03": {
            "month": "2015-03",
            "price": "27.26",
            "revenue": 1656042
        },
        "2015-04": {
            "month": "2015-04",
            "price": "28.33",
            "revenue": 1557037
        },
        "2015-05": {
            "month": "2015-05",
            "price": "23.95",
            "revenue": 1623642
        },
        "2015-06": {
            "month": "2015-06",
            "price": "23.22",
            "revenue": 1806792
        },
        "2015-07": {
            "month": "2015-07",
            "price": "25.47",
            "revenue": 1713490
        },
        "2015-08": {
            "month": "2015-08",
            "price": "18.48",
            "revenue": 1979243
        },
        "2015-09": {
            "month": "2015-09",
            "price": "17.67",
            "revenue": 1893044
        },
        "2015-10": {
            "month": "2015-10",
            "price": "21.00",
            "revenue": 2409674
        },
        "2015-11": {
            "month": "2015-11",
            "price": "21.72",
            "revenue": 1961996
        },
        "2015-12": {
            "month": "2015-12",
            "price": "24.51",
            "revenue": 2639803
        },
        "2016-01": {
            "month": "2016-01",
            "price": "21.46",
            "revenue": 2092980
        },
        "2016-02": {
            "month": "2016-02",
            "price": "23.02",
            "revenue": 1735096
        },
        "2016-03": {
            "month": "2016-03",
            "price": "21.92",
            "revenue": 2077691
        },
        "2016-04": {
            "month": "2016-04",
            "price": "18.75",
            "revenue": 1546770
        },
        "2016-05": {
            "month": "2016-05",
            "price": "17.10",
            "revenue": 1700503
        },
        "2016-06": {
            "month": "2016-06",
            "price": "17.32",
            "revenue": 1256553
        },
        "2016-07": {
            "month": "2016-07",
            "price": "17.09",
            "revenue": 1308059
        },
        "2016-08": {
            "month": "2016-08",
            "price": "16.09",
            "revenue": 632496
        },
        "2016-09": {
            "month": "2016-09",
            "price": "16.12",
            "revenue": 1038385
        },
        "2016-10": {
            "month": "2016-10",
            "price": "16.46",
            "revenue": 1123179
        },
        "2016-11": {
            "month": "2016-11",
            "price": "15.04",
            "revenue": 898232
        },
        "2016-12": {
            "month": "2016-12",
            "price": "14.86",
            "revenue": 1166037
        },
        "2017-01": {
            "month": "2017-01",
            "price": "15.30",
            "revenue": 765944
        },
        "2017-02": {
            "month": "2017-02",
            "price": "15.79",
            "revenue": 735084
        },
        "2017-03": {
            "month": "2017-03",
            "price": "15.20",
            "revenue": 661464
        },
        "2017-04": {
            "month": "2017-04",
            "price": "14.21",
            "revenue": 484698
        },
        "2017-05": {
            "month": "2017-05",
            "price": "13.61",
            "revenue": 828975
        },
        "2017-06": {
            "month": "2017-06",
            "price": "14.30",
            "revenue": 905424
        },
        "2017-07": {
            "month": "2017-07",
            "price": "14.16",
            "revenue": 669555
        },
        "2017-08": {
            "month": "2017-08",
            "price": "13.43",
            "revenue": 748722
        },
        "2017-09": {
            "month": "2017-09",
            "price": "14.48",
            "revenue": 1048874
        },
        "2017-10": {
            "month": "2017-10",
            "price": "15.91",
            "revenue": 1272042
        },
        "2017-11": {
            "month": "2017-11",
            "price": "14.61",
            "revenue": 1110397
        },
        "2017-12": {
            "month": "2017-12",
            "price": "13.52",
            "revenue": 1058127
        },
        "2018-01": {
            "month": "2018-01",
            "price": "14.06",
            "revenue": 832342
        },
        "2018-02": {
            "month": "2018-02",
            "price": "13.23",
            "revenue": 609777
        },
        "2018-03": {
            "month": "2018-03",
            "price": "13.28",
            "revenue": 1072259
        },
        "2018-04": {
            "month": "2018-04",
            "price": "12.66",
            "revenue": 823150
        },
        "2018-05": {
            "month": "2018-05",
            "price": "11.88",
            "revenue": 966300
        },
        "2018-06": {
            "month": "2018-06",
            "price": "10.70",
            "revenue": 1056528
        },
        "2018-07": {
            "month": "2018-07",
            "price": "9.71",
            "revenue": 607089
        },
        "2018-08": {
            "month": "2018-08",
            "price": "9.42",
            "revenue": 1106927
        },
        "2018-09": {
            "month": "2018-09",
            "price": "9.88",
            "revenue": 1022603
        },
        "2018-10": {
            "month": "2018-10",
            "price": "8.18",
            "revenue": 1935277
        },
        "2018-11": {
            "month": "2018-11",
            "price": "8.05",
            "revenue": 1340552
        },
        "2018-12": {
            "month": "2018-12",
            "price": "8.03",
            "revenue": 1553707
        },
        "2019-01": {
            "month": "2019-01",
            "price": "8.22",
            "revenue": 1083718
        },
        "2019-02": {
            "month": "2019-02",
            "price": "8.28",
            "revenue": 1520403
        },
        "2019-03": {
            "month": "2019-03",
            "price": "9.28",
            "revenue": 1696947
        },
        "2019-04": {
            "month": "2019-04",
            "price": "10.63",
            "revenue": 2025311
        },
        "2019-05": {
            "month": "2019-05",
            "price": "10.21",
            "revenue": 2286277
        },
        "2019-06": {
            "month": "2019-06",
            "price": "9.84",
            "revenue": 1394960
        },
        "2019-07": {
            "month": "2019-07",
            "price": "9.11",
            "revenue": 1324787
        },
        "2019-08": {
            "month": "2019-08",
            "price": "8.10",
            "revenue": 1560868
        },
        "2019-09": {
            "month": "2019-09",
            "price": "8.35",
            "revenue": 1365360
        },
        "2019-10": {
            "month": "2019-10",
            "price": "8.29",
            "revenue": 1132183
        },
        "2019-11": {
            "month": "2019-11",
            "price": "7.80",
            "revenue": 1212358
        },
        "2019-12": {
            "month": "2019-12",
            "price": "7.28",
            "revenue": 1678447
        },
        "2020-01": {
            "month": "2020-01",
            "price": "7.60",
            "revenue": 690086
        },
        "2020-02": {
            "month": "2020-02",
            "price": "7.26",
            "revenue": 1088432
        },
        "2020-03": {
            "month": "2020-03",
            "price": "5.51",
            "revenue": 1208453
        },
        "2020-04": {
            "month": "2020-04",
            "price": "5.09",
            "revenue": 849212
        },
        "2020-05": {
            "month": "2020-05",
            "price": "5.87",
            "revenue": 1208200
        },
        "2020-06": {
            "month": "2020-06",
            "price": "6.26",
            "revenue": 1235462
        },
        "2020-07": {
            "month": "2020-07",
            "price": "8.66",
            "revenue": 1137045
        },
        "2020-08": {
            "month": "2020-08",
            "price": "10.36",
            "revenue": 1195054
        },
        "2020-09": {
            "month": "2020-09",
            "price": "11.63",
            "revenue": 1182764
        },
        "2020-10": {
            "month": "2020-10",
            "price": "14.70",
            "revenue": 1026152
        },
        "2020-11": {
            "month": "2020-11",
            "price": "14.79",
            "revenue": 788393
        },
        "2020-12": {
            "month": "2020-12",
            "price": "14.28",
            "revenue": 1075049
        },
        "2021-01": {
            "month": "2021-01",
            "price": "13.25",
            "revenue": 853606
        },
        "2021-02": {
            "month": "2021-02",
            "price": "13.10",
            "revenue": 684470
        },
        "2021-03": {
            "month": "2021-03",
            "price": "15.25",
            "revenue": 1466892
        },
        "2021-04": {
            "month": "2021-04",
            "price": "14.99",
            "revenue": 1015150
        },
        "2021-05": {
            "month": "2021-05",
            "price": "13.26",
            "revenue": 1276391
        },
        "2021-06": {
            "month": "2021-06",
            "price": "13.20",
            "revenue": 1378142
        },
        "2021-07": {
            "month": "2021-07",
            "price": "12.69",
            "revenue": 1213797
        },
        "2021-08": {
            "month": "2021-08",
            "price": "19.88",
            "revenue": 1054925
        },
        "2021-09": {
            "month": "2021-09",
            "price": "20.96",
            "revenue": 1235101
        },
        "2021-10": {
            "month": "2021-10",
            "price": "22.16",
            "revenue": 1212534
        },
        "2021-11": {
            "month": "2021-11",
            "price": "22.78",
            "revenue": 1170844
        },
        "2021-12": {
            "month": "2021-12",
            "price": "21.60",
            "revenue": 1675981
        },
        "2022-01": {
            "month": "2022-01",
            "price": "20.85",
            "revenue": 1486447
        },
        "2022-02": {
            "month": "2022-02",
            "price": "20.40",
            "revenue": 1544177
        },
        "2022-03": {
            "month": "2022-03",
            "price": "22.37",
            "revenue": 1651649
        },
        "2022-04": {
            "month": "2022-04",
            "price": "23.11",
            "revenue": 1073024
        },
        "2022-05": {
            "month": "2022-05",
            "price": "20.81",
            "revenue": 1540398
        },
        "2022-06": {
            "month": "2022-06",
            "price": "21.50",
            "revenue": 1289198
        },
        "2022-07": {
            "month": "2022-07",
            "price": "21.25",
            "revenue": 1280849
        },
        "2022-08": {
            "month": "2022-08",
            "price": "22.09",
            "revenue": 1544244
        },
        "2022-09": {
            "month": "2022-09",
            "price": "22.31",
            "revenue": 1921308
        },
        "2022-10": {
            "month": "2022-10",
            "price": "21.28",
            "revenue": 1923413
        },
        "2022-11": {
            "month": "2022-11",
            "price": "21.25",
            "revenue": 1767606
        },
        "2022-12": {
            "month": "2022-12",
            "price": "20.87",
            "revenue": 1909794
        },
        "2023-01": {
            "month": "2023-01",
            "price": "20.58",
            "revenue": 1522823
        },
        "2023-02": {
            "month": "2023-02",
            "price": "20.96",
            "revenue": 1600395
        },
        "2023-03": {
            "month": "2023-03",
            "price": "20.89",
            "revenue": 1554262
        },
        "2023-04": {
            "month": "2023-04",
            "price": "21.07",
            "revenue": 1358039
        },
        "2023-05": {
            "month": "2023-05",
            "price": "20.32",
            "revenue": 845298
        }
    }
}
