{
    "summary": {
        "stock_name": "泓格",
        "stock_id": "3577",
        "category": "電腦及週邊設備",
        "main_business": "產業電腦相關產品研發、製造銷售及電腦軟體代理買賣<br>遠端控制器之研發、製造銷售、維修及相關材料進出口業務<br>工控介面卡之研發、製造銷售、維修及相關材料進出口業務",
        "website_url": "https://www.icpdas.com/index_tw.php",
        "ceo": "陳瑞煜",
        "pe_ratio": 18,
        "report_year_from": 2007,
        "report_year_to": 2023,
        "age": 16,
        "eps_negative_percentage": 0,
        "eps_growth_avg": {
            "last_all": 5.05,
            "last_2y": 36.06,
            "last_4y": 12.77,
            "last_8y": 10.71,
            "last_12y": 13.67,
            "last_16y": null,
            "last_20y": null,
            "at_2006_last_3y": null,
            "at_2007_last_3y": null,
            "at_2008_last_3y": null,
            "at_2009_last_3y": null,
            "at_2010_last_3y": null,
            "at_2011_last_3y": -1.7,
            "at_2012_last_3y": 3.42,
            "at_2013_last_3y": 20.32,
            "at_2014_last_3y": 0.05,
            "at_2015_last_3y": -5.23,
            "at_2016_last_3y": 20.03,
            "at_2017_last_3y": 8.13,
            "at_2018_last_3y": 5.79,
            "at_2019_last_3y": -1.19,
            "at_2020_last_3y": -26.39,
            "at_2021_last_3y": 8.92,
            "at_2022_last_3y": 13.57,
            "at_2023_last_3y": 13.57,
            "at_2006_last_all": null,
            "at_2007_last_all": null,
            "at_2008_last_all": null,
            "at_2009_last_all": -50.98,
            "at_2010_last_all": -0.65,
            "at_2011_last_all": -1.7,
            "at_2012_last_all": -5.41,
            "at_2013_last_all": -3.45,
            "at_2014_last_all": -0.25,
            "at_2015_last_all": -3.47,
            "at_2016_last_all": 5.9,
            "at_2017_last_all": 1.18,
            "at_2018_last_all": 1.94,
            "at_2019_last_all": -2.71,
            "at_2020_last_all": -4.04,
            "at_2021_last_all": 3.39,
            "at_2022_last_all": 5.05,
            "at_2023_last_all": 5.05
        },
        "latest_eps": 4.04,
        "latest_price": 73.4,
        "latest_roe": 19.05,
        "latest_gross_margin": 56.16,
        "latest_equity": 1307904,
        "latest_revenue": 271321,
        "latest_gross_profit": 152369,
        "latest_net_income": 36771,
        "latest_debt_ratio": 24.76,
        "latest_current_ratio": 233.03,
        "latest_account_receivable_turnover_ratio": 2.58,
        "latest_inventory_turnover_ratio": 0.18,
        "latest_reinvestment_rate": 9.24,
        "latest_research_to_sale_ratio": 18.14
    },
    "eps_dividends": {
        "2001": {
            "cash": 0,
            "stock": 0,
            "eps": 0
        },
        "2002": {
            "cash": 0,
            "stock": 0,
            "eps": 0
        },
        "2003": {
            "cash": 0,
            "stock": 0,
            "eps": 0
        },
        "2004": {
            "cash": 0,
            "stock": 0,
            "eps": 0
        },
        "2005": {
            "cash": 0,
            "stock": 0,
            "eps": 0
        },
        "2006": {
            "cash": 0,
            "stock": 0,
            "eps": 0
        },
        "2007": {
            "cash": 0,
            "stock": 0,
            "eps": 3.83
        },
        "2008": {
            "cash": 1,
            "stock": 1.5,
            "eps": 2.27
        },
        "2009": {
            "cash": 1.3,
            "stock": 0.02,
            "eps": 0.88
        },
        "2010": {
            "cash": 0.6,
            "stock": 0,
            "eps": 2.49
        },
        "2011": {
            "cash": 2,
            "stock": 0,
            "eps": 2.37
        },
        "2012": {
            "cash": 1.7,
            "stock": 0,
            "eps": 1.89
        },
        "2013": {
            "cash": 1.5,
            "stock": 0,
            "eps": 2.01
        },
        "2014": {
            "cash": 1.5,
            "stock": 0,
            "eps": 2.39
        },
        "2015": {
            "cash": 1.5,
            "stock": 0,
            "eps": 1.77
        },
        "2016": {
            "cash": 1.3,
            "stock": 0,
            "eps": 3.2
        },
        "2017": {
            "cash": 1,
            "stock": 1,
            "eps": 1.88
        },
        "2018": {
            "cash": 1.5,
            "stock": 0,
            "eps": 2.06
        },
        "2019": {
            "cash": 0.7,
            "stock": 1,
            "eps": 0.95
        },
        "2020": {
            "cash": 0.7,
            "stock": 0,
            "eps": 0.76
        },
        "2021": {
            "cash": 0.7,
            "stock": 0,
            "eps": 3.23
        },
        "2022": {
            "cash": 1.5,
            "stock": 1,
            "eps": 4.14
        },
        "2023": {
            "cash": 1.5,
            "stock": 1,
            "eps": 0.63
        }
    },
    "dividends": {
        "2008-03-20": {
            "cash": 1,
            "stock": 1.5
        },
        "2009-03-20": {
            "cash": 1.3,
            "stock": 0.02
        },
        "2010-03-25": {
            "cash": 0.6,
            "stock": 0
        },
        "2011-06-22": {
            "cash": 2,
            "stock": 0
        },
        "2012-06-18": {
            "cash": 1.7,
            "stock": 0
        },
        "2013-06-10": {
            "cash": 1.5,
            "stock": 0
        },
        "2014-10-07": {
            "cash": 1.5,
            "stock": 0
        },
        "2015-10-07": {
            "cash": 1.5,
            "stock": 0
        },
        "2016-03-14": {
            "cash": 1.3,
            "stock": 0
        },
        "2017-08-23": {
            "cash": 1,
            "stock": 1
        },
        "2018-08-08": {
            "cash": 1.5,
            "stock": 0
        },
        "2019-03-11": {
            "cash": 0.7,
            "stock": 1
        },
        "2020-08-25": {
            "cash": 0.7,
            "stock": 0
        },
        "2021-10-07": {
            "cash": 0.7,
            "stock": 0
        },
        "2022-10-07": {
            "cash": 1.5,
            "stock": 1
        },
        "2023-03-13": {
            "cash": 1.5,
            "stock": 1
        }
    },
    "prices": {
        "200101": "無",
        "200102": "無",
        "200103": "無",
        "200104": "無",
        "200105": "無",
        "200106": "無",
        "200107": "無",
        "200108": "無",
        "200109": "無",
        "200110": "無",
        "200111": "無",
        "200112": "無",
        "200201": "無",
        "200202": "無",
        "200203": "無",
        "200204": "無",
        "200205": "無",
        "200206": "無",
        "200207": "無",
        "200208": "無",
        "200209": "無",
        "200210": "無",
        "200211": "無",
        "200212": "無",
        "200301": "無",
        "200302": "無",
        "200303": "無",
        "200304": "無",
        "200305": "無",
        "200306": "無",
        "200307": "無",
        "200308": "無",
        "200309": "無",
        "200310": "無",
        "200311": "無",
        "200312": "無",
        "200401": "無",
        "200402": "無",
        "200403": "無",
        "200404": "無",
        "200405": "無",
        "200406": "無",
        "200407": "無",
        "200408": "無",
        "200409": "無",
        "200410": "無",
        "200411": "無",
        "200412": "無",
        "200501": "無",
        "200502": "無",
        "200503": "無",
        "200504": "無",
        "200505": "無",
        "200506": "無",
        "200507": "無",
        "200508": "無",
        "200509": "無",
        "200510": "無",
        "200511": "無",
        "200512": "無",
        "200601": "無",
        "200602": "無",
        "200603": "無",
        "200604": "無",
        "200605": "無",
        "200606": "無",
        "200607": "無",
        "200608": "無",
        "200609": "無",
        "200610": "無",
        "200611": "無",
        "200612": "無",
        "200701": "無",
        "200702": "無",
        "200703": "無",
        "200704": "無",
        "200705": "無",
        "200706": "無",
        "200707": "無",
        "200708": "無",
        "200709": "無",
        "200710": "73.90",
        "200711": "90.05",
        "200712": "77.59",
        "200801": "69.61",
        "200802": "70.57",
        "200803": "75.76",
        "200804": "81.62",
        "200805": "79.72",
        "200806": "70.48",
        "200807": "58.16",
        "200808": "54.90",
        "200809": "50.70",
        "200810": "44.60",
        "200811": "35.85",
        "200812": "27.23",
        "200901": "21.02",
        "200902": "18.77",
        "200903": "19.93",
        "200904": "24.18",
        "200905": "22.64",
        "200906": "25.72",
        "200907": "24.65",
        "200908": "24.94",
        "200909": "24.19",
        "200910": "26.83",
        "200911": "27.01",
        "200912": "56.03",
        "201001": "79.70",
        "201002": "65.11",
        "201003": "81.41",
        "201004": "78.62",
        "201005": "66.26",
        "201006": "69.28",
        "201007": "70.08",
        "201008": "75.83",
        "201009": "70.27",
        "201010": "62.15",
        "201011": "52.02",
        "201012": "56.94",
        "201101": "53.32",
        "201102": "50.79",
        "201103": "47.05",
        "201104": "43.74",
        "201105": "42.60",
        "201106": "44.19",
        "201107": "41.30",
        "201108": "33.32",
        "201109": "31.62",
        "201110": "30.76",
        "201111": "30.37",
        "201112": "27.95",
        "201201": "28.44",
        "201202": "33.15",
        "201203": "33.99",
        "201204": "29.89",
        "201205": "28.87",
        "201206": "27.88",
        "201207": "26.24",
        "201208": "26.51",
        "201209": "30.25",
        "201210": "27.23",
        "201211": "24.42",
        "201212": "24.80",
        "201301": "24.95",
        "201302": "25.50",
        "201303": "26.69",
        "201304": "28.87",
        "201305": "28.00",
        "201306": "27.50",
        "201307": "26.52",
        "201308": "28.08",
        "201309": "28.43",
        "201310": "28.93",
        "201311": "28.91",
        "201312": "35.53",
        "201401": "39.11",
        "201402": "42.38",
        "201403": "46.78",
        "201404": "43.36",
        "201405": "45.06",
        "201406": "52.62",
        "201407": "47.70",
        "201408": "50.65",
        "201409": "45.82",
        "201410": "38.95",
        "201411": "38.18",
        "201412": "43.20",
        "201501": "43.98",
        "201502": "41.56",
        "201503": "41.34",
        "201504": "42.56",
        "201505": "40.19",
        "201506": "37.69",
        "201507": "34.42",
        "201508": "28.41",
        "201509": "30.00",
        "201510": "31.91",
        "201511": "31.60",
        "201512": "30.09",
        "201601": "29.74",
        "201602": "30.95",
        "201603": "32.45",
        "201604": "34.37",
        "201605": "34.10",
        "201606": "35.13",
        "201607": "35.37",
        "201608": "36.38",
        "201609": "36.40",
        "201610": "37.97",
        "201611": "35.37",
        "201612": "35.68",
        "201701": "35.22",
        "201702": "35.72",
        "201703": "36.24",
        "201704": "36.93",
        "201705": "36.15",
        "201706": "36.81",
        "201707": "35.56",
        "201708": "34.71",
        "201709": "34.44",
        "201710": "32.76",
        "201711": "32.41",
        "201712": "31.61",
        "201801": "31.25",
        "201802": "31.37",
        "201803": "32.50",
        "201804": "34.74",
        "201805": "38.90",
        "201806": "41.64",
        "201807": "38.68",
        "201808": "38.83",
        "201809": "37.92",
        "201810": "35.56",
        "201811": "34.12",
        "201812": "33.54",
        "201901": "33.56",
        "201902": "36.14",
        "201903": "38.25",
        "201904": "37.54",
        "201905": "36.87",
        "201906": "36.68",
        "201907": "36.14",
        "201908": "35.24",
        "201909": "34.16",
        "201910": "33.95",
        "201911": "35.35",
        "201912": "34.55",
        "202001": "33.40",
        "202002": "32.42",
        "202003": "29.95",
        "202004": "30.57",
        "202005": "29.72",
        "202006": "29.75",
        "202007": "32.16",
        "202008": "30.86",
        "202009": "30.48",
        "202010": "30.54",
        "202011": "29.80",
        "202012": "29.28",
        "202101": "28.14",
        "202102": "28.72",
        "202103": "28.95",
        "202104": "34.43",
        "202105": "35.05",
        "202106": "38.35",
        "202107": "41.30",
        "202108": "48.77",
        "202109": "52.62",
        "202110": "49.20",
        "202111": "52.37",
        "202112": "54.95",
        "202201": "65.65",
        "202202": "75.29",
        "202203": "75.75",
        "202204": "83.73",
        "202205": "75.13",
        "202206": "75.35",
        "202207": "76.20",
        "202208": "80.91",
        "202209": "73.45",
        "202210": "69.10",
        "202211": "69.11",
        "202212": "82.87",
        "202301": "81.64",
        "202302": "79.77",
        "202303": "81.26",
        "202304": "84.48",
        "202305": "76.72",
        "202306": "74.74"
    },
    "quarters": {
        "20011": {
            "year_quarter": 20011,
            "year": 2001,
            "quarter": 1,
            "eps": null,
            "eps_growth_year": null,
            "eps_4q": null,
            "eps_4q_growth_year": null,
            "roe": null,
            "roe_4q": 0,
            "gross_profit": null,
            "gross_margin": null,
            "gross_margin_4q_avg": 0,
            "net_income": null,
            "revenue": null,
            "common_shares": null,
            "book_valuer_per_share": null,
            "book_valuer_per_share_4q_avg": 0,
            "equity": null,
            "current_ratio": null,
            "debt_ratio": null,
            "inventory_turnover_ratio": null,
            "account_receivable_turnover_ratio": null,
            "reinvestment_rate": null,
            "research_to_sale_ratio": null,
            "price_fair": 0,
            "eps_avg_yearly": 0,
            "eps_latest_yearly": 0,
            "eps_growth_yearly": 0
        },
        "20012": {
            "year_quarter": 20012,
            "year": 2001,
            "quarter": 2,
            "eps": null,
            "eps_growth_year": null,
            "eps_4q": null,
            "eps_4q_growth_year": null,
            "roe": null,
            "roe_4q": 0,
            "gross_profit": null,
            "gross_margin": null,
            "gross_margin_4q_avg": 0,
            "net_income": null,
            "revenue": null,
            "common_shares": null,
            "book_valuer_per_share": null,
            "book_valuer_per_share_4q_avg": 0,
            "equity": null,
            "current_ratio": null,
            "debt_ratio": null,
            "inventory_turnover_ratio": null,
            "account_receivable_turnover_ratio": null,
            "reinvestment_rate": null,
            "research_to_sale_ratio": null,
            "price_fair": 0,
            "eps_avg_yearly": 0,
            "eps_latest_yearly": 0,
            "eps_growth_yearly": 0
        },
        "20013": {
            "year_quarter": 20013,
            "year": 2001,
            "quarter": 3,
            "eps": null,
            "eps_growth_year": null,
            "eps_4q": null,
            "eps_4q_growth_year": null,
            "roe": null,
            "roe_4q": 0,
            "gross_profit": null,
            "gross_margin": null,
            "gross_margin_4q_avg": 0,
            "net_income": null,
            "revenue": null,
            "common_shares": null,
            "book_valuer_per_share": null,
            "book_valuer_per_share_4q_avg": 0,
            "equity": null,
            "current_ratio": null,
            "debt_ratio": null,
            "inventory_turnover_ratio": null,
            "account_receivable_turnover_ratio": null,
            "reinvestment_rate": null,
            "research_to_sale_ratio": null,
            "price_fair": 0,
            "eps_avg_yearly": 0,
            "eps_latest_yearly": 0,
            "eps_growth_yearly": 0
        },
        "20014": {
            "year_quarter": 20014,
            "year": 2001,
            "quarter": 4,
            "eps": null,
            "eps_growth_year": null,
            "eps_4q": null,
            "eps_4q_growth_year": null,
            "roe": null,
            "roe_4q": 0,
            "gross_profit": null,
            "gross_margin": null,
            "gross_margin_4q_avg": 0,
            "net_income": null,
            "revenue": null,
            "common_shares": null,
            "book_valuer_per_share": null,
            "book_valuer_per_share_4q_avg": 0,
            "equity": null,
            "current_ratio": null,
            "debt_ratio": null,
            "inventory_turnover_ratio": null,
            "account_receivable_turnover_ratio": null,
            "reinvestment_rate": null,
            "research_to_sale_ratio": null,
            "price_fair": 0,
            "eps_avg_yearly": 0,
            "eps_latest_yearly": 0,
            "eps_growth_yearly": 0
        },
        "20021": {
            "year_quarter": 20021,
            "year": 2002,
            "quarter": 1,
            "eps": null,
            "eps_growth_year": null,
            "eps_4q": null,
            "eps_4q_growth_year": null,
            "roe": null,
            "roe_4q": 0,
            "gross_profit": null,
            "gross_margin": null,
            "gross_margin_4q_avg": 0,
            "net_income": null,
            "revenue": null,
            "common_shares": null,
            "book_valuer_per_share": null,
            "book_valuer_per_share_4q_avg": 0,
            "equity": null,
            "current_ratio": null,
            "debt_ratio": null,
            "inventory_turnover_ratio": null,
            "account_receivable_turnover_ratio": null,
            "reinvestment_rate": null,
            "research_to_sale_ratio": null,
            "price_fair": 0,
            "eps_avg_yearly": 0,
            "eps_latest_yearly": 0,
            "eps_growth_yearly": 0
        },
        "20022": {
            "year_quarter": 20022,
            "year": 2002,
            "quarter": 2,
            "eps": null,
            "eps_growth_year": null,
            "eps_4q": null,
            "eps_4q_growth_year": null,
            "roe": null,
            "roe_4q": 0,
            "gross_profit": null,
            "gross_margin": null,
            "gross_margin_4q_avg": 0,
            "net_income": null,
            "revenue": null,
            "common_shares": null,
            "book_valuer_per_share": null,
            "book_valuer_per_share_4q_avg": 0,
            "equity": null,
            "current_ratio": null,
            "debt_ratio": null,
            "inventory_turnover_ratio": null,
            "account_receivable_turnover_ratio": null,
            "reinvestment_rate": null,
            "research_to_sale_ratio": null,
            "price_fair": 0,
            "eps_avg_yearly": 0,
            "eps_latest_yearly": 0,
            "eps_growth_yearly": 0
        },
        "20023": {
            "year_quarter": 20023,
            "year": 2002,
            "quarter": 3,
            "eps": null,
            "eps_growth_year": null,
            "eps_4q": null,
            "eps_4q_growth_year": null,
            "roe": null,
            "roe_4q": 0,
            "gross_profit": null,
            "gross_margin": null,
            "gross_margin_4q_avg": 0,
            "net_income": null,
            "revenue": null,
            "common_shares": null,
            "book_valuer_per_share": null,
            "book_valuer_per_share_4q_avg": 0,
            "equity": null,
            "current_ratio": null,
            "debt_ratio": null,
            "inventory_turnover_ratio": null,
            "account_receivable_turnover_ratio": null,
            "reinvestment_rate": null,
            "research_to_sale_ratio": null,
            "price_fair": 0,
            "eps_avg_yearly": 0,
            "eps_latest_yearly": 0,
            "eps_growth_yearly": 0
        },
        "20024": {
            "year_quarter": 20024,
            "year": 2002,
            "quarter": 4,
            "eps": null,
            "eps_growth_year": null,
            "eps_4q": null,
            "eps_4q_growth_year": null,
            "roe": null,
            "roe_4q": 0,
            "gross_profit": null,
            "gross_margin": null,
            "gross_margin_4q_avg": 0,
            "net_income": null,
            "revenue": null,
            "common_shares": 36400,
            "book_valuer_per_share": 23.74,
            "book_valuer_per_share_4q_avg": 5.94,
            "equity": 86420,
            "current_ratio": 158.27,
            "debt_ratio": 54.57,
            "inventory_turnover_ratio": null,
            "account_receivable_turnover_ratio": null,
            "reinvestment_rate": null,
            "research_to_sale_ratio": null,
            "price_fair": 0,
            "eps_avg_yearly": 0,
            "eps_latest_yearly": 0,
            "eps_growth_yearly": 0
        },
        "20031": {
            "year_quarter": 20031,
            "year": 2003,
            "quarter": 1,
            "eps": null,
            "eps_growth_year": null,
            "eps_4q": null,
            "eps_4q_growth_year": null,
            "roe": null,
            "roe_4q": 0,
            "gross_profit": null,
            "gross_margin": null,
            "gross_margin_4q_avg": 0,
            "net_income": null,
            "revenue": null,
            "common_shares": null,
            "book_valuer_per_share": null,
            "book_valuer_per_share_4q_avg": 5.94,
            "equity": null,
            "current_ratio": null,
            "debt_ratio": null,
            "inventory_turnover_ratio": null,
            "account_receivable_turnover_ratio": null,
            "reinvestment_rate": null,
            "research_to_sale_ratio": null,
            "price_fair": 0,
            "eps_avg_yearly": 0,
            "eps_latest_yearly": 0,
            "eps_growth_yearly": 0
        },
        "20032": {
            "year_quarter": 20032,
            "year": 2003,
            "quarter": 2,
            "eps": null,
            "eps_growth_year": null,
            "eps_4q": null,
            "eps_4q_growth_year": null,
            "roe": null,
            "roe_4q": 0,
            "gross_profit": null,
            "gross_margin": null,
            "gross_margin_4q_avg": 0,
            "net_income": null,
            "revenue": null,
            "common_shares": null,
            "book_valuer_per_share": null,
            "book_valuer_per_share_4q_avg": 5.94,
            "equity": null,
            "current_ratio": null,
            "debt_ratio": null,
            "inventory_turnover_ratio": null,
            "account_receivable_turnover_ratio": null,
            "reinvestment_rate": null,
            "research_to_sale_ratio": null,
            "price_fair": 0,
            "eps_avg_yearly": 0,
            "eps_latest_yearly": 0,
            "eps_growth_yearly": 0
        },
        "20033": {
            "year_quarter": 20033,
            "year": 2003,
            "quarter": 3,
            "eps": null,
            "eps_growth_year": null,
            "eps_4q": null,
            "eps_4q_growth_year": null,
            "roe": null,
            "roe_4q": 0,
            "gross_profit": null,
            "gross_margin": null,
            "gross_margin_4q_avg": 0,
            "net_income": null,
            "revenue": null,
            "common_shares": null,
            "book_valuer_per_share": null,
            "book_valuer_per_share_4q_avg": 5.94,
            "equity": null,
            "current_ratio": null,
            "debt_ratio": null,
            "inventory_turnover_ratio": null,
            "account_receivable_turnover_ratio": null,
            "reinvestment_rate": null,
            "research_to_sale_ratio": null,
            "price_fair": 0,
            "eps_avg_yearly": 0,
            "eps_latest_yearly": 0,
            "eps_growth_yearly": 0
        },
        "20034": {
            "year_quarter": 20034,
            "year": 2003,
            "quarter": 4,
            "eps": null,
            "eps_growth_year": null,
            "eps_4q": null,
            "eps_4q_growth_year": null,
            "roe": null,
            "roe_4q": 0,
            "gross_profit": null,
            "gross_margin": null,
            "gross_margin_4q_avg": 0,
            "net_income": null,
            "revenue": null,
            "common_shares": 70000,
            "book_valuer_per_share": 19.9,
            "book_valuer_per_share_4q_avg": 4.98,
            "equity": 139277,
            "current_ratio": 144.86,
            "debt_ratio": 56.8,
            "inventory_turnover_ratio": null,
            "account_receivable_turnover_ratio": null,
            "reinvestment_rate": null,
            "research_to_sale_ratio": null,
            "price_fair": 0,
            "eps_avg_yearly": 0,
            "eps_latest_yearly": 0,
            "eps_growth_yearly": 0
        },
        "20041": {
            "year_quarter": 20041,
            "year": 2004,
            "quarter": 1,
            "eps": null,
            "eps_growth_year": null,
            "eps_4q": null,
            "eps_4q_growth_year": null,
            "roe": null,
            "roe_4q": 0,
            "gross_profit": null,
            "gross_margin": null,
            "gross_margin_4q_avg": 0,
            "net_income": null,
            "revenue": null,
            "common_shares": null,
            "book_valuer_per_share": null,
            "book_valuer_per_share_4q_avg": 4.98,
            "equity": null,
            "current_ratio": null,
            "debt_ratio": null,
            "inventory_turnover_ratio": null,
            "account_receivable_turnover_ratio": null,
            "reinvestment_rate": null,
            "research_to_sale_ratio": null,
            "price_fair": 0,
            "eps_avg_yearly": 0,
            "eps_latest_yearly": 0,
            "eps_growth_yearly": 0
        },
        "20042": {
            "year_quarter": 20042,
            "year": 2004,
            "quarter": 2,
            "eps": null,
            "eps_growth_year": null,
            "eps_4q": null,
            "eps_4q_growth_year": null,
            "roe": null,
            "roe_4q": 0,
            "gross_profit": null,
            "gross_margin": null,
            "gross_margin_4q_avg": 0,
            "net_income": null,
            "revenue": null,
            "common_shares": null,
            "book_valuer_per_share": null,
            "book_valuer_per_share_4q_avg": 4.98,
            "equity": null,
            "current_ratio": null,
            "debt_ratio": null,
            "inventory_turnover_ratio": null,
            "account_receivable_turnover_ratio": null,
            "reinvestment_rate": null,
            "research_to_sale_ratio": null,
            "price_fair": 0,
            "eps_avg_yearly": 0,
            "eps_latest_yearly": 0,
            "eps_growth_yearly": 0
        },
        "20043": {
            "year_quarter": 20043,
            "year": 2004,
            "quarter": 3,
            "eps": null,
            "eps_growth_year": null,
            "eps_4q": null,
            "eps_4q_growth_year": null,
            "roe": null,
            "roe_4q": 0,
            "gross_profit": null,
            "gross_margin": null,
            "gross_margin_4q_avg": 0,
            "net_income": null,
            "revenue": null,
            "common_shares": null,
            "book_valuer_per_share": null,
            "book_valuer_per_share_4q_avg": 4.98,
            "equity": null,
            "current_ratio": null,
            "debt_ratio": null,
            "inventory_turnover_ratio": null,
            "account_receivable_turnover_ratio": null,
            "reinvestment_rate": null,
            "research_to_sale_ratio": null,
            "price_fair": 0,
            "eps_avg_yearly": 0,
            "eps_latest_yearly": 0,
            "eps_growth_yearly": 0
        },
        "20044": {
            "year_quarter": 20044,
            "year": 2004,
            "quarter": 4,
            "eps": null,
            "eps_growth_year": null,
            "eps_4q": null,
            "eps_4q_growth_year": null,
            "roe": null,
            "roe_4q": 0,
            "gross_profit": null,
            "gross_margin": null,
            "gross_margin_4q_avg": 0,
            "net_income": null,
            "revenue": null,
            "common_shares": 70000,
            "book_valuer_per_share": 26.16,
            "book_valuer_per_share_4q_avg": 6.54,
            "equity": 183142,
            "current_ratio": 132.98,
            "debt_ratio": 56.7,
            "inventory_turnover_ratio": null,
            "account_receivable_turnover_ratio": null,
            "reinvestment_rate": null,
            "research_to_sale_ratio": null,
            "price_fair": 0,
            "eps_avg_yearly": 0,
            "eps_latest_yearly": 0,
            "eps_growth_yearly": 0
        },
        "20051": {
            "year_quarter": 20051,
            "year": 2005,
            "quarter": 1,
            "eps": null,
            "eps_growth_year": null,
            "eps_4q": null,
            "eps_4q_growth_year": null,
            "roe": null,
            "roe_4q": 0,
            "gross_profit": null,
            "gross_margin": null,
            "gross_margin_4q_avg": 0,
            "net_income": null,
            "revenue": null,
            "common_shares": null,
            "book_valuer_per_share": null,
            "book_valuer_per_share_4q_avg": 6.54,
            "equity": null,
            "current_ratio": null,
            "debt_ratio": null,
            "inventory_turnover_ratio": null,
            "account_receivable_turnover_ratio": null,
            "reinvestment_rate": null,
            "research_to_sale_ratio": null,
            "price_fair": 0,
            "eps_avg_yearly": 0,
            "eps_latest_yearly": 0,
            "eps_growth_yearly": 0
        },
        "20052": {
            "year_quarter": 20052,
            "year": 2005,
            "quarter": 2,
            "eps": null,
            "eps_growth_year": null,
            "eps_4q": null,
            "eps_4q_growth_year": null,
            "roe": null,
            "roe_4q": 0,
            "gross_profit": null,
            "gross_margin": null,
            "gross_margin_4q_avg": 0,
            "net_income": null,
            "revenue": null,
            "common_shares": null,
            "book_valuer_per_share": null,
            "book_valuer_per_share_4q_avg": 6.54,
            "equity": null,
            "current_ratio": null,
            "debt_ratio": null,
            "inventory_turnover_ratio": null,
            "account_receivable_turnover_ratio": null,
            "reinvestment_rate": null,
            "research_to_sale_ratio": null,
            "price_fair": 0,
            "eps_avg_yearly": 0,
            "eps_latest_yearly": 0,
            "eps_growth_yearly": 0
        },
        "20053": {
            "year_quarter": 20053,
            "year": 2005,
            "quarter": 3,
            "eps": null,
            "eps_growth_year": null,
            "eps_4q": null,
            "eps_4q_growth_year": null,
            "roe": null,
            "roe_4q": 0,
            "gross_profit": null,
            "gross_margin": null,
            "gross_margin_4q_avg": 0,
            "net_income": null,
            "revenue": null,
            "common_shares": null,
            "book_valuer_per_share": null,
            "book_valuer_per_share_4q_avg": 6.54,
            "equity": null,
            "current_ratio": null,
            "debt_ratio": null,
            "inventory_turnover_ratio": null,
            "account_receivable_turnover_ratio": null,
            "reinvestment_rate": null,
            "research_to_sale_ratio": null,
            "price_fair": 0,
            "eps_avg_yearly": 0,
            "eps_latest_yearly": 0,
            "eps_growth_yearly": 0
        },
        "20054": {
            "year_quarter": 20054,
            "year": 2005,
            "quarter": 4,
            "eps": null,
            "eps_growth_year": null,
            "eps_4q": null,
            "eps_4q_growth_year": null,
            "roe": null,
            "roe_4q": 0,
            "gross_profit": null,
            "gross_margin": null,
            "gross_margin_4q_avg": 0,
            "net_income": null,
            "revenue": null,
            "common_shares": 170000,
            "book_valuer_per_share": 18.01,
            "book_valuer_per_share_4q_avg": 4.5,
            "equity": 306222,
            "current_ratio": 185.82,
            "debt_ratio": 43.7,
            "inventory_turnover_ratio": null,
            "account_receivable_turnover_ratio": null,
            "reinvestment_rate": null,
            "research_to_sale_ratio": null,
            "price_fair": 0,
            "eps_avg_yearly": 0,
            "eps_latest_yearly": 0,
            "eps_growth_yearly": 0
        },
        "20061": {
            "year_quarter": 20061,
            "year": 2006,
            "quarter": 1,
            "eps": null,
            "eps_growth_year": null,
            "eps_4q": null,
            "eps_4q_growth_year": null,
            "roe": null,
            "roe_4q": 0,
            "gross_profit": null,
            "gross_margin": null,
            "gross_margin_4q_avg": 0,
            "net_income": null,
            "revenue": null,
            "common_shares": null,
            "book_valuer_per_share": null,
            "book_valuer_per_share_4q_avg": 4.5,
            "equity": null,
            "current_ratio": null,
            "debt_ratio": null,
            "inventory_turnover_ratio": null,
            "account_receivable_turnover_ratio": null,
            "reinvestment_rate": null,
            "research_to_sale_ratio": null,
            "price_fair": 0,
            "eps_avg_yearly": 0,
            "eps_latest_yearly": 0,
            "eps_growth_yearly": 0
        },
        "20062": {
            "year_quarter": 20062,
            "year": 2006,
            "quarter": 2,
            "eps": null,
            "eps_growth_year": null,
            "eps_4q": null,
            "eps_4q_growth_year": null,
            "roe": null,
            "roe_4q": 0,
            "gross_profit": null,
            "gross_margin": null,
            "gross_margin_4q_avg": 0,
            "net_income": null,
            "revenue": null,
            "common_shares": null,
            "book_valuer_per_share": null,
            "book_valuer_per_share_4q_avg": 4.5,
            "equity": null,
            "current_ratio": null,
            "debt_ratio": null,
            "inventory_turnover_ratio": null,
            "account_receivable_turnover_ratio": null,
            "reinvestment_rate": null,
            "research_to_sale_ratio": null,
            "price_fair": 0,
            "eps_avg_yearly": 0,
            "eps_latest_yearly": 0,
            "eps_growth_yearly": 0
        },
        "20063": {
            "year_quarter": 20063,
            "year": 2006,
            "quarter": 3,
            "eps": null,
            "eps_growth_year": null,
            "eps_4q": null,
            "eps_4q_growth_year": null,
            "roe": null,
            "roe_4q": 0,
            "gross_profit": null,
            "gross_margin": null,
            "gross_margin_4q_avg": 0,
            "net_income": null,
            "revenue": null,
            "common_shares": null,
            "book_valuer_per_share": null,
            "book_valuer_per_share_4q_avg": 4.5,
            "equity": null,
            "current_ratio": null,
            "debt_ratio": null,
            "inventory_turnover_ratio": null,
            "account_receivable_turnover_ratio": null,
            "reinvestment_rate": null,
            "research_to_sale_ratio": null,
            "price_fair": 0,
            "eps_avg_yearly": 0,
            "eps_latest_yearly": 0,
            "eps_growth_yearly": 0
        },
        "20064": {
            "year_quarter": 20064,
            "year": 2006,
            "quarter": 4,
            "eps": null,
            "eps_growth_year": null,
            "eps_4q": null,
            "eps_4q_growth_year": null,
            "roe": null,
            "roe_4q": 0,
            "gross_profit": null,
            "gross_margin": null,
            "gross_margin_4q_avg": 0,
            "net_income": null,
            "revenue": null,
            "common_shares": 260000,
            "book_valuer_per_share": 15.58,
            "book_valuer_per_share_4q_avg": 3.9,
            "equity": 405084,
            "current_ratio": 276.36,
            "debt_ratio": 30.57,
            "inventory_turnover_ratio": null,
            "account_receivable_turnover_ratio": null,
            "reinvestment_rate": null,
            "research_to_sale_ratio": null,
            "price_fair": 0,
            "eps_avg_yearly": 0,
            "eps_latest_yearly": 0,
            "eps_growth_yearly": 0
        },
        "20071": {
            "year_quarter": 20071,
            "year": 2007,
            "quarter": 1,
            "eps": 0.7,
            "eps_growth_year": null,
            "eps_4q": null,
            "eps_4q_growth_year": null,
            "roe": 4.4,
            "roe_4q": 4.4,
            "gross_profit": 65899,
            "gross_margin": 53.22,
            "gross_margin_4q_avg": 13.31,
            "net_income": 18230,
            "revenue": 123831,
            "common_shares": 260000,
            "book_valuer_per_share": 16.28,
            "book_valuer_per_share_4q_avg": 7.97,
            "equity": 423316,
            "current_ratio": 279.68,
            "debt_ratio": 30.56,
            "inventory_turnover_ratio": 0.25,
            "account_receivable_turnover_ratio": null,
            "reinvestment_rate": null,
            "research_to_sale_ratio": null,
            "price_fair": 0,
            "eps_avg_yearly": 0,
            "eps_latest_yearly": 0,
            "eps_growth_yearly": 0
        },
        "20072": {
            "year_quarter": 20072,
            "year": 2007,
            "quarter": 2,
            "eps": 1.97,
            "eps_growth_year": null,
            "eps_4q": null,
            "eps_4q_growth_year": null,
            "roe": 13.71,
            "roe_4q": 18.11,
            "gross_profit": 100211,
            "gross_margin": 51.94,
            "gross_margin_4q_avg": 26.29,
            "net_income": 61870,
            "revenue": 192932,
            "common_shares": 260000,
            "book_valuer_per_share": 18.44,
            "book_valuer_per_share_4q_avg": 12.58,
            "equity": 479318,
            "current_ratio": 331.17,
            "debt_ratio": 25.99,
            "inventory_turnover_ratio": 0.4,
            "account_receivable_turnover_ratio": null,
            "reinvestment_rate": null,
            "research_to_sale_ratio": null,
            "price_fair": 275.8,
            "eps_avg_yearly": 7.88,
            "eps_latest_yearly": 7.88,
            "eps_growth_yearly": 725.71
        },
        "20073": {
            "year_quarter": 20073,
            "year": 2007,
            "quarter": 3,
            "eps": 0.73,
            "eps_growth_year": null,
            "eps_4q": null,
            "eps_4q_growth_year": null,
            "roe": 4.69,
            "roe_4q": 22.800000000000004,
            "gross_profit": 85397,
            "gross_margin": 56.07,
            "gross_margin_4q_avg": 40.31,
            "net_income": 23024,
            "revenue": 152307,
            "common_shares": 314000,
            "book_valuer_per_share": 16,
            "book_valuer_per_share_4q_avg": 16.58,
            "equity": 502343,
            "current_ratio": 355.91,
            "debt_ratio": 22.3,
            "inventory_turnover_ratio": 0.29,
            "account_receivable_turnover_ratio": null,
            "reinvestment_rate": null,
            "research_to_sale_ratio": null,
            "price_fair": 189,
            "eps_avg_yearly": 5.4,
            "eps_latest_yearly": 2.92,
            "eps_growth_yearly": 236.97
        },
        "20074": {
            "year_quarter": 20074,
            "year": 2007,
            "quarter": 4,
            "eps": 0.43,
            "eps_growth_year": null,
            "eps_4q": 3.74,
            "eps_4q_growth_year": null,
            "roe": 2.63,
            "roe_4q": 25.43,
            "gross_profit": 74011,
            "gross_margin": 52.69,
            "gross_margin_4q_avg": 53.48,
            "net_income": 13383,
            "revenue": 140460,
            "common_shares": 314000,
            "book_valuer_per_share": 16.46,
            "book_valuer_per_share_4q_avg": 16.8,
            "equity": 516718,
            "current_ratio": 334.36,
            "debt_ratio": 19.63,
            "inventory_turnover_ratio": 0.28,
            "account_receivable_turnover_ratio": null,
            "reinvestment_rate": null,
            "research_to_sale_ratio": null,
            "price_fair": 146.07,
            "eps_avg_yearly": 4.17,
            "eps_latest_yearly": 1.72,
            "eps_growth_yearly": 103.18
        },
        "20081": {
            "year_quarter": 20081,
            "year": 2008,
            "quarter": 1,
            "eps": 0.64,
            "eps_growth_year": -8.57,
            "eps_4q": 3.77,
            "eps_4q_growth_year": null,
            "roe": 3.82,
            "roe_4q": 24.85,
            "gross_profit": 83053,
            "gross_margin": 55.71,
            "gross_margin_4q_avg": 54.1,
            "net_income": 20114,
            "revenue": 149076,
            "common_shares": 314000,
            "book_valuer_per_share": 17.08,
            "book_valuer_per_share_4q_avg": 17,
            "equity": 536404,
            "current_ratio": 464.23,
            "debt_ratio": 14.24,
            "inventory_turnover_ratio": 0.29,
            "account_receivable_turnover_ratio": null,
            "reinvestment_rate": null,
            "research_to_sale_ratio": null,
            "price_fair": 131.95,
            "eps_avg_yearly": 3.77,
            "eps_latest_yearly": 2.56,
            "eps_growth_yearly": 126.23
        },
        "20082": {
            "year_quarter": 20082,
            "year": 2008,
            "quarter": 2,
            "eps": 0.32,
            "eps_growth_year": -83.76,
            "eps_4q": 1.82,
            "eps_4q_growth_year": null,
            "roe": 2.3,
            "roe_4q": 13.440000000000001,
            "gross_profit": 75333,
            "gross_margin": 47.85,
            "gross_margin_4q_avg": 53.08,
            "net_income": 12086,
            "revenue": 157431,
            "common_shares": 314000,
            "book_valuer_per_share": 16.45,
            "book_valuer_per_share_4q_avg": 16.5,
            "equity": 516528,
            "current_ratio": 266.66,
            "debt_ratio": 22.73,
            "inventory_turnover_ratio": 0.38,
            "account_receivable_turnover_ratio": null,
            "reinvestment_rate": null,
            "research_to_sale_ratio": null,
            "price_fair": 114.52,
            "eps_avg_yearly": 3.27,
            "eps_latest_yearly": 1.28,
            "eps_growth_yearly": 60.98
        },
        "20083": {
            "year_quarter": 20083,
            "year": 2008,
            "quarter": 3,
            "eps": 0.63,
            "eps_growth_year": -13.7,
            "eps_4q": 1.85,
            "eps_4q_growth_year": null,
            "roe": 4.46,
            "roe_4q": 13.21,
            "gross_profit": 85543,
            "gross_margin": 58.4,
            "gross_margin_4q_avg": 53.66,
            "net_income": 23594,
            "revenue": 146469,
            "common_shares": 373100,
            "book_valuer_per_share": 14.52,
            "book_valuer_per_share_4q_avg": 16.13,
            "equity": 541680,
            "current_ratio": 360.4,
            "debt_ratio": 17.05,
            "inventory_turnover_ratio": 0.27,
            "account_receivable_turnover_ratio": null,
            "reinvestment_rate": null,
            "research_to_sale_ratio": null,
            "price_fair": 110.13,
            "eps_avg_yearly": 3.15,
            "eps_latest_yearly": 2.52,
            "eps_growth_yearly": 115.4
        },
        "20084": {
            "year_quarter": 20084,
            "year": 2008,
            "quarter": 4,
            "eps": 0.68,
            "eps_growth_year": 58.14,
            "eps_4q": 2.18,
            "eps_4q_growth_year": -41.71,
            "roe": 4.27,
            "roe_4q": 14.850000000000001,
            "gross_profit": 79085,
            "gross_margin": 57.6,
            "gross_margin_4q_avg": 54.89,
            "net_income": 25256,
            "revenue": 137301,
            "common_shares": 373100,
            "book_valuer_per_share": 17.21,
            "book_valuer_per_share_4q_avg": 16.32,
            "equity": 642291,
            "current_ratio": 498.94,
            "debt_ratio": 13.89,
            "inventory_turnover_ratio": 0.26,
            "account_receivable_turnover_ratio": 7.99,
            "reinvestment_rate": null,
            "research_to_sale_ratio": null,
            "price_fair": 108,
            "eps_avg_yearly": 3.09,
            "eps_latest_yearly": 2.72,
            "eps_growth_yearly": 103.45
        },
        "20091": {
            "year_quarter": 20091,
            "year": 2009,
            "quarter": 1,
            "eps": 0.02,
            "eps_growth_year": -96.88,
            "eps_4q": 1.54,
            "eps_4q_growth_year": -59.18,
            "roe": 0.13,
            "roe_4q": 11.16,
            "gross_profit": 50187,
            "gross_margin": 52.67,
            "gross_margin_4q_avg": 54.13,
            "net_income": 803,
            "revenue": 95282,
            "common_shares": 410290,
            "book_valuer_per_share": 15.62,
            "book_valuer_per_share_4q_avg": 15.95,
            "equity": 640786,
            "current_ratio": 571.17,
            "debt_ratio": 12.3,
            "inventory_turnover_ratio": 0.19,
            "account_receivable_turnover_ratio": 2.8,
            "reinvestment_rate": null,
            "research_to_sale_ratio": null,
            "price_fair": 94.85,
            "eps_avg_yearly": 2.71,
            "eps_latest_yearly": 0.08,
            "eps_growth_yearly": 41.99
        },
        "20092": {
            "year_quarter": 20092,
            "year": 2009,
            "quarter": 2,
            "eps": 0.04,
            "eps_growth_year": -87.5,
            "eps_4q": 1.38,
            "eps_4q_growth_year": -24.02,
            "roe": 0.24,
            "roe_4q": 9.1,
            "gross_profit": 52684,
            "gross_margin": 52.1,
            "gross_margin_4q_avg": 55.19,
            "net_income": 1482,
            "revenue": 101122,
            "common_shares": 410290,
            "book_valuer_per_share": 14.46,
            "book_valuer_per_share_4q_avg": 15.45,
            "equity": 593477,
            "current_ratio": 387.74,
            "debt_ratio": 17.38,
            "inventory_turnover_ratio": 0.21,
            "account_receivable_turnover_ratio": 3.04,
            "reinvestment_rate": null,
            "research_to_sale_ratio": null,
            "price_fair": 84.93,
            "eps_avg_yearly": 2.43,
            "eps_latest_yearly": 0.16,
            "eps_growth_yearly": 81.77
        },
        "20093": {
            "year_quarter": 20093,
            "year": 2009,
            "quarter": 3,
            "eps": 0.35,
            "eps_growth_year": -44.44,
            "eps_4q": 1.01,
            "eps_4q_growth_year": -45.44,
            "roe": 2.44,
            "roe_4q": 7.079999999999999,
            "gross_profit": 71872,
            "gross_margin": 55.54,
            "gross_margin_4q_avg": 54.48,
            "net_income": 14653,
            "revenue": 129397,
            "common_shares": 421227,
            "book_valuer_per_share": 14.44,
            "book_valuer_per_share_4q_avg": 15.43,
            "equity": 608296,
            "current_ratio": 391.5,
            "debt_ratio": 17.54,
            "inventory_turnover_ratio": 0.27,
            "account_receivable_turnover_ratio": 3.57,
            "reinvestment_rate": null,
            "research_to_sale_ratio": null,
            "price_fair": 81.34,
            "eps_avg_yearly": 2.32,
            "eps_latest_yearly": 1.4,
            "eps_growth_yearly": 383.59
        },
        "20094": {
            "year_quarter": 20094,
            "year": 2009,
            "quarter": 4,
            "eps": 0.47,
            "eps_growth_year": -30.88,
            "eps_4q": 0.82,
            "eps_4q_growth_year": -62.2,
            "roe": 3.13,
            "roe_4q": 5.94,
            "gross_profit": 74247,
            "gross_margin": 55.04,
            "gross_margin_4q_avg": 53.84,
            "net_income": 19732,
            "revenue": 134908,
            "common_shares": 421227,
            "book_valuer_per_share": 15.17,
            "book_valuer_per_share_4q_avg": 14.92,
            "equity": 650748,
            "current_ratio": 627.78,
            "debt_ratio": 12,
            "inventory_turnover_ratio": 0.3,
            "account_receivable_turnover_ratio": 4.84,
            "reinvestment_rate": null,
            "research_to_sale_ratio": null,
            "price_fair": 79.93,
            "eps_avg_yearly": 2.28,
            "eps_latest_yearly": 1.88,
            "eps_growth_yearly": 361.19
        },
        "20101": {
            "year_quarter": 20101,
            "year": 2010,
            "quarter": 1,
            "eps": 0.62,
            "eps_growth_year": 3000,
            "eps_4q": 1.45,
            "eps_4q_growth_year": -5.72,
            "roe": 4.03,
            "roe_4q": 9.84,
            "gross_profit": 80041,
            "gross_margin": 58.26,
            "gross_margin_4q_avg": 55.24,
            "net_income": 26814,
            "revenue": 137375,
            "common_shares": 429002,
            "book_valuer_per_share": 15.83,
            "book_valuer_per_share_4q_avg": 14.98,
            "equity": 680849,
            "current_ratio": 582.96,
            "debt_ratio": 13.02,
            "inventory_turnover_ratio": 0.29,
            "account_receivable_turnover_ratio": 2.31,
            "reinvestment_rate": null,
            "research_to_sale_ratio": 19.3,
            "price_fair": 80.5,
            "eps_avg_yearly": 2.3,
            "eps_latest_yearly": 2.48,
            "eps_growth_yearly": 341.73
        },
        "20102": {
            "year_quarter": 20102,
            "year": 2010,
            "quarter": 2,
            "eps": 0.53,
            "eps_growth_year": 1214.32,
            "eps_4q": 1.95,
            "eps_4q_growth_year": 41.13,
            "roe": 3.33,
            "roe_4q": 12.93,
            "gross_profit": 95286,
            "gross_margin": 58.18,
            "gross_margin_4q_avg": 56.76,
            "net_income": 22624,
            "revenue": 163784,
            "common_shares": 430337,
            "book_valuer_per_share": 15.77,
            "book_valuer_per_share_4q_avg": 15.3,
            "equity": 678825,
            "current_ratio": 340.17,
            "debt_ratio": 20.75,
            "inventory_turnover_ratio": 0.32,
            "account_receivable_turnover_ratio": 2.31,
            "reinvestment_rate": null,
            "research_to_sale_ratio": 19.68,
            "price_fair": 80.02,
            "eps_avg_yearly": 2.29,
            "eps_latest_yearly": 2.12,
            "eps_growth_yearly": 310.97
        },
        "20103": {
            "year_quarter": 20103,
            "year": 2010,
            "quarter": 3,
            "eps": 0.88,
            "eps_growth_year": 150.61,
            "eps_4q": 2.48,
            "eps_4q_growth_year": 146.34,
            "roe": 5.42,
            "roe_4q": 15.91,
            "gross_profit": 106771,
            "gross_margin": 58.49,
            "gross_margin_4q_avg": 57.49,
            "net_income": 37786,
            "revenue": 182532,
            "common_shares": 430797,
            "book_valuer_per_share": 16.63,
            "book_valuer_per_share_4q_avg": 15.85,
            "equity": 716440,
            "current_ratio": 310.37,
            "debt_ratio": 20.1,
            "inventory_turnover_ratio": 0.29,
            "account_receivable_turnover_ratio": 2.21,
            "reinvestment_rate": null,
            "research_to_sale_ratio": 17.24,
            "price_fair": 83.1,
            "eps_avg_yearly": 2.37,
            "eps_latest_yearly": 3.52,
            "eps_growth_yearly": 307.63
        },
        "20104": {
            "year_quarter": 20104,
            "year": 2010,
            "quarter": 4,
            "eps": 0.46,
            "eps_growth_year": -3.04,
            "eps_4q": 2.47,
            "eps_4q_growth_year": 198.99,
            "roe": 2.72,
            "roe_4q": 15.5,
            "gross_profit": 98486,
            "gross_margin": 56.56,
            "gross_margin_4q_avg": 57.87,
            "net_income": 19769,
            "revenue": 174130,
            "common_shares": 433827,
            "book_valuer_per_share": 17.03,
            "book_valuer_per_share_4q_avg": 16.32,
            "equity": 738943,
            "current_ratio": 352.09,
            "debt_ratio": 18.03,
            "inventory_turnover_ratio": 0.26,
            "account_receivable_turnover_ratio": 2.22,
            "reinvestment_rate": 79.47,
            "research_to_sale_ratio": 21.17,
            "price_fair": 81.85,
            "eps_avg_yearly": 2.34,
            "eps_latest_yearly": 1.84,
            "eps_growth_yearly": 274.39
        },
        "20111": {
            "year_quarter": 20111,
            "year": 2011,
            "quarter": 1,
            "eps": 0.58,
            "eps_growth_year": -6.45,
            "eps_4q": 2.43,
            "eps_4q_growth_year": 67.37,
            "roe": 3.36,
            "roe_4q": 14.83,
            "gross_profit": 90937,
            "gross_margin": 55.62,
            "gross_margin_4q_avg": 57.21,
            "net_income": 25353,
            "revenue": 163494,
            "common_shares": 434917,
            "book_valuer_per_share": 17.7,
            "book_valuer_per_share_4q_avg": 16.78,
            "equity": 769866,
            "current_ratio": 478.91,
            "debt_ratio": 13.66,
            "inventory_turnover_ratio": 0.23,
            "account_receivable_turnover_ratio": 2.1,
            "reinvestment_rate": 79.05,
            "research_to_sale_ratio": 18.83,
            "price_fair": 81.81,
            "eps_avg_yearly": 2.34,
            "eps_latest_yearly": 2.32,
            "eps_growth_yearly": 263.77
        },
        "20112": {
            "year_quarter": 20112,
            "year": 2011,
            "quarter": 2,
            "eps": 0.68,
            "eps_growth_year": 29.77,
            "eps_4q": 2.59,
            "eps_4q_growth_year": 32.83,
            "roe": 4,
            "roe_4q": 15.5,
            "gross_profit": 99054,
            "gross_margin": 51.98,
            "gross_margin_4q_avg": 55.66,
            "net_income": 29690,
            "revenue": 190548,
            "common_shares": 435189,
            "book_valuer_per_share": 16.39,
            "book_valuer_per_share_4q_avg": 16.94,
            "equity": 713369,
            "current_ratio": 272.55,
            "debt_ratio": 23.32,
            "inventory_turnover_ratio": 0.3,
            "account_receivable_turnover_ratio": 1.97,
            "reinvestment_rate": 88.81,
            "research_to_sale_ratio": 16.34,
            "price_fair": 70.53,
            "eps_avg_yearly": 2.02,
            "eps_latest_yearly": 2.72,
            "eps_growth_yearly": 222.72
        },
        "20113": {
            "year_quarter": 20113,
            "year": 2011,
            "quarter": 3,
            "eps": 0.55,
            "eps_growth_year": -36.89,
            "eps_4q": 2.27,
            "eps_4q_growth_year": -8.55,
            "roe": 3.3,
            "roe_4q": 13.38,
            "gross_profit": 97054,
            "gross_margin": 52.96,
            "gross_margin_4q_avg": 54.28,
            "net_income": 24122,
            "revenue": 183254,
            "common_shares": 435749,
            "book_valuer_per_share": 17.15,
            "book_valuer_per_share_4q_avg": 17.07,
            "equity": 747163,
            "current_ratio": 273.64,
            "debt_ratio": 23.17,
            "inventory_turnover_ratio": 0.3,
            "account_receivable_turnover_ratio": 1.78,
            "reinvestment_rate": 83.2,
            "research_to_sale_ratio": 16.95,
            "price_fair": 68.95,
            "eps_avg_yearly": 1.97,
            "eps_latest_yearly": 2.2,
            "eps_growth_yearly": 233.67
        },
        "20114": {
            "year_quarter": 20114,
            "year": 2011,
            "quarter": 4,
            "eps": 0.56,
            "eps_growth_year": 22.42,
            "eps_4q": 2.37,
            "eps_4q_growth_year": -3.91,
            "roe": 3.2,
            "roe_4q": 13.86,
            "gross_profit": 97086,
            "gross_margin": 54.82,
            "gross_margin_4q_avg": 53.85,
            "net_income": 24373,
            "revenue": 177091,
            "common_shares": 436894,
            "book_valuer_per_share": 17.75,
            "book_valuer_per_share_4q_avg": 17.25,
            "equity": 775270,
            "current_ratio": 432.38,
            "debt_ratio": 14.53,
            "inventory_turnover_ratio": 0.29,
            "account_receivable_turnover_ratio": 1.89,
            "reinvestment_rate": 78.36,
            "research_to_sale_ratio": 18.43,
            "price_fair": 70.09,
            "eps_avg_yearly": 2,
            "eps_latest_yearly": 2.24,
            "eps_growth_yearly": 244.4
        },
        "20121": {
            "year_quarter": 20121,
            "year": 2012,
            "quarter": 1,
            "eps": 0.18,
            "eps_growth_year": -68.97,
            "eps_4q": 1.97,
            "eps_4q_growth_year": -18.68,
            "roe": 1.03,
            "roe_4q": 11.530000000000001,
            "gross_profit": 76953,
            "gross_margin": 49.65,
            "gross_margin_4q_avg": 52.35,
            "net_income": 8022,
            "revenue": 154994,
            "common_shares": 436894,
            "book_valuer_per_share": 17.85,
            "book_valuer_per_share_4q_avg": 17.29,
            "equity": 779912,
            "current_ratio": 460.58,
            "debt_ratio": 13.66,
            "inventory_turnover_ratio": 0.3,
            "account_receivable_turnover_ratio": 1.89,
            "reinvestment_rate": 79.46,
            "research_to_sale_ratio": 20.14,
            "price_fair": 66.06,
            "eps_avg_yearly": 1.89,
            "eps_latest_yearly": 0.72,
            "eps_growth_yearly": 215.23
        },
        "20122": {
            "year_quarter": 20122,
            "year": 2012,
            "quarter": 2,
            "eps": 0.55,
            "eps_growth_year": -19.32,
            "eps_4q": 1.84,
            "eps_4q_growth_year": -28.73,
            "roe": 3.18,
            "roe_4q": 10.71,
            "gross_profit": 100568,
            "gross_margin": 54.62,
            "gross_margin_4q_avg": 53.01,
            "net_income": 24047,
            "revenue": 184111,
            "common_shares": 436894,
            "book_valuer_per_share": 16.73,
            "book_valuer_per_share_4q_avg": 17.37,
            "equity": 731123,
            "current_ratio": 259.79,
            "debt_ratio": 23.95,
            "inventory_turnover_ratio": 0.34,
            "account_receivable_turnover_ratio": 2.44,
            "reinvestment_rate": 73.8,
            "research_to_sale_ratio": 18.06,
            "price_fair": 68.08,
            "eps_avg_yearly": 1.95,
            "eps_latest_yearly": 2.2,
            "eps_growth_yearly": 279.12
        },
        "20123": {
            "year_quarter": 20123,
            "year": 2012,
            "quarter": 3,
            "eps": 0.53,
            "eps_growth_year": -3.97,
            "eps_4q": 1.82,
            "eps_4q_growth_year": -19.68,
            "roe": 3.13,
            "roe_4q": 10.540000000000001,
            "gross_profit": 95830,
            "gross_margin": 48.99,
            "gross_margin_4q_avg": 52.02,
            "net_income": 23226,
            "revenue": 195600,
            "common_shares": 436894,
            "book_valuer_per_share": 17.19,
            "book_valuer_per_share_4q_avg": 17.38,
            "equity": 751124,
            "current_ratio": 328.8,
            "debt_ratio": 18.8,
            "inventory_turnover_ratio": 0.4,
            "account_receivable_turnover_ratio": 2.45,
            "reinvestment_rate": 66.39,
            "research_to_sale_ratio": 16.85,
            "price_fair": 67.2,
            "eps_avg_yearly": 1.92,
            "eps_latest_yearly": 2.12,
            "eps_growth_yearly": 253.99
        },
        "20124": {
            "year_quarter": 20124,
            "year": 2012,
            "quarter": 4,
            "eps": 0.63,
            "eps_growth_year": 13.57,
            "eps_4q": 1.9,
            "eps_4q_growth_year": -19.86,
            "roe": 3.62,
            "roe_4q": 10.959999999999999,
            "gross_profit": 92333,
            "gross_margin": 53.8,
            "gross_margin_4q_avg": 51.77,
            "net_income": 27681,
            "revenue": 171608,
            "common_shares": 436894,
            "book_valuer_per_share": 17.85,
            "book_valuer_per_share_4q_avg": 17.41,
            "equity": 780061,
            "current_ratio": 384.6,
            "debt_ratio": 16.72,
            "inventory_turnover_ratio": 0.31,
            "account_receivable_turnover_ratio": 2.21,
            "reinvestment_rate": 67.13,
            "research_to_sale_ratio": 20.05,
            "price_fair": 66.76,
            "eps_avg_yearly": 1.91,
            "eps_latest_yearly": 2.52,
            "eps_growth_yearly": 256.72
        },
        "20131": {
            "year_quarter": 20131,
            "year": 2013,
            "quarter": 1,
            "eps": 0.42,
            "eps_growth_year": 133.33,
            "eps_4q": 2.13,
            "eps_4q_growth_year": 8.07,
            "roe": 2.33,
            "roe_4q": 12.26,
            "gross_profit": 87418,
            "gross_margin": 51.08,
            "gross_margin_4q_avg": 52.12,
            "net_income": 18212,
            "revenue": 171123,
            "common_shares": 436894,
            "book_valuer_per_share": 17.87,
            "book_valuer_per_share_4q_avg": 17.41,
            "equity": 780820,
            "current_ratio": 371.8,
            "debt_ratio": 18.5,
            "inventory_turnover_ratio": 0.32,
            "account_receivable_turnover_ratio": 2.4,
            "reinvestment_rate": 24.67,
            "research_to_sale_ratio": 20.28,
            "price_fair": 70.26,
            "eps_avg_yearly": 2.01,
            "eps_latest_yearly": 1.68,
            "eps_growth_yearly": 272.66
        },
        "20132": {
            "year_quarter": 20132,
            "year": 2013,
            "quarter": 2,
            "eps": 0.57,
            "eps_growth_year": 3.56,
            "eps_4q": 2.16,
            "eps_4q_growth_year": 16.95,
            "roe": 3.3,
            "roe_4q": 12.379999999999999,
            "gross_profit": 99539,
            "gross_margin": 52.98,
            "gross_margin_4q_avg": 51.71,
            "net_income": 25099,
            "revenue": 187897,
            "common_shares": 436894,
            "book_valuer_per_share": 17,
            "book_valuer_per_share_4q_avg": 17.48,
            "equity": 742518,
            "current_ratio": 218.5,
            "debt_ratio": 28.94,
            "inventory_turnover_ratio": 0.34,
            "account_receivable_turnover_ratio": 2.49,
            "reinvestment_rate": 23.62,
            "research_to_sale_ratio": 23.28,
            "price_fair": 74.9,
            "eps_avg_yearly": 2.14,
            "eps_latest_yearly": 2.28,
            "eps_growth_yearly": 256.58
        },
        "20133": {
            "year_quarter": 20133,
            "year": 2013,
            "quarter": 3,
            "eps": 0.67,
            "eps_growth_year": 26.03,
            "eps_4q": 2.3,
            "eps_4q_growth_year": 26.11,
            "roe": 3.9,
            "roe_4q": 13.149999999999999,
            "gross_profit": 111897,
            "gross_margin": 55.51,
            "gross_margin_4q_avg": 53.34,
            "net_income": 29476,
            "revenue": 201596,
            "common_shares": 436894,
            "book_valuer_per_share": 17.64,
            "book_valuer_per_share_4q_avg": 17.59,
            "equity": 770545,
            "current_ratio": 340.02,
            "debt_ratio": 18.94,
            "inventory_turnover_ratio": 0.34,
            "account_receivable_turnover_ratio": 2.37,
            "reinvestment_rate": 33.62,
            "research_to_sale_ratio": 18.58,
            "price_fair": 77.7,
            "eps_avg_yearly": 2.22,
            "eps_latest_yearly": 2.68,
            "eps_growth_yearly": 67.22
        },
        "20134": {
            "year_quarter": 20134,
            "year": 2013,
            "quarter": 4,
            "eps": 0.35,
            "eps_growth_year": -45.23,
            "eps_4q": 2.01,
            "eps_4q_growth_year": 5.99,
            "roe": 1.94,
            "roe_4q": 11.47,
            "gross_profit": 90184,
            "gross_margin": 54.53,
            "gross_margin_4q_avg": 53.53,
            "net_income": 15160,
            "revenue": 165384,
            "common_shares": 436894,
            "book_valuer_per_share": 18.12,
            "book_valuer_per_share_4q_avg": 17.66,
            "equity": 791645,
            "current_ratio": 345.92,
            "debt_ratio": 18.53,
            "inventory_turnover_ratio": 0.27,
            "account_receivable_turnover_ratio": 2.14,
            "reinvestment_rate": 23.78,
            "research_to_sale_ratio": 26.06,
            "price_fair": 76.65,
            "eps_avg_yearly": 2.19,
            "eps_latest_yearly": 1.4,
            "eps_growth_yearly": 46.71
        },
        "20141": {
            "year_quarter": 20141,
            "year": 2014,
            "quarter": 1,
            "eps": 0.44,
            "eps_growth_year": 4.76,
            "eps_4q": 2.04,
            "eps_4q_growth_year": -4.57,
            "roe": 2.39,
            "roe_4q": 11.530000000000001,
            "gross_profit": 91913,
            "gross_margin": 54.61,
            "gross_margin_4q_avg": 54.41,
            "net_income": 19175,
            "revenue": 168312,
            "common_shares": 436894,
            "book_valuer_per_share": 18.55,
            "book_valuer_per_share_4q_avg": 17.83,
            "equity": 810309,
            "current_ratio": 371.28,
            "debt_ratio": 17.63,
            "inventory_turnover_ratio": 0.26,
            "account_receivable_turnover_ratio": 2.41,
            "reinvestment_rate": 23.19,
            "research_to_sale_ratio": 21.97,
            "price_fair": 75.08,
            "eps_avg_yearly": 2.15,
            "eps_latest_yearly": 1.76,
            "eps_growth_yearly": 45.16
        },
        "20142": {
            "year_quarter": 20142,
            "year": 2014,
            "quarter": 2,
            "eps": 0.8,
            "eps_growth_year": 40.35,
            "eps_4q": 2.27,
            "eps_4q_growth_year": 5.05,
            "roe": 4.43,
            "roe_4q": 12.66,
            "gross_profit": 117236,
            "gross_margin": 56.01,
            "gross_margin_4q_avg": 55.17,
            "net_income": 35163,
            "revenue": 209313,
            "common_shares": 436894,
            "book_valuer_per_share": 17.8,
            "book_valuer_per_share_4q_avg": 18.03,
            "equity": 777738,
            "current_ratio": 260.72,
            "debt_ratio": 24.79,
            "inventory_turnover_ratio": 0.3,
            "account_receivable_turnover_ratio": 2.53,
            "reinvestment_rate": 12.16,
            "research_to_sale_ratio": 19.04,
            "price_fair": 77.44,
            "eps_avg_yearly": 2.21,
            "eps_latest_yearly": 3.2,
            "eps_growth_yearly": 69.24
        },
        "20143": {
            "year_quarter": 20143,
            "year": 2014,
            "quarter": 3,
            "eps": 0.63,
            "eps_growth_year": -5.97,
            "eps_4q": 2.22,
            "eps_4q_growth_year": -3.53,
            "roe": 3.46,
            "roe_4q": 12.219999999999999,
            "gross_profit": 106908,
            "gross_margin": 53.43,
            "gross_margin_4q_avg": 54.65,
            "net_income": 27419,
            "revenue": 200091,
            "common_shares": 436894,
            "book_valuer_per_share": 18.5,
            "book_valuer_per_share_4q_avg": 18.24,
            "equity": 808076,
            "current_ratio": 233.18,
            "debt_ratio": 33.18,
            "inventory_turnover_ratio": 0.29,
            "account_receivable_turnover_ratio": 2.3,
            "reinvestment_rate": 32.91,
            "research_to_sale_ratio": 19.19,
            "price_fair": 75.25,
            "eps_avg_yearly": 2.15,
            "eps_latest_yearly": 2.52,
            "eps_growth_yearly": 47.42
        },
        "20144": {
            "year_quarter": 20144,
            "year": 2014,
            "quarter": 4,
            "eps": 0.52,
            "eps_growth_year": 50.32,
            "eps_4q": 2.39,
            "eps_4q_growth_year": 18.87,
            "roe": 2.78,
            "roe_4q": 13.06,
            "gross_profit": 100385,
            "gross_margin": 56.02,
            "gross_margin_4q_avg": 55.02,
            "net_income": 22788,
            "revenue": 179194,
            "common_shares": 436894,
            "book_valuer_per_share": 19.07,
            "book_valuer_per_share_4q_avg": 18.48,
            "equity": 833154,
            "current_ratio": 312.22,
            "debt_ratio": 28.55,
            "inventory_turnover_ratio": 0.24,
            "account_receivable_turnover_ratio": 2.41,
            "reinvestment_rate": 31.03,
            "research_to_sale_ratio": 21.29,
            "price_fair": 75.78,
            "eps_avg_yearly": 2.17,
            "eps_latest_yearly": 2.08,
            "eps_growth_yearly": 54.99
        },
        "20151": {
            "year_quarter": 20151,
            "year": 2015,
            "quarter": 1,
            "eps": 0.2,
            "eps_growth_year": -54.55,
            "eps_4q": 2.16,
            "eps_4q_growth_year": 5.92,
            "roe": 1.05,
            "roe_4q": 11.719999999999999,
            "gross_profit": 86620,
            "gross_margin": 52.95,
            "gross_margin_4q_avg": 54.6,
            "net_income": 8800,
            "revenue": 163598,
            "common_shares": 436894,
            "book_valuer_per_share": 19.24,
            "book_valuer_per_share_4q_avg": 18.65,
            "equity": 840799,
            "current_ratio": 314.42,
            "debt_ratio": 27.76,
            "inventory_turnover_ratio": 0.23,
            "account_receivable_turnover_ratio": 2.51,
            "reinvestment_rate": 30.47,
            "research_to_sale_ratio": 22.22,
            "price_fair": 72.45,
            "eps_avg_yearly": 2.07,
            "eps_latest_yearly": 0.8,
            "eps_growth_yearly": 33.08
        },
        "20152": {
            "year_quarter": 20152,
            "year": 2015,
            "quarter": 2,
            "eps": 0.42,
            "eps_growth_year": -47.5,
            "eps_4q": 1.77,
            "eps_4q_growth_year": -22.06,
            "roe": 2.22,
            "roe_4q": 9.510000000000002,
            "gross_profit": 100595,
            "gross_margin": 52.61,
            "gross_margin_4q_avg": 53.75,
            "net_income": 18136,
            "revenue": 191203,
            "common_shares": 436894,
            "book_valuer_per_share": 18.12,
            "book_valuer_per_share_4q_avg": 18.73,
            "equity": 791707,
            "current_ratio": 220.93,
            "debt_ratio": 33.14,
            "inventory_turnover_ratio": 0.27,
            "account_receivable_turnover_ratio": 2.53,
            "reinvestment_rate": 29.06,
            "research_to_sale_ratio": 19.78,
            "price_fair": 70.18,
            "eps_avg_yearly": 2.01,
            "eps_latest_yearly": 1.68,
            "eps_growth_yearly": 56.27
        },
        "20153": {
            "year_quarter": 20153,
            "year": 2015,
            "quarter": 3,
            "eps": 0.54,
            "eps_growth_year": -14.29,
            "eps_4q": 1.67,
            "eps_4q_growth_year": -24.51,
            "roe": 2.91,
            "roe_4q": 8.96,
            "gross_profit": 97239,
            "gross_margin": 53.77,
            "gross_margin_4q_avg": 53.84,
            "net_income": 23442,
            "revenue": 180828,
            "common_shares": 436894,
            "book_valuer_per_share": 18.77,
            "book_valuer_per_share_4q_avg": 18.8,
            "equity": 819876,
            "current_ratio": 229.63,
            "debt_ratio": 31.69,
            "inventory_turnover_ratio": 0.25,
            "account_receivable_turnover_ratio": 2.21,
            "reinvestment_rate": 33.91,
            "research_to_sale_ratio": 21.16,
            "price_fair": 70.09,
            "eps_avg_yearly": 2,
            "eps_latest_yearly": 2.16,
            "eps_growth_yearly": 68.19
        },
        "20154": {
            "year_quarter": 20154,
            "year": 2015,
            "quarter": 4,
            "eps": 0.61,
            "eps_growth_year": 17.12,
            "eps_4q": 1.76,
            "eps_4q_growth_year": -26.28,
            "roe": 3.22,
            "roe_4q": 9.400000000000002,
            "gross_profit": 103325,
            "gross_margin": 53.19,
            "gross_margin_4q_avg": 53.13,
            "net_income": 26689,
            "revenue": 194257,
            "common_shares": 436894,
            "book_valuer_per_share": 19.18,
            "book_valuer_per_share_4q_avg": 18.83,
            "equity": 837978,
            "current_ratio": 306.74,
            "debt_ratio": 26.12,
            "inventory_turnover_ratio": 0.3,
            "account_receivable_turnover_ratio": 2.69,
            "reinvestment_rate": 29.72,
            "research_to_sale_ratio": 17.04,
            "price_fair": 70.53,
            "eps_avg_yearly": 2.02,
            "eps_latest_yearly": 2.44,
            "eps_growth_yearly": 70.98
        },
        "20161": {
            "year_quarter": 20161,
            "year": 2016,
            "quarter": 1,
            "eps": 0.23,
            "eps_growth_year": 15,
            "eps_4q": 1.79,
            "eps_4q_growth_year": -16.8,
            "roe": 1.2,
            "roe_4q": 9.55,
            "gross_profit": 85110,
            "gross_margin": 50.68,
            "gross_margin_4q_avg": 52.56,
            "net_income": 10081,
            "revenue": 167923,
            "common_shares": 436894,
            "book_valuer_per_share": 19.4,
            "book_valuer_per_share_4q_avg": 18.87,
            "equity": 847583,
            "current_ratio": 299.9,
            "debt_ratio": 25.74,
            "inventory_turnover_ratio": 0.29,
            "account_receivable_turnover_ratio": 2.34,
            "reinvestment_rate": 30.17,
            "research_to_sale_ratio": 20.16,
            "price_fair": 70.96,
            "eps_avg_yearly": 2.03,
            "eps_latest_yearly": 0.92,
            "eps_growth_yearly": 72.37
        },
        "20162": {
            "year_quarter": 20162,
            "year": 2016,
            "quarter": 2,
            "eps": 0.62,
            "eps_growth_year": 47.62,
            "eps_4q": 2,
            "eps_4q_growth_year": 13.23,
            "roe": 3.26,
            "roe_4q": 10.59,
            "gross_profit": 105874,
            "gross_margin": 54.21,
            "gross_margin_4q_avg": 52.96,
            "net_income": 27135,
            "revenue": 195303,
            "common_shares": 436894,
            "book_valuer_per_share": 18.65,
            "book_valuer_per_share_4q_avg": 19,
            "equity": 815023,
            "current_ratio": 204.46,
            "debt_ratio": 31.96,
            "inventory_turnover_ratio": 0.31,
            "account_receivable_turnover_ratio": 2.52,
            "reinvestment_rate": 20.72,
            "research_to_sale_ratio": 17.58,
            "price_fair": 71.58,
            "eps_avg_yearly": 2.05,
            "eps_latest_yearly": 2.48,
            "eps_growth_yearly": 63.37
        },
        "20163": {
            "year_quarter": 20163,
            "year": 2016,
            "quarter": 3,
            "eps": 1.68,
            "eps_growth_year": 211.11,
            "eps_4q": 3.14,
            "eps_4q_growth_year": 87.44,
            "roe": 8.62,
            "roe_4q": 16.299999999999997,
            "gross_profit": 174735,
            "gross_margin": 58.67,
            "gross_margin_4q_avg": 54.19,
            "net_income": 73240,
            "revenue": 297827,
            "common_shares": 436894,
            "book_valuer_per_share": 20.25,
            "book_valuer_per_share_4q_avg": 19.37,
            "equity": 884815,
            "current_ratio": 229.78,
            "debt_ratio": 29.62,
            "inventory_turnover_ratio": 0.45,
            "account_receivable_turnover_ratio": 2.14,
            "reinvestment_rate": 23.69,
            "research_to_sale_ratio": 15.37,
            "price_fair": 81.64,
            "eps_avg_yearly": 2.33,
            "eps_latest_yearly": 6.72,
            "eps_growth_yearly": 107.02
        },
        "20164": {
            "year_quarter": 20164,
            "year": 2016,
            "quarter": 4,
            "eps": 0.67,
            "eps_growth_year": 8.97,
            "eps_4q": 3.19,
            "eps_4q_growth_year": 81.06,
            "roe": 3.24,
            "roe_4q": 16.32,
            "gross_profit": 93246,
            "gross_margin": 53.06,
            "gross_margin_4q_avg": 54.16,
            "net_income": 29084,
            "revenue": 175731,
            "common_shares": 436894,
            "book_valuer_per_share": 20.87,
            "book_valuer_per_share_4q_avg": 19.79,
            "equity": 911803,
            "current_ratio": 303.37,
            "debt_ratio": 23.52,
            "inventory_turnover_ratio": 0.34,
            "account_receivable_turnover_ratio": 1.35,
            "reinvestment_rate": 23.4,
            "research_to_sale_ratio": 17.13,
            "price_fair": 81.99,
            "eps_avg_yearly": 2.34,
            "eps_latest_yearly": 2.68,
            "eps_growth_yearly": 87.28
        },
        "20171": {
            "year_quarter": 20171,
            "year": 2017,
            "quarter": 1,
            "eps": 0.3,
            "eps_growth_year": 30.43,
            "eps_4q": 3.26,
            "eps_4q_growth_year": 81.98,
            "roe": 1.43,
            "roe_4q": 16.549999999999997,
            "gross_profit": 95190,
            "gross_margin": 56.14,
            "gross_margin_4q_avg": 55.52,
            "net_income": 13115,
            "revenue": 169560,
            "common_shares": 436894,
            "book_valuer_per_share": 21.06,
            "book_valuer_per_share_4q_avg": 20.21,
            "equity": 920227,
            "current_ratio": 293.87,
            "debt_ratio": 23.43,
            "inventory_turnover_ratio": 0.31,
            "account_receivable_turnover_ratio": 2.39,
            "reinvestment_rate": 57.09,
            "research_to_sale_ratio": 22.13,
            "price_fair": 80.94,
            "eps_avg_yearly": 2.31,
            "eps_latest_yearly": 1.2,
            "eps_growth_yearly": 81.8
        },
        "20172": {
            "year_quarter": 20172,
            "year": 2017,
            "quarter": 2,
            "eps": 0.44,
            "eps_growth_year": -29.03,
            "eps_4q": 2.84,
            "eps_4q_growth_year": 42.02,
            "roe": 2.31,
            "roe_4q": 15.6,
            "gross_profit": 103256,
            "gross_margin": 54.1,
            "gross_margin_4q_avg": 55.49,
            "net_income": 21013,
            "revenue": 190867,
            "common_shares": 436894,
            "book_valuer_per_share": 20.58,
            "book_valuer_per_share_4q_avg": 20.69,
            "equity": 899316,
            "current_ratio": 225.98,
            "debt_ratio": 26.62,
            "inventory_turnover_ratio": 0.35,
            "account_receivable_turnover_ratio": 2.23,
            "reinvestment_rate": 65.87,
            "research_to_sale_ratio": 22.26,
            "price_fair": 79.8,
            "eps_avg_yearly": 2.28,
            "eps_latest_yearly": 1.76,
            "eps_growth_yearly": 84.54
        },
        "20173": {
            "year_quarter": 20173,
            "year": 2017,
            "quarter": 3,
            "eps": 0.69,
            "eps_growth_year": -58.93,
            "eps_4q": 2.01,
            "eps_4q_growth_year": -36.05,
            "roe": 3.63,
            "roe_4q": 10.61,
            "gross_profit": 115075,
            "gross_margin": 56.49,
            "gross_margin_4q_avg": 54.95,
            "net_income": 33262,
            "revenue": 203698,
            "common_shares": 480583,
            "book_valuer_per_share": 19.44,
            "book_valuer_per_share_4q_avg": 20.49,
            "equity": 934097,
            "current_ratio": 262.91,
            "debt_ratio": 22.73,
            "inventory_turnover_ratio": 0.34,
            "account_receivable_turnover_ratio": 2.39,
            "reinvestment_rate": 55.95,
            "research_to_sale_ratio": 20.35,
            "price_fair": 79.98,
            "eps_avg_yearly": 2.29,
            "eps_latest_yearly": 2.76,
            "eps_growth_yearly": 94.36
        },
        "20174": {
            "year_quarter": 20174,
            "year": 2017,
            "quarter": 4,
            "eps": 0.45,
            "eps_growth_year": -32.17,
            "eps_4q": 1.85,
            "eps_4q_growth_year": -41.96,
            "roe": 2.3,
            "roe_4q": 9.67,
            "gross_profit": 104735,
            "gross_margin": 56.67,
            "gross_margin_4q_avg": 55.85,
            "net_income": 21700,
            "revenue": 184825,
            "common_shares": 480583,
            "book_valuer_per_share": 19.83,
            "book_valuer_per_share_4q_avg": 20.23,
            "equity": 953062,
            "current_ratio": 268.5,
            "debt_ratio": 21.89,
            "inventory_turnover_ratio": 0.29,
            "account_receivable_turnover_ratio": 2.46,
            "reinvestment_rate": 56.69,
            "research_to_sale_ratio": 21.26,
            "price_fair": 80.85,
            "eps_avg_yearly": 2.31,
            "eps_latest_yearly": 1.8,
            "eps_growth_yearly": 97.6
        },
        "20181": {
            "year_quarter": 20181,
            "year": 2018,
            "quarter": 1,
            "eps": 0.67,
            "eps_growth_year": 123.33,
            "eps_4q": 2.25,
            "eps_4q_growth_year": -30.99,
            "roe": 3.32,
            "roe_4q": 11.56,
            "gross_profit": 110331,
            "gross_margin": 54.37,
            "gross_margin_4q_avg": 55.41,
            "net_income": 32247,
            "revenue": 202925,
            "common_shares": 480583,
            "book_valuer_per_share": 20.58,
            "book_valuer_per_share_4q_avg": 20.11,
            "equity": 989159,
            "current_ratio": 292.01,
            "debt_ratio": 19.7,
            "inventory_turnover_ratio": 0.32,
            "account_receivable_turnover_ratio": 2.46,
            "reinvestment_rate": 53.87,
            "research_to_sale_ratio": 18.57,
            "price_fair": 82.86,
            "eps_avg_yearly": 2.37,
            "eps_latest_yearly": 2.68,
            "eps_growth_yearly": 103.4
        },
        "20182": {
            "year_quarter": 20182,
            "year": 2018,
            "quarter": 2,
            "eps": 0.62,
            "eps_growth_year": 40.91,
            "eps_4q": 2.44,
            "eps_4q_growth_year": -14.18,
            "roe": 3.09,
            "roe_4q": 12.34,
            "gross_profit": 117287,
            "gross_margin": 56.23,
            "gross_margin_4q_avg": 55.94,
            "net_income": 29888,
            "revenue": 208590,
            "common_shares": 480583,
            "book_valuer_per_share": 19.69,
            "book_valuer_per_share_4q_avg": 19.89,
            "equity": 946112,
            "current_ratio": 189.22,
            "debt_ratio": 27.8,
            "inventory_turnover_ratio": 0.3,
            "account_receivable_turnover_ratio": 1.98,
            "reinvestment_rate": 59.71,
            "research_to_sale_ratio": 19.93,
            "price_fair": 81.29,
            "eps_avg_yearly": 2.32,
            "eps_latest_yearly": 2.48,
            "eps_growth_yearly": 81.08
        },
        "20183": {
            "year_quarter": 20183,
            "year": 2018,
            "quarter": 3,
            "eps": 0.46,
            "eps_growth_year": -33.33,
            "eps_4q": 2.2,
            "eps_4q_growth_year": 9.75,
            "roe": 2.31,
            "roe_4q": 11.02,
            "gross_profit": 117862,
            "gross_margin": 59.01,
            "gross_margin_4q_avg": 56.57,
            "net_income": 22041,
            "revenue": 199730,
            "common_shares": 480583,
            "book_valuer_per_share": 20.07,
            "book_valuer_per_share_4q_avg": 20.04,
            "equity": 964374,
            "current_ratio": 173.92,
            "debt_ratio": 26.57,
            "inventory_turnover_ratio": 0.25,
            "account_receivable_turnover_ratio": 1.87,
            "reinvestment_rate": 17.96,
            "research_to_sale_ratio": 22.5,
            "price_fair": 79.8,
            "eps_avg_yearly": 2.28,
            "eps_latest_yearly": 1.84,
            "eps_growth_yearly": 79.94
        },
        "20184": {
            "year_quarter": 20184,
            "year": 2018,
            "quarter": 4,
            "eps": 0.31,
            "eps_growth_year": -31.27,
            "eps_4q": 2.06,
            "eps_4q_growth_year": 11.23,
            "roe": 1.54,
            "roe_4q": 10.26,
            "gross_profit": 111165,
            "gross_margin": 55.11,
            "gross_margin_4q_avg": 56.18,
            "net_income": 14915,
            "revenue": 201716,
            "common_shares": 480583,
            "book_valuer_per_share": 20.35,
            "book_valuer_per_share_4q_avg": 20.17,
            "equity": 977842,
            "current_ratio": 268.58,
            "debt_ratio": 27.25,
            "inventory_turnover_ratio": 0.27,
            "account_receivable_turnover_ratio": 2.16,
            "reinvestment_rate": 24,
            "research_to_sale_ratio": 22.35,
            "price_fair": 77.96,
            "eps_avg_yearly": 2.23,
            "eps_latest_yearly": 1.24,
            "eps_growth_yearly": 76.15
        },
        "20191": {
            "year_quarter": 20191,
            "year": 2019,
            "quarter": 1,
            "eps": 0.13,
            "eps_growth_year": -80.6,
            "eps_4q": 1.52,
            "eps_4q_growth_year": -32.62,
            "roe": 0.62,
            "roe_4q": 7.5600000000000005,
            "gross_profit": 99116,
            "gross_margin": 54.75,
            "gross_margin_4q_avg": 56.28,
            "net_income": 6080,
            "revenue": 181025,
            "common_shares": 480583,
            "book_valuer_per_share": 20.51,
            "book_valuer_per_share_4q_avg": 20.16,
            "equity": 985505,
            "current_ratio": 263.19,
            "debt_ratio": 27.27,
            "inventory_turnover_ratio": 0.24,
            "account_receivable_turnover_ratio": 2.1,
            "reinvestment_rate": 28.77,
            "research_to_sale_ratio": 25.14,
            "price_fair": 77.35,
            "eps_avg_yearly": 2.21,
            "eps_latest_yearly": 0.52,
            "eps_growth_yearly": 77.02
        },
        "20192": {
            "year_quarter": 20192,
            "year": 2019,
            "quarter": 2,
            "eps": 0.14,
            "eps_growth_year": -77.42,
            "eps_4q": 0.94,
            "eps_4q_growth_year": -61.4,
            "roe": 0.69,
            "roe_4q": 5.16,
            "gross_profit": 104961,
            "gross_margin": 55,
            "gross_margin_4q_avg": 55.97,
            "net_income": 6679,
            "revenue": 190843,
            "common_shares": 480583,
            "book_valuer_per_share": 19.91,
            "book_valuer_per_share_4q_avg": 20.21,
            "equity": 956820,
            "current_ratio": 203.44,
            "debt_ratio": 31.21,
            "inventory_turnover_ratio": 0.24,
            "account_receivable_turnover_ratio": 2.2,
            "reinvestment_rate": 33.1,
            "research_to_sale_ratio": 25.08,
            "price_fair": 74.9,
            "eps_avg_yearly": 2.14,
            "eps_latest_yearly": 0.56,
            "eps_growth_yearly": 51.44
        },
        "20193": {
            "year_quarter": 20193,
            "year": 2019,
            "quarter": 3,
            "eps": 0.37,
            "eps_growth_year": -19.57,
            "eps_4q": 0.89,
            "eps_4q_growth_year": -59.56,
            "roe": 2.01,
            "roe_4q": 4.859999999999999,
            "gross_profit": 119686,
            "gross_margin": 56.61,
            "gross_margin_4q_avg": 55.37,
            "net_income": 19422,
            "revenue": 211431,
            "common_shares": 528641,
            "book_valuer_per_share": 18.41,
            "book_valuer_per_share_4q_avg": 19.8,
            "equity": 973152,
            "current_ratio": 204.13,
            "debt_ratio": 30.52,
            "inventory_turnover_ratio": 0.27,
            "account_receivable_turnover_ratio": 2.21,
            "reinvestment_rate": 35.43,
            "research_to_sale_ratio": 24.74,
            "price_fair": 73.41,
            "eps_avg_yearly": 2.1,
            "eps_latest_yearly": 1.48,
            "eps_growth_yearly": 85.37
        },
        "20194": {
            "year_quarter": 20194,
            "year": 2019,
            "quarter": 4,
            "eps": 0.31,
            "eps_growth_year": 0.73,
            "eps_4q": 0.92,
            "eps_4q_growth_year": -55.31,
            "roe": 1.69,
            "roe_4q": 5.01,
            "gross_profit": 112615,
            "gross_margin": 56.75,
            "gross_margin_4q_avg": 55.78,
            "net_income": 16527,
            "revenue": 198426,
            "common_shares": 528642,
            "book_valuer_per_share": 18.63,
            "book_valuer_per_share_4q_avg": 19.37,
            "equity": 984638,
            "current_ratio": 236.84,
            "debt_ratio": 27.11,
            "inventory_turnover_ratio": 0.26,
            "account_receivable_turnover_ratio": 2.45,
            "reinvestment_rate": 39.29,
            "research_to_sale_ratio": 26.3,
            "price_fair": 70.79,
            "eps_avg_yearly": 2.02,
            "eps_latest_yearly": 1.24,
            "eps_growth_yearly": 78.08
        },
        "20201": {
            "year_quarter": 20201,
            "year": 2020,
            "quarter": 1,
            "eps": 0.12,
            "eps_growth_year": -7.69,
            "eps_4q": 0.92,
            "eps_4q_growth_year": -39.27,
            "roe": 0.62,
            "roe_4q": 5.01,
            "gross_profit": 97720,
            "gross_margin": 53.28,
            "gross_margin_4q_avg": 55.41,
            "net_income": 6090,
            "revenue": 183406,
            "common_shares": 528642,
            "book_valuer_per_share": 18.71,
            "book_valuer_per_share_4q_avg": 18.92,
            "equity": 988935,
            "current_ratio": 242.59,
            "debt_ratio": 26.11,
            "inventory_turnover_ratio": 0.27,
            "account_receivable_turnover_ratio": 2.59,
            "reinvestment_rate": 40.45,
            "research_to_sale_ratio": 27.02,
            "price_fair": 69.83,
            "eps_avg_yearly": 2,
            "eps_latest_yearly": 0.48,
            "eps_growth_yearly": 78.33
        },
        "20202": {
            "year_quarter": 20202,
            "year": 2020,
            "quarter": 2,
            "eps": 0.12,
            "eps_growth_year": -14.29,
            "eps_4q": 0.91,
            "eps_4q_growth_year": -3.09,
            "roe": 0.63,
            "roe_4q": 4.949999999999999,
            "gross_profit": 99519,
            "gross_margin": 55.27,
            "gross_margin_4q_avg": 55.48,
            "net_income": 6139,
            "revenue": 180064,
            "common_shares": 528642,
            "book_valuer_per_share": 18.1,
            "book_valuer_per_share_4q_avg": 18.46,
            "equity": 956980,
            "current_ratio": 205.51,
            "debt_ratio": 28.62,
            "inventory_turnover_ratio": 0.26,
            "account_receivable_turnover_ratio": 2.17,
            "reinvestment_rate": 41.21,
            "research_to_sale_ratio": 28.46,
            "price_fair": 65.45,
            "eps_avg_yearly": 1.87,
            "eps_latest_yearly": 0.48,
            "eps_growth_yearly": 35.94
        },
        "20203": {
            "year_quarter": 20203,
            "year": 2020,
            "quarter": 3,
            "eps": 0.14,
            "eps_growth_year": -62.16,
            "eps_4q": 0.69,
            "eps_4q_growth_year": -22.89,
            "roe": 0.79,
            "roe_4q": 3.73,
            "gross_profit": 101780,
            "gross_margin": 55.72,
            "gross_margin_4q_avg": 55.26,
            "net_income": 7559,
            "revenue": 182659,
            "common_shares": 528642,
            "book_valuer_per_share": 18.28,
            "book_valuer_per_share_4q_avg": 18.43,
            "equity": 966161,
            "current_ratio": 220.09,
            "debt_ratio": 26.63,
            "inventory_turnover_ratio": 0.26,
            "account_receivable_turnover_ratio": 2.28,
            "reinvestment_rate": 49.14,
            "research_to_sale_ratio": 26.7,
            "price_fair": 4.46,
            "eps_avg_yearly": 1.49,
            "eps_latest_yearly": 0.56,
            "eps_growth_yearly": -2.64
        },
        "20204": {
            "year_quarter": 20204,
            "year": 2020,
            "quarter": 4,
            "eps": 0.38,
            "eps_growth_year": 22.19,
            "eps_4q": 0.76,
            "eps_4q_growth_year": -17.91,
            "roe": 2.06,
            "roe_4q": 4.1,
            "gross_profit": 113160,
            "gross_margin": 53.41,
            "gross_margin_4q_avg": 54.42,
            "net_income": 20195,
            "revenue": 211863,
            "common_shares": 528642,
            "book_valuer_per_share": 18.73,
            "book_valuer_per_share_4q_avg": 18.46,
            "equity": 989914,
            "current_ratio": 245.79,
            "debt_ratio": 24.11,
            "inventory_turnover_ratio": 0.32,
            "account_receivable_turnover_ratio": 2.5,
            "reinvestment_rate": 47.69,
            "research_to_sale_ratio": 24.78,
            "price_fair": 49.44,
            "eps_avg_yearly": 1.41,
            "eps_latest_yearly": 1.52,
            "eps_growth_yearly": 55.25
        },
        "20211": {
            "year_quarter": 20211,
            "year": 2021,
            "quarter": 1,
            "eps": 0.44,
            "eps_growth_year": 266.67,
            "eps_4q": 1.08,
            "eps_4q_growth_year": 17.51,
            "roe": 2.33,
            "roe_4q": 5.8100000000000005,
            "gross_profit": 121383,
            "gross_margin": 54.82,
            "gross_margin_4q_avg": 54.81,
            "net_income": 23356,
            "revenue": 221415,
            "common_shares": 528642,
            "book_valuer_per_share": 19.15,
            "book_valuer_per_share_4q_avg": 18.57,
            "equity": 1012565,
            "current_ratio": 238.02,
            "debt_ratio": 25.04,
            "inventory_turnover_ratio": 0.34,
            "account_receivable_turnover_ratio": 2.23,
            "reinvestment_rate": 42.82,
            "research_to_sale_ratio": 22.13,
            "price_fair": 50.66,
            "eps_avg_yearly": 1.45,
            "eps_latest_yearly": 1.76,
            "eps_growth_yearly": 73
        },
        "20212": {
            "year_quarter": 20212,
            "year": 2021,
            "quarter": 2,
            "eps": 0.98,
            "eps_growth_year": 716.67,
            "eps_4q": 1.95,
            "eps_4q_growth_year": 113.52,
            "roe": 5.08,
            "roe_4q": 10.260000000000002,
            "gross_profit": 168637,
            "gross_margin": 58.93,
            "gross_margin_4q_avg": 55.72,
            "net_income": 51760,
            "revenue": 286183,
            "common_shares": 528642,
            "book_valuer_per_share": 19.41,
            "book_valuer_per_share_4q_avg": 18.89,
            "equity": 1026096,
            "current_ratio": 221.95,
            "debt_ratio": 26.81,
            "inventory_turnover_ratio": 0.38,
            "account_receivable_turnover_ratio": 2.43,
            "reinvestment_rate": 25.83,
            "research_to_sale_ratio": 19.9,
            "price_fair": 55.39,
            "eps_avg_yearly": 1.58,
            "eps_latest_yearly": 3.92,
            "eps_growth_yearly": 92.02
        },
        "20213": {
            "year_quarter": 20213,
            "year": 2021,
            "quarter": 3,
            "eps": 0.65,
            "eps_growth_year": 364.29,
            "eps_4q": 2.45,
            "eps_4q_growth_year": 257.06,
            "roe": 3.29,
            "roe_4q": 12.760000000000002,
            "gross_profit": 140593,
            "gross_margin": 58.92,
            "gross_margin_4q_avg": 56.52,
            "net_income": 34354,
            "revenue": 238608,
            "common_shares": 528642,
            "book_valuer_per_share": 20.07,
            "book_valuer_per_share_4q_avg": 19.34,
            "equity": 1060830,
            "current_ratio": 225.44,
            "debt_ratio": 26.7,
            "inventory_turnover_ratio": 0.27,
            "account_receivable_turnover_ratio": 2.14,
            "reinvestment_rate": 22.49,
            "research_to_sale_ratio": 23.32,
            "price_fair": 55.04,
            "eps_avg_yearly": 1.57,
            "eps_latest_yearly": 2.6,
            "eps_growth_yearly": 69.39
        },
        "20214": {
            "year_quarter": 20214,
            "year": 2021,
            "quarter": 4,
            "eps": 1.16,
            "eps_growth_year": 202.83,
            "eps_4q": 3.23,
            "eps_4q_growth_year": 326.75,
            "roe": 5.61,
            "roe_4q": 16.310000000000002,
            "gross_profit": 194391,
            "gross_margin": 65.74,
            "gross_margin_4q_avg": 59.6,
            "net_income": 61157,
            "revenue": 295699,
            "common_shares": 528642,
            "book_valuer_per_share": 21.2,
            "book_valuer_per_share_4q_avg": 19.96,
            "equity": 1120877,
            "current_ratio": 248.59,
            "debt_ratio": 24.98,
            "inventory_turnover_ratio": 0.23,
            "account_receivable_turnover_ratio": 2.96,
            "reinvestment_rate": 17.23,
            "research_to_sale_ratio": 23.36,
            "price_fair": 61.25,
            "eps_avg_yearly": 1.75,
            "eps_latest_yearly": 4.64,
            "eps_growth_yearly": 97.7
        },
        "20221": {
            "year_quarter": 20221,
            "year": 2022,
            "quarter": 1,
            "eps": 0.63,
            "eps_growth_year": 43.18,
            "eps_4q": 3.42,
            "eps_4q_growth_year": 215.35,
            "roe": 2.92,
            "roe_4q": 16.9,
            "gross_profit": 145769,
            "gross_margin": 56.81,
            "gross_margin_4q_avg": 60.1,
            "net_income": 33266,
            "revenue": 256584,
            "common_shares": 528642,
            "book_valuer_per_share": 21.9,
            "book_valuer_per_share_4q_avg": 20.65,
            "equity": 1157782,
            "current_ratio": 230.57,
            "debt_ratio": 25.52,
            "inventory_turnover_ratio": 0.23,
            "account_receivable_turnover_ratio": 2.37,
            "reinvestment_rate": 22.78,
            "research_to_sale_ratio": 21.66,
            "price_fair": 60.9,
            "eps_avg_yearly": 1.74,
            "eps_latest_yearly": 2.52,
            "eps_growth_yearly": 74.06
        },
        "20222": {
            "year_quarter": 20222,
            "year": 2022,
            "quarter": 2,
            "eps": 1.21,
            "eps_growth_year": 23.47,
            "eps_4q": 3.32,
            "eps_4q_growth_year": 70.55,
            "roe": 5.59,
            "roe_4q": 17.41,
            "gross_profit": 187178,
            "gross_margin": 59.19,
            "gross_margin_4q_avg": 60.17,
            "net_income": 64209,
            "revenue": 316251,
            "common_shares": 528642,
            "book_valuer_per_share": 21.59,
            "book_valuer_per_share_4q_avg": 21.19,
            "equity": 1141134,
            "current_ratio": 190.75,
            "debt_ratio": 30.51,
            "inventory_turnover_ratio": 0.24,
            "account_receivable_turnover_ratio": 2.43,
            "reinvestment_rate": 23.16,
            "research_to_sale_ratio": 16.3,
            "price_fair": 66.06,
            "eps_avg_yearly": 1.89,
            "eps_latest_yearly": 4.84,
            "eps_growth_yearly": 98.94
        },
        "20223": {
            "year_quarter": 20223,
            "year": 2022,
            "quarter": 3,
            "eps": 1.5,
            "eps_growth_year": 130.77,
            "eps_4q": 4.23,
            "eps_4q_growth_year": 72.28,
            "roe": 7.35,
            "roe_4q": 21.47,
            "gross_profit": 219584,
            "gross_margin": 60.02,
            "gross_margin_4q_avg": 60.44,
            "net_income": 87087,
            "revenue": 365860,
            "common_shares": 581506,
            "book_valuer_per_share": 21.14,
            "book_valuer_per_share_4q_avg": 21.46,
            "equity": 1229443,
            "current_ratio": 209.81,
            "debt_ratio": 28.28,
            "inventory_turnover_ratio": 0.25,
            "account_receivable_turnover_ratio": 2.24,
            "reinvestment_rate": 7.29,
            "research_to_sale_ratio": 15.33,
            "price_fair": 75.16,
            "eps_avg_yearly": 2.15,
            "eps_latest_yearly": 6,
            "eps_growth_yearly": 111.38
        },
        "20224": {
            "year_quarter": 20224,
            "year": 2022,
            "quarter": 4,
            "eps": 0.8,
            "eps_growth_year": -30.46,
            "eps_4q": 3.98,
            "eps_4q_growth_year": 23.26,
            "roe": 3.74,
            "roe_4q": 19.6,
            "gross_profit": 168007,
            "gross_margin": 59.06,
            "gross_margin_4q_avg": 58.77,
            "net_income": 46784,
            "revenue": 284450,
            "common_shares": 581506,
            "book_valuer_per_share": 21.83,
            "book_valuer_per_share_4q_avg": 21.62,
            "equity": 1269519,
            "current_ratio": 230.15,
            "debt_ratio": 24.46,
            "inventory_turnover_ratio": 0.19,
            "account_receivable_turnover_ratio": 2.09,
            "reinvestment_rate": 11.62,
            "research_to_sale_ratio": 18.62,
            "price_fair": 79.45,
            "eps_avg_yearly": 2.27,
            "eps_latest_yearly": 3.2,
            "eps_growth_yearly": 107.87
        },
        "20231": {
            "year_quarter": 20231,
            "year": 2023,
            "quarter": 1,
            "eps": 0.63,
            "eps_growth_year": 0,
            "eps_4q": 4.04,
            "eps_4q_growth_year": 18.26,
            "roe": 2.85,
            "roe_4q": 19.53,
            "gross_profit": 152369,
            "gross_margin": 56.16,
            "gross_margin_4q_avg": 58.61,
            "net_income": 36771,
            "revenue": 271321,
            "common_shares": 581506,
            "book_valuer_per_share": 22.49,
            "book_valuer_per_share_4q_avg": 21.76,
            "equity": 1307904,
            "current_ratio": 233.03,
            "debt_ratio": 24.76,
            "inventory_turnover_ratio": 0.18,
            "account_receivable_turnover_ratio": 2.58,
            "reinvestment_rate": 9.24,
            "research_to_sale_ratio": 18.14,
            "price_fair": 83.83,
            "eps_avg_yearly": 2.4,
            "eps_latest_yearly": 2.52,
            "eps_growth_yearly": 117.07
        }
    },
    "months": {
        "2007-10": {
            "month": "2007-10",
            "price": "73.90",
            "revenue": 49522
        },
        "2007-11": {
            "month": "2007-11",
            "price": "90.05",
            "revenue": 54372
        },
        "2007-12": {
            "month": "2007-12",
            "price": "77.59",
            "revenue": 36566
        },
        "2008-01": {
            "month": "2008-01",
            "price": "69.61",
            "revenue": 54032
        },
        "2008-02": {
            "month": "2008-02",
            "price": "70.57",
            "revenue": 42529
        },
        "2008-03": {
            "month": "2008-03",
            "price": "75.76",
            "revenue": 46851
        },
        "2008-04": {
            "month": "2008-04",
            "price": "81.62",
            "revenue": 56896
        },
        "2008-05": {
            "month": "2008-05",
            "price": "79.72",
            "revenue": 44582
        },
        "2008-06": {
            "month": "2008-06",
            "price": "70.48",
            "revenue": 46724
        },
        "2008-07": {
            "month": "2008-07",
            "price": "58.16",
            "revenue": 47992
        },
        "2008-08": {
            "month": "2008-08",
            "price": "54.90",
            "revenue": 40905
        },
        "2008-09": {
            "month": "2008-09",
            "price": "50.70",
            "revenue": 43654
        },
        "2008-10": {
            "month": "2008-10",
            "price": "44.60",
            "revenue": 53251
        },
        "2008-11": {
            "month": "2008-11",
            "price": "35.85",
            "revenue": 41104
        },
        "2008-12": {
            "month": "2008-12",
            "price": "27.23",
            "revenue": 36147
        },
        "2009-01": {
            "month": "2009-01",
            "price": "21.02",
            "revenue": 22713
        },
        "2009-02": {
            "month": "2009-02",
            "price": "18.77",
            "revenue": 32087
        },
        "2009-03": {
            "month": "2009-03",
            "price": "19.93",
            "revenue": 30760
        },
        "2009-04": {
            "month": "2009-04",
            "price": "24.18",
            "revenue": 26646
        },
        "2009-05": {
            "month": "2009-05",
            "price": "22.64",
            "revenue": 27654
        },
        "2009-06": {
            "month": "2009-06",
            "price": "25.72",
            "revenue": 36529
        },
        "2009-07": {
            "month": "2009-07",
            "price": "24.65",
            "revenue": 41470
        },
        "2009-08": {
            "month": "2009-08",
            "price": "24.94",
            "revenue": 31936
        },
        "2009-09": {
            "month": "2009-09",
            "price": "24.19",
            "revenue": 42911
        },
        "2009-10": {
            "month": "2009-10",
            "price": "26.83",
            "revenue": 43979
        },
        "2009-11": {
            "month": "2009-11",
            "price": "27.01",
            "revenue": 41703
        },
        "2009-12": {
            "month": "2009-12",
            "price": "56.03",
            "revenue": 37030
        },
        "2010-01": {
            "month": "2010-01",
            "price": "79.70",
            "revenue": 42983
        },
        "2010-02": {
            "month": "2010-02",
            "price": "65.11",
            "revenue": 33431
        },
        "2010-03": {
            "month": "2010-03",
            "price": "81.41",
            "revenue": 51637
        },
        "2010-04": {
            "month": "2010-04",
            "price": "78.62",
            "revenue": 52280
        },
        "2010-05": {
            "month": "2010-05",
            "price": "66.26",
            "revenue": 52119
        },
        "2010-06": {
            "month": "2010-06",
            "price": "69.28",
            "revenue": 49785
        },
        "2010-07": {
            "month": "2010-07",
            "price": "70.08",
            "revenue": 63515
        },
        "2010-08": {
            "month": "2010-08",
            "price": "75.83",
            "revenue": 48296
        },
        "2010-09": {
            "month": "2010-09",
            "price": "70.27",
            "revenue": 56933
        },
        "2010-10": {
            "month": "2010-10",
            "price": "62.15",
            "revenue": 56314
        },
        "2010-11": {
            "month": "2010-11",
            "price": "52.02",
            "revenue": 50945
        },
        "2010-12": {
            "month": "2010-12",
            "price": "56.94",
            "revenue": 50505
        },
        "2011-01": {
            "month": "2011-01",
            "price": "53.32",
            "revenue": 51886
        },
        "2011-02": {
            "month": "2011-02",
            "price": "50.79",
            "revenue": 41553
        },
        "2011-03": {
            "month": "2011-03",
            "price": "47.05",
            "revenue": 60150
        },
        "2011-04": {
            "month": "2011-04",
            "price": "43.74",
            "revenue": 54351
        },
        "2011-05": {
            "month": "2011-05",
            "price": "42.60",
            "revenue": 55538
        },
        "2011-06": {
            "month": "2011-06",
            "price": "44.19",
            "revenue": 64316
        },
        "2011-07": {
            "month": "2011-07",
            "price": "41.30",
            "revenue": 57468
        },
        "2011-08": {
            "month": "2011-08",
            "price": "33.32",
            "revenue": 52912
        },
        "2011-09": {
            "month": "2011-09",
            "price": "31.62",
            "revenue": 53023
        },
        "2011-10": {
            "month": "2011-10",
            "price": "30.76",
            "revenue": 61805
        },
        "2011-11": {
            "month": "2011-11",
            "price": "30.37",
            "revenue": 50682
        },
        "2011-12": {
            "month": "2011-12",
            "price": "27.95",
            "revenue": 51903
        },
        "2012-01": {
            "month": "2012-01",
            "price": "28.44",
            "revenue": 31047
        },
        "2012-02": {
            "month": "2012-02",
            "price": "33.15",
            "revenue": 50888
        },
        "2012-03": {
            "month": "2012-03",
            "price": "33.99",
            "revenue": 58961
        },
        "2012-04": {
            "month": "2012-04",
            "price": "29.89",
            "revenue": 61110
        },
        "2012-05": {
            "month": "2012-05",
            "price": "28.87",
            "revenue": 54712
        },
        "2012-06": {
            "month": "2012-06",
            "price": "27.88",
            "revenue": 51114
        },
        "2012-07": {
            "month": "2012-07",
            "price": "26.24",
            "revenue": 57091
        },
        "2012-08": {
            "month": "2012-08",
            "price": "26.51",
            "revenue": 72491
        },
        "2012-09": {
            "month": "2012-09",
            "price": "30.25",
            "revenue": 51460
        },
        "2012-10": {
            "month": "2012-10",
            "price": "27.23",
            "revenue": 55166
        },
        "2012-11": {
            "month": "2012-11",
            "price": "24.42",
            "revenue": 59427
        },
        "2012-12": {
            "month": "2012-12",
            "price": "24.80",
            "revenue": 48177
        },
        "2013-01": {
            "month": "2013-01",
            "price": "24.95",
            "revenue": 47010
        },
        "2013-02": {
            "month": "2013-02",
            "price": "25.50",
            "revenue": 46362
        },
        "2013-03": {
            "month": "2013-03",
            "price": "26.69",
            "revenue": 77750
        },
        "2013-04": {
            "month": "2013-04",
            "price": "28.87",
            "revenue": 61276
        },
        "2013-05": {
            "month": "2013-05",
            "price": "28.00",
            "revenue": 64727
        },
        "2013-06": {
            "month": "2013-06",
            "price": "27.50",
            "revenue": 61895
        },
        "2013-07": {
            "month": "2013-07",
            "price": "26.52",
            "revenue": 69456
        },
        "2013-08": {
            "month": "2013-08",
            "price": "28.08",
            "revenue": 73066
        },
        "2013-09": {
            "month": "2013-09",
            "price": "28.43",
            "revenue": 59074
        },
        "2013-10": {
            "month": "2013-10",
            "price": "28.93",
            "revenue": 55444
        },
        "2013-11": {
            "month": "2013-11",
            "price": "28.91",
            "revenue": 58361
        },
        "2013-12": {
            "month": "2013-12",
            "price": "35.53",
            "revenue": 51579
        },
        "2014-01": {
            "month": "2014-01",
            "price": "39.11",
            "revenue": 56055
        },
        "2014-02": {
            "month": "2014-02",
            "price": "42.38",
            "revenue": 52165
        },
        "2014-03": {
            "month": "2014-03",
            "price": "46.78",
            "revenue": 60092
        },
        "2014-04": {
            "month": "2014-04",
            "price": "43.36",
            "revenue": 73028
        },
        "2014-05": {
            "month": "2014-05",
            "price": "45.06",
            "revenue": 70494
        },
        "2014-06": {
            "month": "2014-06",
            "price": "52.62",
            "revenue": 65791
        },
        "2014-07": {
            "month": "2014-07",
            "price": "47.70",
            "revenue": 68346
        },
        "2014-08": {
            "month": "2014-08",
            "price": "50.65",
            "revenue": 61117
        },
        "2014-09": {
            "month": "2014-09",
            "price": "45.82",
            "revenue": 70628
        },
        "2014-10": {
            "month": "2014-10",
            "price": "38.95",
            "revenue": 58201
        },
        "2014-11": {
            "month": "2014-11",
            "price": "38.18",
            "revenue": 55354
        },
        "2014-12": {
            "month": "2014-12",
            "price": "43.20",
            "revenue": 65640
        },
        "2015-01": {
            "month": "2015-01",
            "price": "43.98",
            "revenue": 51654
        },
        "2015-02": {
            "month": "2015-02",
            "price": "41.56",
            "revenue": 45881
        },
        "2015-03": {
            "month": "2015-03",
            "price": "41.34",
            "revenue": 66063
        },
        "2015-04": {
            "month": "2015-04",
            "price": "42.56",
            "revenue": 69353
        },
        "2015-05": {
            "month": "2015-05",
            "price": "40.19",
            "revenue": 58491
        },
        "2015-06": {
            "month": "2015-06",
            "price": "37.69",
            "revenue": 63359
        },
        "2015-07": {
            "month": "2015-07",
            "price": "34.42",
            "revenue": 64111
        },
        "2015-08": {
            "month": "2015-08",
            "price": "28.41",
            "revenue": 55052
        },
        "2015-09": {
            "month": "2015-09",
            "price": "30.00",
            "revenue": 61664
        },
        "2015-10": {
            "month": "2015-10",
            "price": "31.91",
            "revenue": 68793
        },
        "2015-11": {
            "month": "2015-11",
            "price": "31.60",
            "revenue": 63333
        },
        "2015-12": {
            "month": "2015-12",
            "price": "30.09",
            "revenue": 62132
        },
        "2016-01": {
            "month": "2016-01",
            "price": "29.74",
            "revenue": 53285
        },
        "2016-02": {
            "month": "2016-02",
            "price": "30.95",
            "revenue": 51340
        },
        "2016-03": {
            "month": "2016-03",
            "price": "32.45",
            "revenue": 63299
        },
        "2016-04": {
            "month": "2016-04",
            "price": "34.37",
            "revenue": 54437
        },
        "2016-05": {
            "month": "2016-05",
            "price": "34.10",
            "revenue": 73495
        },
        "2016-06": {
            "month": "2016-06",
            "price": "35.13",
            "revenue": 67371
        },
        "2016-07": {
            "month": "2016-07",
            "price": "35.37",
            "revenue": 60972
        },
        "2016-08": {
            "month": "2016-08",
            "price": "36.38",
            "revenue": 59040
        },
        "2016-09": {
            "month": "2016-09",
            "price": "36.40",
            "revenue": 177815
        },
        "2016-10": {
            "month": "2016-10",
            "price": "37.97",
            "revenue": 52635
        },
        "2016-11": {
            "month": "2016-11",
            "price": "35.37",
            "revenue": 70135
        },
        "2016-12": {
            "month": "2016-12",
            "price": "35.68",
            "revenue": 52961
        },
        "2017-01": {
            "month": "2017-01",
            "price": "35.22",
            "revenue": 45110
        },
        "2017-02": {
            "month": "2017-02",
            "price": "35.72",
            "revenue": 47998
        },
        "2017-03": {
            "month": "2017-03",
            "price": "36.24",
            "revenue": 76452
        },
        "2017-04": {
            "month": "2017-04",
            "price": "36.93",
            "revenue": 53449
        },
        "2017-05": {
            "month": "2017-05",
            "price": "36.15",
            "revenue": 62014
        },
        "2017-06": {
            "month": "2017-06",
            "price": "36.81",
            "revenue": 75404
        },
        "2017-07": {
            "month": "2017-07",
            "price": "35.56",
            "revenue": 78518
        },
        "2017-08": {
            "month": "2017-08",
            "price": "34.71",
            "revenue": 67753
        },
        "2017-09": {
            "month": "2017-09",
            "price": "34.44",
            "revenue": 57429
        },
        "2017-10": {
            "month": "2017-10",
            "price": "32.76",
            "revenue": 68758
        },
        "2017-11": {
            "month": "2017-11",
            "price": "32.41",
            "revenue": 67070
        },
        "2017-12": {
            "month": "2017-12",
            "price": "31.61",
            "revenue": 48997
        },
        "2018-01": {
            "month": "2018-01",
            "price": "31.25",
            "revenue": 76428
        },
        "2018-02": {
            "month": "2018-02",
            "price": "31.37",
            "revenue": 43339
        },
        "2018-03": {
            "month": "2018-03",
            "price": "32.50",
            "revenue": 83159
        },
        "2018-04": {
            "month": "2018-04",
            "price": "34.74",
            "revenue": 59045
        },
        "2018-05": {
            "month": "2018-05",
            "price": "38.90",
            "revenue": 77512
        },
        "2018-06": {
            "month": "2018-06",
            "price": "41.64",
            "revenue": 72033
        },
        "2018-07": {
            "month": "2018-07",
            "price": "38.68",
            "revenue": 71063
        },
        "2018-08": {
            "month": "2018-08",
            "price": "38.83",
            "revenue": 75351
        },
        "2018-09": {
            "month": "2018-09",
            "price": "37.92",
            "revenue": 53317
        },
        "2018-10": {
            "month": "2018-10",
            "price": "35.56",
            "revenue": 72896
        },
        "2018-11": {
            "month": "2018-11",
            "price": "34.12",
            "revenue": 66977
        },
        "2018-12": {
            "month": "2018-12",
            "price": "33.54",
            "revenue": 61843
        },
        "2019-01": {
            "month": "2019-01",
            "price": "33.56",
            "revenue": 67349
        },
        "2019-02": {
            "month": "2019-02",
            "price": "36.14",
            "revenue": 49081
        },
        "2019-03": {
            "month": "2019-03",
            "price": "38.25",
            "revenue": 64595
        },
        "2019-04": {
            "month": "2019-04",
            "price": "37.54",
            "revenue": 65256
        },
        "2019-05": {
            "month": "2019-05",
            "price": "36.87",
            "revenue": 64300
        },
        "2019-06": {
            "month": "2019-06",
            "price": "36.68",
            "revenue": 61287
        },
        "2019-07": {
            "month": "2019-07",
            "price": "36.14",
            "revenue": 66522
        },
        "2019-08": {
            "month": "2019-08",
            "price": "35.24",
            "revenue": 66020
        },
        "2019-09": {
            "month": "2019-09",
            "price": "34.16",
            "revenue": 78889
        },
        "2019-10": {
            "month": "2019-10",
            "price": "33.95",
            "revenue": 88344
        },
        "2019-11": {
            "month": "2019-11",
            "price": "35.35",
            "revenue": 56162
        },
        "2019-12": {
            "month": "2019-12",
            "price": "34.55",
            "revenue": 53920
        },
        "2020-01": {
            "month": "2020-01",
            "price": "33.40",
            "revenue": 52330
        },
        "2020-02": {
            "month": "2020-02",
            "price": "32.42",
            "revenue": 63495
        },
        "2020-03": {
            "month": "2020-03",
            "price": "29.95",
            "revenue": 67581
        },
        "2020-04": {
            "month": "2020-04",
            "price": "30.57",
            "revenue": 59469
        },
        "2020-05": {
            "month": "2020-05",
            "price": "29.72",
            "revenue": 61336
        },
        "2020-06": {
            "month": "2020-06",
            "price": "29.75",
            "revenue": 59259
        },
        "2020-07": {
            "month": "2020-07",
            "price": "32.16",
            "revenue": 68868
        },
        "2020-08": {
            "month": "2020-08",
            "price": "30.86",
            "revenue": 54071
        },
        "2020-09": {
            "month": "2020-09",
            "price": "30.48",
            "revenue": 59720
        },
        "2020-10": {
            "month": "2020-10",
            "price": "30.54",
            "revenue": 65046
        },
        "2020-11": {
            "month": "2020-11",
            "price": "29.80",
            "revenue": 63676
        },
        "2020-12": {
            "month": "2020-12",
            "price": "29.28",
            "revenue": 83141
        },
        "2021-01": {
            "month": "2021-01",
            "price": "28.14",
            "revenue": 73118
        },
        "2021-02": {
            "month": "2021-02",
            "price": "28.72",
            "revenue": 53104
        },
        "2021-03": {
            "month": "2021-03",
            "price": "28.95",
            "revenue": 95193
        },
        "2021-04": {
            "month": "2021-04",
            "price": "34.43",
            "revenue": 93267
        },
        "2021-05": {
            "month": "2021-05",
            "price": "35.05",
            "revenue": 95782
        },
        "2021-06": {
            "month": "2021-06",
            "price": "38.35",
            "revenue": 97134
        },
        "2021-07": {
            "month": "2021-07",
            "price": "41.30",
            "revenue": 96599
        },
        "2021-08": {
            "month": "2021-08",
            "price": "48.77",
            "revenue": 67549
        },
        "2021-09": {
            "month": "2021-09",
            "price": "52.62",
            "revenue": 74460
        },
        "2021-10": {
            "month": "2021-10",
            "price": "49.20",
            "revenue": 107478
        },
        "2021-11": {
            "month": "2021-11",
            "price": "52.37",
            "revenue": 101540
        },
        "2021-12": {
            "month": "2021-12",
            "price": "54.95",
            "revenue": 86681
        },
        "2022-01": {
            "month": "2022-01",
            "price": "65.65",
            "revenue": 77251
        },
        "2022-02": {
            "month": "2022-02",
            "price": "75.29",
            "revenue": 91523
        },
        "2022-03": {
            "month": "2022-03",
            "price": "75.75",
            "revenue": 87810
        },
        "2022-04": {
            "month": "2022-04",
            "price": "83.73",
            "revenue": 109147
        },
        "2022-05": {
            "month": "2022-05",
            "price": "75.13",
            "revenue": 81885
        },
        "2022-06": {
            "month": "2022-06",
            "price": "75.35",
            "revenue": 125219
        },
        "2022-07": {
            "month": "2022-07",
            "price": "76.20",
            "revenue": 117229
        },
        "2022-08": {
            "month": "2022-08",
            "price": "80.91",
            "revenue": 114477
        },
        "2022-09": {
            "month": "2022-09",
            "price": "73.45",
            "revenue": 134154
        },
        "2022-10": {
            "month": "2022-10",
            "price": "69.10",
            "revenue": 100308
        },
        "2022-11": {
            "month": "2022-11",
            "price": "69.11",
            "revenue": 119335
        },
        "2022-12": {
            "month": "2022-12",
            "price": "82.87",
            "revenue": 64807
        },
        "2023-01": {
            "month": "2023-01",
            "price": "81.64",
            "revenue": 52829
        },
        "2023-02": {
            "month": "2023-02",
            "price": "79.77",
            "revenue": 91640
        },
        "2023-03": {
            "month": "2023-03",
            "price": "81.26",
            "revenue": 126852
        },
        "2023-04": {
            "month": "2023-04",
            "price": "84.48",
            "revenue": 76303
        },
        "2023-05": {
            "month": "2023-05",
            "price": "76.72",
            "revenue": 78679
        }
    }
}
