{
    "summary": {
        "stock_name": "尚志",
        "stock_id": "3579",
        "category": "半導體",
        "main_business": "矽晶圓研磨片<br>藍寶石晶棒",
        "website_url": "",
        "ceo": "李龍達",
        "pe_ratio": -0,
        "report_year_from": 2007,
        "report_year_to": 2019,
        "age": 17,
        "eps_negative_percentage": 67,
        "eps_growth_avg": {
            "last_all": -19.95,
            "last_2y": null,
            "last_4y": null,
            "last_8y": -100,
            "last_12y": null,
            "last_16y": null,
            "last_20y": null,
            "at_2006_last_3y": null,
            "at_2007_last_3y": null,
            "at_2008_last_3y": null,
            "at_2009_last_3y": null,
            "at_2010_last_3y": null,
            "at_2011_last_3y": null,
            "at_2012_last_3y": -19.95,
            "at_2013_last_3y": 0,
            "at_2014_last_3y": -100,
            "at_2015_last_3y": null,
            "at_2016_last_3y": null,
            "at_2017_last_3y": null,
            "at_2018_last_3y": null,
            "at_2019_last_3y": null,
            "at_2020_last_3y": null,
            "at_2021_last_3y": null,
            "at_2022_last_3y": null,
            "at_2023_last_3y": null,
            "at_2024_last_3y": null,
            "at_2006_last_all": null,
            "at_2007_last_all": null,
            "at_2008_last_all": null,
            "at_2009_last_all": null,
            "at_2010_last_all": 20.07,
            "at_2011_last_all": -19.95,
            "at_2012_last_all": -19.95,
            "at_2013_last_all": -19.95,
            "at_2014_last_all": -19.95,
            "at_2015_last_all": -19.95,
            "at_2016_last_all": -19.95,
            "at_2017_last_all": -19.95,
            "at_2018_last_all": -19.95,
            "at_2019_last_all": -19.95,
            "at_2020_last_all": -19.95,
            "at_2021_last_all": -19.95,
            "at_2022_last_all": -19.95,
            "at_2023_last_all": -19.95,
            "at_2024_last_all": -19.95
        },
        "latest_eps": -22.2,
        "latest_price": 1.57,
        "latest_roe": -1458.48,
        "latest_gross_margin": -46.92,
        "latest_equity": -4467407,
        "latest_revenue": 896045,
        "latest_gross_profit": -420396,
        "latest_net_income": -2810875,
        "latest_debt_ratio": 162.84,
        "latest_current_ratio": 18.33,
        "latest_account_receivable_turnover_ratio": 0.92,
        "latest_inventory_turnover_ratio": 3.04,
        "latest_reinvestment_rate": null,
        "latest_research_to_sale_ratio": 1.97
    },
    "eps_dividends": {
        "2001": {
            "cash": 0,
            "stock": 0,
            "eps": 0
        },
        "2002": {
            "cash": 0,
            "stock": 0,
            "eps": 0
        },
        "2003": {
            "cash": 0,
            "stock": 0,
            "eps": 0
        },
        "2004": {
            "cash": 0,
            "stock": 0,
            "eps": 0
        },
        "2005": {
            "cash": 0,
            "stock": 0,
            "eps": 0
        },
        "2006": {
            "cash": 0,
            "stock": 0,
            "eps": 0
        },
        "2007": {
            "cash": 0,
            "stock": 0,
            "eps": 0
        },
        "2008": {
            "cash": 25,
            "stock": 1,
            "eps": 6.9
        },
        "2009": {
            "cash": 6,
            "stock": 1,
            "eps": 2.77
        },
        "2010": {
            "cash": 2.2,
            "stock": 0,
            "eps": 9
        },
        "2011": {
            "cash": 1.79,
            "stock": 1.2,
            "eps": -4.91
        },
        "2012": {
            "cash": 0,
            "stock": 0,
            "eps": -8.54
        },
        "2013": {
            "cash": 0,
            "stock": 0,
            "eps": -5.58
        },
        "2014": {
            "cash": 0,
            "stock": 0,
            "eps": -4.92
        },
        "2015": {
            "cash": 0,
            "stock": 0,
            "eps": -8.3
        },
        "2016": {
            "cash": 0,
            "stock": 0,
            "eps": -5.92
        },
        "2017": {
            "cash": 0,
            "stock": 0,
            "eps": -2.68
        },
        "2018": {
            "cash": 0,
            "stock": 0,
            "eps": -17.52
        },
        "2019": {
            "cash": 0,
            "stock": 0,
            "eps": 5.33
        }
    },
    "dividends": {
        "2008-03-28": {
            "cash": 25,
            "stock": 1
        },
        "2009-03-17": {
            "cash": 6,
            "stock": 1
        },
        "2010-03-18": {
            "cash": 2.2,
            "stock": 0
        },
        "2011-04-26": {
            "cash": 1.79,
            "stock": 1.2
        }
    },
    "prices": {
        "200101": "無",
        "200102": "無",
        "200103": "無",
        "200104": "無",
        "200105": "無",
        "200106": "無",
        "200107": "無",
        "200108": "無",
        "200109": "無",
        "200110": "無",
        "200111": "無",
        "200112": "無",
        "200201": "無",
        "200202": "無",
        "200203": "無",
        "200204": "無",
        "200205": "無",
        "200206": "無",
        "200207": "無",
        "200208": "無",
        "200209": "無",
        "200210": "無",
        "200211": "無",
        "200212": "無",
        "200301": "無",
        "200302": "無",
        "200303": "無",
        "200304": "無",
        "200305": "無",
        "200306": "無",
        "200307": "無",
        "200308": "無",
        "200309": "無",
        "200310": "無",
        "200311": "無",
        "200312": "無",
        "200401": "無",
        "200402": "無",
        "200403": "無",
        "200404": "無",
        "200405": "無",
        "200406": "無",
        "200407": "無",
        "200408": "無",
        "200409": "無",
        "200410": "無",
        "200411": "無",
        "200412": "無",
        "200501": "無",
        "200502": "無",
        "200503": "無",
        "200504": "無",
        "200505": "無",
        "200506": "無",
        "200507": "無",
        "200508": "無",
        "200509": "無",
        "200510": "無",
        "200511": "無",
        "200512": "無",
        "200601": "無",
        "200602": "無",
        "200603": "無",
        "200604": "無",
        "200605": "無",
        "200606": "無",
        "200607": "無",
        "200608": "無",
        "200609": "無",
        "200610": "無",
        "200611": "無",
        "200612": "無",
        "200701": "無",
        "200702": "無",
        "200703": "無",
        "200704": "無",
        "200705": "無",
        "200706": "無",
        "200707": "無",
        "200708": "無",
        "200709": "無",
        "200710": "231.36",
        "200711": "236.38",
        "200712": "208.88",
        "200801": "162.72",
        "200802": "127.14",
        "200803": "126.69",
        "200804": "165.61",
        "200805": "190.29",
        "200806": "155.08",
        "200807": "119.86",
        "200808": "107.78",
        "200809": "108.45",
        "200810": "77.18",
        "200811": "59.04",
        "200812": "50.01",
        "200901": "60.62",
        "200902": "59.52",
        "200903": "69.37",
        "200904": "80.80",
        "200905": "82.54",
        "200906": "70.46",
        "200907": "67.33",
        "200908": "66.99",
        "200909": "60.73",
        "200910": "66.08",
        "200911": "70.59",
        "200912": "79.37",
        "201001": "74.67",
        "201002": "67.62",
        "201003": "77.70",
        "201004": "100.84",
        "201005": "89.47",
        "201006": "86.14",
        "201007": "88.98",
        "201008": "91.40",
        "201009": "97.71",
        "201010": "100.09",
        "201011": "108.25",
        "201012": "107.26",
        "201101": "120.02",
        "201102": "129.57",
        "201103": "137.83",
        "201104": "126.68",
        "201105": "96.81",
        "201106": "89.59",
        "201107": "85.09",
        "201108": "62.84",
        "201109": "49.04",
        "201110": "39.38",
        "201111": "29.71",
        "201112": "29.54",
        "201201": "31.62",
        "201202": "41.92",
        "201203": "42.42",
        "201204": "33.80",
        "201205": "33.16",
        "201206": "33.34",
        "201207": "27.49",
        "201208": "23.21",
        "201209": "26.92",
        "201210": "23.64",
        "201211": "21.40",
        "201212": "24.70",
        "201301": "27.17",
        "201302": "25.65",
        "201303": "26.18",
        "201304": "24.37",
        "201305": "25.53",
        "201306": "23.29",
        "201307": "22.50",
        "201308": "21.20",
        "201309": "22.13",
        "201310": "23.69",
        "201311": "22.44",
        "201312": "23.59",
        "201401": "28.78",
        "201402": "30.31",
        "201403": "28.53",
        "201404": "26.39",
        "201405": "24.44",
        "201406": "26.52",
        "201407": "25.48",
        "201408": "22.48",
        "201409": "22.46",
        "201410": "19.66",
        "201411": "18.46",
        "201412": "19.48",
        "201501": "18.70",
        "201502": "18.64",
        "201503": "18.95",
        "201504": "18.68",
        "201505": "16.60",
        "201506": "13.74",
        "201507": "13.00",
        "201508": "10.02",
        "201509": "10.10",
        "201510": "12.13",
        "201511": "12.55",
        "201512": "16.33",
        "201601": "14.94",
        "201602": "15.63",
        "201603": "14.80",
        "201604": "13.36",
        "201605": "13.64",
        "201606": "14.73",
        "201607": "14.50",
        "201608": "13.35",
        "201609": "12.88",
        "201610": "12.53",
        "201611": "10.99",
        "201612": "10.62",
        "201701": "12.48",
        "201702": "13.87",
        "201703": "12.98",
        "201704": "12.05",
        "201705": "11.48",
        "201706": "12.02",
        "201707": "13.19",
        "201708": "13.82",
        "201709": "15.81",
        "201710": "18.49",
        "201711": "16.72",
        "201712": "16.05",
        "201801": "16.80",
        "201802": "14.25",
        "201803": "14.74",
        "201804": "14.60",
        "201805": "14.76",
        "201806": "15.11",
        "201807": "13.18",
        "201808": "11.97",
        "201809": "10.92",
        "201810": "9.26",
        "201811": "8.90",
        "201812": "7.45",
        "201901": "6.41",
        "201902": "7.59",
        "201903": "7.07",
        "201904": "2.70",
        "201905": "1.80",
        "201906": "1.26",
        "201907": "無",
        "201908": "無",
        "201909": "無",
        "201910": "無",
        "201911": "無",
        "201912": "無",
        "202001": "無",
        "202002": "無",
        "202003": "無",
        "202004": "無",
        "202005": "無",
        "202006": "無",
        "202007": "無",
        "202008": "無",
        "202009": "無",
        "202010": "無",
        "202011": "無",
        "202012": "無",
        "202101": "無",
        "202102": "無",
        "202103": "無",
        "202104": "無",
        "202105": "無",
        "202106": "無",
        "202107": "無",
        "202108": "無",
        "202109": "無",
        "202110": "無",
        "202111": "無",
        "202112": "無",
        "202201": "無",
        "202202": "無",
        "202203": "無",
        "202204": "無",
        "202205": "無",
        "202206": "無",
        "202207": "無",
        "202208": "無",
        "202209": "無",
        "202210": "無",
        "202211": "無",
        "202212": "無",
        "202301": "無",
        "202302": "無",
        "202303": "無",
        "202304": "無",
        "202305": "無",
        "202306": "無",
        "202307": "無",
        "202308": "無",
        "202309": "無",
        "202310": "無",
        "202311": "無",
        "202312": "無",
        "202401": "無",
        "202402": "無",
        "202403": "無",
        "202404": "無"
    },
    "quarters": {
        "20011": {
            "year_quarter": 20011,
            "year": 2001,
            "quarter": 1,
            "eps": null,
            "eps_growth_year": null,
            "eps_4q": null,
            "eps_4q_growth_year": null,
            "roe": null,
            "roe_4q": 0,
            "gross_profit": null,
            "gross_margin": null,
            "gross_margin_4q_avg": 0,
            "net_income": null,
            "net_income_4q": null,
            "revenue": null,
            "revenue_4q": null,
            "common_shares": null,
            "book_valuer_per_share": null,
            "book_valuer_per_share_4q_avg": 0,
            "equity": null,
            "current_ratio": null,
            "debt_ratio": null,
            "inventory_turnover_ratio": null,
            "account_receivable_turnover_ratio": null,
            "reinvestment_rate": null,
            "research_to_sale_ratio": null,
            "price_fair": 0,
            "eps_avg_yearly": 0,
            "eps_latest_yearly": 0,
            "eps_growth_yearly": 0
        },
        "20012": {
            "year_quarter": 20012,
            "year": 2001,
            "quarter": 2,
            "eps": null,
            "eps_growth_year": null,
            "eps_4q": null,
            "eps_4q_growth_year": null,
            "roe": null,
            "roe_4q": 0,
            "gross_profit": null,
            "gross_margin": null,
            "gross_margin_4q_avg": 0,
            "net_income": null,
            "net_income_4q": null,
            "revenue": null,
            "revenue_4q": null,
            "common_shares": null,
            "book_valuer_per_share": null,
            "book_valuer_per_share_4q_avg": 0,
            "equity": null,
            "current_ratio": null,
            "debt_ratio": null,
            "inventory_turnover_ratio": null,
            "account_receivable_turnover_ratio": null,
            "reinvestment_rate": null,
            "research_to_sale_ratio": null,
            "price_fair": 0,
            "eps_avg_yearly": 0,
            "eps_latest_yearly": 0,
            "eps_growth_yearly": 0
        },
        "20013": {
            "year_quarter": 20013,
            "year": 2001,
            "quarter": 3,
            "eps": null,
            "eps_growth_year": null,
            "eps_4q": null,
            "eps_4q_growth_year": null,
            "roe": null,
            "roe_4q": 0,
            "gross_profit": null,
            "gross_margin": null,
            "gross_margin_4q_avg": 0,
            "net_income": null,
            "net_income_4q": null,
            "revenue": null,
            "revenue_4q": null,
            "common_shares": null,
            "book_valuer_per_share": null,
            "book_valuer_per_share_4q_avg": 0,
            "equity": null,
            "current_ratio": null,
            "debt_ratio": null,
            "inventory_turnover_ratio": null,
            "account_receivable_turnover_ratio": null,
            "reinvestment_rate": null,
            "research_to_sale_ratio": null,
            "price_fair": 0,
            "eps_avg_yearly": 0,
            "eps_latest_yearly": 0,
            "eps_growth_yearly": 0
        },
        "20014": {
            "year_quarter": 20014,
            "year": 2001,
            "quarter": 4,
            "eps": null,
            "eps_growth_year": null,
            "eps_4q": null,
            "eps_4q_growth_year": null,
            "roe": null,
            "roe_4q": 0,
            "gross_profit": null,
            "gross_margin": null,
            "gross_margin_4q_avg": 0,
            "net_income": null,
            "net_income_4q": null,
            "revenue": null,
            "revenue_4q": null,
            "common_shares": null,
            "book_valuer_per_share": null,
            "book_valuer_per_share_4q_avg": 0,
            "equity": null,
            "current_ratio": null,
            "debt_ratio": null,
            "inventory_turnover_ratio": null,
            "account_receivable_turnover_ratio": null,
            "reinvestment_rate": null,
            "research_to_sale_ratio": null,
            "price_fair": 0,
            "eps_avg_yearly": 0,
            "eps_latest_yearly": 0,
            "eps_growth_yearly": 0
        },
        "20021": {
            "year_quarter": 20021,
            "year": 2002,
            "quarter": 1,
            "eps": null,
            "eps_growth_year": null,
            "eps_4q": null,
            "eps_4q_growth_year": null,
            "roe": null,
            "roe_4q": 0,
            "gross_profit": null,
            "gross_margin": null,
            "gross_margin_4q_avg": 0,
            "net_income": null,
            "net_income_4q": null,
            "revenue": null,
            "revenue_4q": null,
            "common_shares": null,
            "book_valuer_per_share": null,
            "book_valuer_per_share_4q_avg": 0,
            "equity": null,
            "current_ratio": null,
            "debt_ratio": null,
            "inventory_turnover_ratio": null,
            "account_receivable_turnover_ratio": null,
            "reinvestment_rate": null,
            "research_to_sale_ratio": null,
            "price_fair": 0,
            "eps_avg_yearly": 0,
            "eps_latest_yearly": 0,
            "eps_growth_yearly": 0
        },
        "20022": {
            "year_quarter": 20022,
            "year": 2002,
            "quarter": 2,
            "eps": null,
            "eps_growth_year": null,
            "eps_4q": null,
            "eps_4q_growth_year": null,
            "roe": null,
            "roe_4q": 0,
            "gross_profit": null,
            "gross_margin": null,
            "gross_margin_4q_avg": 0,
            "net_income": null,
            "net_income_4q": null,
            "revenue": null,
            "revenue_4q": null,
            "common_shares": null,
            "book_valuer_per_share": null,
            "book_valuer_per_share_4q_avg": 0,
            "equity": null,
            "current_ratio": null,
            "debt_ratio": null,
            "inventory_turnover_ratio": null,
            "account_receivable_turnover_ratio": null,
            "reinvestment_rate": null,
            "research_to_sale_ratio": null,
            "price_fair": 0,
            "eps_avg_yearly": 0,
            "eps_latest_yearly": 0,
            "eps_growth_yearly": 0
        },
        "20023": {
            "year_quarter": 20023,
            "year": 2002,
            "quarter": 3,
            "eps": null,
            "eps_growth_year": null,
            "eps_4q": null,
            "eps_4q_growth_year": null,
            "roe": null,
            "roe_4q": 0,
            "gross_profit": null,
            "gross_margin": null,
            "gross_margin_4q_avg": 0,
            "net_income": null,
            "net_income_4q": null,
            "revenue": null,
            "revenue_4q": null,
            "common_shares": null,
            "book_valuer_per_share": null,
            "book_valuer_per_share_4q_avg": 0,
            "equity": null,
            "current_ratio": null,
            "debt_ratio": null,
            "inventory_turnover_ratio": null,
            "account_receivable_turnover_ratio": null,
            "reinvestment_rate": null,
            "research_to_sale_ratio": null,
            "price_fair": 0,
            "eps_avg_yearly": 0,
            "eps_latest_yearly": 0,
            "eps_growth_yearly": 0
        },
        "20024": {
            "year_quarter": 20024,
            "year": 2002,
            "quarter": 4,
            "eps": null,
            "eps_growth_year": null,
            "eps_4q": null,
            "eps_4q_growth_year": null,
            "roe": null,
            "roe_4q": 0,
            "gross_profit": null,
            "gross_margin": null,
            "gross_margin_4q_avg": 0,
            "net_income": null,
            "net_income_4q": null,
            "revenue": null,
            "revenue_4q": null,
            "common_shares": 850000,
            "book_valuer_per_share": 0.88,
            "book_valuer_per_share_4q_avg": 0.22,
            "equity": 75017,
            "current_ratio": 46.92,
            "debt_ratio": 88.9,
            "inventory_turnover_ratio": null,
            "account_receivable_turnover_ratio": null,
            "reinvestment_rate": null,
            "research_to_sale_ratio": null,
            "price_fair": 0,
            "eps_avg_yearly": 0,
            "eps_latest_yearly": 0,
            "eps_growth_yearly": 0
        },
        "20031": {
            "year_quarter": 20031,
            "year": 2003,
            "quarter": 1,
            "eps": null,
            "eps_growth_year": null,
            "eps_4q": null,
            "eps_4q_growth_year": null,
            "roe": null,
            "roe_4q": 0,
            "gross_profit": null,
            "gross_margin": null,
            "gross_margin_4q_avg": 0,
            "net_income": null,
            "net_income_4q": null,
            "revenue": null,
            "revenue_4q": null,
            "common_shares": null,
            "book_valuer_per_share": null,
            "book_valuer_per_share_4q_avg": 0.22,
            "equity": null,
            "current_ratio": null,
            "debt_ratio": null,
            "inventory_turnover_ratio": null,
            "account_receivable_turnover_ratio": null,
            "reinvestment_rate": null,
            "research_to_sale_ratio": null,
            "price_fair": 0,
            "eps_avg_yearly": 0,
            "eps_latest_yearly": 0,
            "eps_growth_yearly": 0
        },
        "20032": {
            "year_quarter": 20032,
            "year": 2003,
            "quarter": 2,
            "eps": null,
            "eps_growth_year": null,
            "eps_4q": null,
            "eps_4q_growth_year": null,
            "roe": null,
            "roe_4q": 0,
            "gross_profit": null,
            "gross_margin": null,
            "gross_margin_4q_avg": 0,
            "net_income": null,
            "net_income_4q": null,
            "revenue": null,
            "revenue_4q": null,
            "common_shares": null,
            "book_valuer_per_share": null,
            "book_valuer_per_share_4q_avg": 0.22,
            "equity": null,
            "current_ratio": null,
            "debt_ratio": null,
            "inventory_turnover_ratio": null,
            "account_receivable_turnover_ratio": null,
            "reinvestment_rate": null,
            "research_to_sale_ratio": null,
            "price_fair": 0,
            "eps_avg_yearly": 0,
            "eps_latest_yearly": 0,
            "eps_growth_yearly": 0
        },
        "20033": {
            "year_quarter": 20033,
            "year": 2003,
            "quarter": 3,
            "eps": null,
            "eps_growth_year": null,
            "eps_4q": null,
            "eps_4q_growth_year": null,
            "roe": null,
            "roe_4q": 0,
            "gross_profit": null,
            "gross_margin": null,
            "gross_margin_4q_avg": 0,
            "net_income": null,
            "net_income_4q": null,
            "revenue": null,
            "revenue_4q": null,
            "common_shares": null,
            "book_valuer_per_share": null,
            "book_valuer_per_share_4q_avg": 0.22,
            "equity": null,
            "current_ratio": null,
            "debt_ratio": null,
            "inventory_turnover_ratio": null,
            "account_receivable_turnover_ratio": null,
            "reinvestment_rate": null,
            "research_to_sale_ratio": null,
            "price_fair": 0,
            "eps_avg_yearly": 0,
            "eps_latest_yearly": 0,
            "eps_growth_yearly": 0
        },
        "20034": {
            "year_quarter": 20034,
            "year": 2003,
            "quarter": 4,
            "eps": null,
            "eps_growth_year": null,
            "eps_4q": null,
            "eps_4q_growth_year": null,
            "roe": null,
            "roe_4q": 0,
            "gross_profit": null,
            "gross_margin": null,
            "gross_margin_4q_avg": 0,
            "net_income": null,
            "net_income_4q": null,
            "revenue": null,
            "revenue_4q": null,
            "common_shares": 850000,
            "book_valuer_per_share": -1.41,
            "book_valuer_per_share_4q_avg": -0.35,
            "equity": -119844,
            "current_ratio": 36.21,
            "debt_ratio": 118.18,
            "inventory_turnover_ratio": null,
            "account_receivable_turnover_ratio": null,
            "reinvestment_rate": null,
            "research_to_sale_ratio": null,
            "price_fair": 0,
            "eps_avg_yearly": 0,
            "eps_latest_yearly": 0,
            "eps_growth_yearly": 0
        },
        "20041": {
            "year_quarter": 20041,
            "year": 2004,
            "quarter": 1,
            "eps": null,
            "eps_growth_year": null,
            "eps_4q": null,
            "eps_4q_growth_year": null,
            "roe": null,
            "roe_4q": 0,
            "gross_profit": null,
            "gross_margin": null,
            "gross_margin_4q_avg": 0,
            "net_income": null,
            "net_income_4q": null,
            "revenue": null,
            "revenue_4q": null,
            "common_shares": null,
            "book_valuer_per_share": null,
            "book_valuer_per_share_4q_avg": -0.35,
            "equity": null,
            "current_ratio": null,
            "debt_ratio": null,
            "inventory_turnover_ratio": null,
            "account_receivable_turnover_ratio": null,
            "reinvestment_rate": null,
            "research_to_sale_ratio": null,
            "price_fair": 0,
            "eps_avg_yearly": 0,
            "eps_latest_yearly": 0,
            "eps_growth_yearly": 0
        },
        "20042": {
            "year_quarter": 20042,
            "year": 2004,
            "quarter": 2,
            "eps": null,
            "eps_growth_year": null,
            "eps_4q": null,
            "eps_4q_growth_year": null,
            "roe": null,
            "roe_4q": 0,
            "gross_profit": null,
            "gross_margin": null,
            "gross_margin_4q_avg": 0,
            "net_income": null,
            "net_income_4q": null,
            "revenue": null,
            "revenue_4q": null,
            "common_shares": null,
            "book_valuer_per_share": null,
            "book_valuer_per_share_4q_avg": -0.35,
            "equity": null,
            "current_ratio": null,
            "debt_ratio": null,
            "inventory_turnover_ratio": null,
            "account_receivable_turnover_ratio": null,
            "reinvestment_rate": null,
            "research_to_sale_ratio": null,
            "price_fair": 0,
            "eps_avg_yearly": 0,
            "eps_latest_yearly": 0,
            "eps_growth_yearly": 0
        },
        "20043": {
            "year_quarter": 20043,
            "year": 2004,
            "quarter": 3,
            "eps": null,
            "eps_growth_year": null,
            "eps_4q": null,
            "eps_4q_growth_year": null,
            "roe": null,
            "roe_4q": 0,
            "gross_profit": null,
            "gross_margin": null,
            "gross_margin_4q_avg": 0,
            "net_income": null,
            "net_income_4q": null,
            "revenue": null,
            "revenue_4q": null,
            "common_shares": null,
            "book_valuer_per_share": null,
            "book_valuer_per_share_4q_avg": -0.35,
            "equity": null,
            "current_ratio": null,
            "debt_ratio": null,
            "inventory_turnover_ratio": null,
            "account_receivable_turnover_ratio": null,
            "reinvestment_rate": null,
            "research_to_sale_ratio": null,
            "price_fair": 0,
            "eps_avg_yearly": 0,
            "eps_latest_yearly": 0,
            "eps_growth_yearly": 0
        },
        "20044": {
            "year_quarter": 20044,
            "year": 2004,
            "quarter": 4,
            "eps": null,
            "eps_growth_year": null,
            "eps_4q": null,
            "eps_4q_growth_year": null,
            "roe": null,
            "roe_4q": 0,
            "gross_profit": null,
            "gross_margin": null,
            "gross_margin_4q_avg": 0,
            "net_income": null,
            "net_income_4q": null,
            "revenue": null,
            "revenue_4q": null,
            "common_shares": 1900000,
            "book_valuer_per_share": 4.11,
            "book_valuer_per_share_4q_avg": 1.03,
            "equity": 781122,
            "current_ratio": 232.65,
            "debt_ratio": 25.6,
            "inventory_turnover_ratio": null,
            "account_receivable_turnover_ratio": null,
            "reinvestment_rate": null,
            "research_to_sale_ratio": null,
            "price_fair": 0,
            "eps_avg_yearly": 0,
            "eps_latest_yearly": 0,
            "eps_growth_yearly": 0
        },
        "20051": {
            "year_quarter": 20051,
            "year": 2005,
            "quarter": 1,
            "eps": null,
            "eps_growth_year": null,
            "eps_4q": null,
            "eps_4q_growth_year": null,
            "roe": null,
            "roe_4q": 0,
            "gross_profit": null,
            "gross_margin": null,
            "gross_margin_4q_avg": 0,
            "net_income": null,
            "net_income_4q": null,
            "revenue": null,
            "revenue_4q": null,
            "common_shares": null,
            "book_valuer_per_share": null,
            "book_valuer_per_share_4q_avg": 1.03,
            "equity": null,
            "current_ratio": null,
            "debt_ratio": null,
            "inventory_turnover_ratio": null,
            "account_receivable_turnover_ratio": null,
            "reinvestment_rate": null,
            "research_to_sale_ratio": null,
            "price_fair": 0,
            "eps_avg_yearly": 0,
            "eps_latest_yearly": 0,
            "eps_growth_yearly": 0
        },
        "20052": {
            "year_quarter": 20052,
            "year": 2005,
            "quarter": 2,
            "eps": null,
            "eps_growth_year": null,
            "eps_4q": null,
            "eps_4q_growth_year": null,
            "roe": null,
            "roe_4q": 0,
            "gross_profit": null,
            "gross_margin": null,
            "gross_margin_4q_avg": 0,
            "net_income": null,
            "net_income_4q": null,
            "revenue": null,
            "revenue_4q": null,
            "common_shares": null,
            "book_valuer_per_share": null,
            "book_valuer_per_share_4q_avg": 1.03,
            "equity": null,
            "current_ratio": null,
            "debt_ratio": null,
            "inventory_turnover_ratio": null,
            "account_receivable_turnover_ratio": null,
            "reinvestment_rate": null,
            "research_to_sale_ratio": null,
            "price_fair": 0,
            "eps_avg_yearly": 0,
            "eps_latest_yearly": 0,
            "eps_growth_yearly": 0
        },
        "20053": {
            "year_quarter": 20053,
            "year": 2005,
            "quarter": 3,
            "eps": null,
            "eps_growth_year": null,
            "eps_4q": null,
            "eps_4q_growth_year": null,
            "roe": null,
            "roe_4q": 0,
            "gross_profit": null,
            "gross_margin": null,
            "gross_margin_4q_avg": 0,
            "net_income": null,
            "net_income_4q": null,
            "revenue": null,
            "revenue_4q": null,
            "common_shares": null,
            "book_valuer_per_share": null,
            "book_valuer_per_share_4q_avg": 1.03,
            "equity": null,
            "current_ratio": null,
            "debt_ratio": null,
            "inventory_turnover_ratio": null,
            "account_receivable_turnover_ratio": null,
            "reinvestment_rate": null,
            "research_to_sale_ratio": null,
            "price_fair": 0,
            "eps_avg_yearly": 0,
            "eps_latest_yearly": 0,
            "eps_growth_yearly": 0
        },
        "20054": {
            "year_quarter": 20054,
            "year": 2005,
            "quarter": 4,
            "eps": null,
            "eps_growth_year": null,
            "eps_4q": null,
            "eps_4q_growth_year": null,
            "roe": null,
            "roe_4q": 0,
            "gross_profit": null,
            "gross_margin": null,
            "gross_margin_4q_avg": 0,
            "net_income": null,
            "net_income_4q": null,
            "revenue": null,
            "revenue_4q": null,
            "common_shares": 2250000,
            "book_valuer_per_share": 4.44,
            "book_valuer_per_share_4q_avg": 1.11,
            "equity": 998874,
            "current_ratio": 168.91,
            "debt_ratio": 21.96,
            "inventory_turnover_ratio": null,
            "account_receivable_turnover_ratio": null,
            "reinvestment_rate": null,
            "research_to_sale_ratio": null,
            "price_fair": 0,
            "eps_avg_yearly": 0,
            "eps_latest_yearly": 0,
            "eps_growth_yearly": 0
        },
        "20061": {
            "year_quarter": 20061,
            "year": 2006,
            "quarter": 1,
            "eps": null,
            "eps_growth_year": null,
            "eps_4q": null,
            "eps_4q_growth_year": null,
            "roe": null,
            "roe_4q": 0,
            "gross_profit": null,
            "gross_margin": null,
            "gross_margin_4q_avg": 0,
            "net_income": null,
            "net_income_4q": null,
            "revenue": null,
            "revenue_4q": null,
            "common_shares": null,
            "book_valuer_per_share": null,
            "book_valuer_per_share_4q_avg": 1.11,
            "equity": null,
            "current_ratio": null,
            "debt_ratio": null,
            "inventory_turnover_ratio": null,
            "account_receivable_turnover_ratio": null,
            "reinvestment_rate": null,
            "research_to_sale_ratio": null,
            "price_fair": 0,
            "eps_avg_yearly": 0,
            "eps_latest_yearly": 0,
            "eps_growth_yearly": 0
        },
        "20062": {
            "year_quarter": 20062,
            "year": 2006,
            "quarter": 2,
            "eps": null,
            "eps_growth_year": null,
            "eps_4q": null,
            "eps_4q_growth_year": null,
            "roe": null,
            "roe_4q": 0,
            "gross_profit": null,
            "gross_margin": null,
            "gross_margin_4q_avg": 0,
            "net_income": null,
            "net_income_4q": null,
            "revenue": null,
            "revenue_4q": null,
            "common_shares": null,
            "book_valuer_per_share": null,
            "book_valuer_per_share_4q_avg": 1.11,
            "equity": null,
            "current_ratio": null,
            "debt_ratio": null,
            "inventory_turnover_ratio": null,
            "account_receivable_turnover_ratio": null,
            "reinvestment_rate": null,
            "research_to_sale_ratio": null,
            "price_fair": 0,
            "eps_avg_yearly": 0,
            "eps_latest_yearly": 0,
            "eps_growth_yearly": 0
        },
        "20063": {
            "year_quarter": 20063,
            "year": 2006,
            "quarter": 3,
            "eps": null,
            "eps_growth_year": null,
            "eps_4q": null,
            "eps_4q_growth_year": null,
            "roe": null,
            "roe_4q": 0,
            "gross_profit": null,
            "gross_margin": null,
            "gross_margin_4q_avg": 0,
            "net_income": null,
            "net_income_4q": null,
            "revenue": null,
            "revenue_4q": null,
            "common_shares": null,
            "book_valuer_per_share": null,
            "book_valuer_per_share_4q_avg": 1.11,
            "equity": null,
            "current_ratio": null,
            "debt_ratio": null,
            "inventory_turnover_ratio": null,
            "account_receivable_turnover_ratio": null,
            "reinvestment_rate": null,
            "research_to_sale_ratio": null,
            "price_fair": 0,
            "eps_avg_yearly": 0,
            "eps_latest_yearly": 0,
            "eps_growth_yearly": 0
        },
        "20064": {
            "year_quarter": 20064,
            "year": 2006,
            "quarter": 4,
            "eps": null,
            "eps_growth_year": null,
            "eps_4q": null,
            "eps_4q_growth_year": null,
            "roe": null,
            "roe_4q": 0,
            "gross_profit": null,
            "gross_margin": null,
            "gross_margin_4q_avg": 0,
            "net_income": null,
            "net_income_4q": null,
            "revenue": null,
            "revenue_4q": null,
            "common_shares": 500000,
            "book_valuer_per_share": 35.51,
            "book_valuer_per_share_4q_avg": 8.88,
            "equity": 1900965,
            "current_ratio": 173.27,
            "debt_ratio": 52.93,
            "inventory_turnover_ratio": null,
            "account_receivable_turnover_ratio": null,
            "reinvestment_rate": null,
            "research_to_sale_ratio": null,
            "price_fair": 0,
            "eps_avg_yearly": 0,
            "eps_latest_yearly": 0,
            "eps_growth_yearly": 0
        },
        "20071": {
            "year_quarter": 20071,
            "year": 2007,
            "quarter": 1,
            "eps": null,
            "eps_growth_year": null,
            "eps_4q": null,
            "eps_4q_growth_year": null,
            "roe": null,
            "roe_4q": 0,
            "gross_profit": null,
            "gross_margin": null,
            "gross_margin_4q_avg": 0,
            "net_income": null,
            "net_income_4q": null,
            "revenue": null,
            "revenue_4q": null,
            "common_shares": null,
            "book_valuer_per_share": null,
            "book_valuer_per_share_4q_avg": 8.88,
            "equity": null,
            "current_ratio": null,
            "debt_ratio": null,
            "inventory_turnover_ratio": null,
            "account_receivable_turnover_ratio": null,
            "reinvestment_rate": null,
            "research_to_sale_ratio": null,
            "price_fair": 0,
            "eps_avg_yearly": 0,
            "eps_latest_yearly": 0,
            "eps_growth_yearly": 0
        },
        "20072": {
            "year_quarter": 20072,
            "year": 2007,
            "quarter": 2,
            "eps": null,
            "eps_growth_year": null,
            "eps_4q": null,
            "eps_4q_growth_year": null,
            "roe": null,
            "roe_4q": 0,
            "gross_profit": null,
            "gross_margin": null,
            "gross_margin_4q_avg": 0,
            "net_income": null,
            "net_income_4q": null,
            "revenue": null,
            "revenue_4q": null,
            "common_shares": null,
            "book_valuer_per_share": null,
            "book_valuer_per_share_4q_avg": 8.88,
            "equity": null,
            "current_ratio": null,
            "debt_ratio": null,
            "inventory_turnover_ratio": null,
            "account_receivable_turnover_ratio": null,
            "reinvestment_rate": null,
            "research_to_sale_ratio": null,
            "price_fair": 0,
            "eps_avg_yearly": 0,
            "eps_latest_yearly": 0,
            "eps_growth_yearly": 0
        },
        "20073": {
            "year_quarter": 20073,
            "year": 2007,
            "quarter": 3,
            "eps": null,
            "eps_growth_year": null,
            "eps_4q": null,
            "eps_4q_growth_year": null,
            "roe": null,
            "roe_4q": 0,
            "gross_profit": null,
            "gross_margin": null,
            "gross_margin_4q_avg": 0,
            "net_income": null,
            "net_income_4q": null,
            "revenue": null,
            "revenue_4q": null,
            "common_shares": null,
            "book_valuer_per_share": null,
            "book_valuer_per_share_4q_avg": 8.88,
            "equity": null,
            "current_ratio": null,
            "debt_ratio": null,
            "inventory_turnover_ratio": null,
            "account_receivable_turnover_ratio": null,
            "reinvestment_rate": null,
            "research_to_sale_ratio": null,
            "price_fair": 0,
            "eps_avg_yearly": 0,
            "eps_latest_yearly": 0,
            "eps_growth_yearly": 0
        },
        "20074": {
            "year_quarter": 20074,
            "year": 2007,
            "quarter": 4,
            "eps": null,
            "eps_growth_year": null,
            "eps_4q": null,
            "eps_4q_growth_year": null,
            "roe": null,
            "roe_4q": 0,
            "gross_profit": null,
            "gross_margin": null,
            "gross_margin_4q_avg": 0,
            "net_income": null,
            "net_income_4q": null,
            "revenue": null,
            "revenue_4q": null,
            "common_shares": 700000,
            "book_valuer_per_share": 64.08,
            "book_valuer_per_share_4q_avg": 16.02,
            "equity": 5371215,
            "current_ratio": 162.3,
            "debt_ratio": 45.99,
            "inventory_turnover_ratio": null,
            "account_receivable_turnover_ratio": null,
            "reinvestment_rate": null,
            "research_to_sale_ratio": null,
            "price_fair": 0,
            "eps_avg_yearly": 0,
            "eps_latest_yearly": 0,
            "eps_growth_yearly": 0
        },
        "20081": {
            "year_quarter": 20081,
            "year": 2008,
            "quarter": 1,
            "eps": null,
            "eps_growth_year": null,
            "eps_4q": null,
            "eps_4q_growth_year": null,
            "roe": null,
            "roe_4q": 0,
            "gross_profit": null,
            "gross_margin": null,
            "gross_margin_4q_avg": 0,
            "net_income": null,
            "net_income_4q": null,
            "revenue": null,
            "revenue_4q": null,
            "common_shares": null,
            "book_valuer_per_share": null,
            "book_valuer_per_share_4q_avg": 16.02,
            "equity": null,
            "current_ratio": null,
            "debt_ratio": null,
            "inventory_turnover_ratio": null,
            "account_receivable_turnover_ratio": null,
            "reinvestment_rate": null,
            "research_to_sale_ratio": null,
            "price_fair": 0,
            "eps_avg_yearly": 0,
            "eps_latest_yearly": 0,
            "eps_growth_yearly": 0
        },
        "20082": {
            "year_quarter": 20082,
            "year": 2008,
            "quarter": 2,
            "eps": null,
            "eps_growth_year": null,
            "eps_4q": null,
            "eps_4q_growth_year": null,
            "roe": null,
            "roe_4q": 0,
            "gross_profit": null,
            "gross_margin": null,
            "gross_margin_4q_avg": 0,
            "net_income": null,
            "net_income_4q": null,
            "revenue": null,
            "revenue_4q": null,
            "common_shares": null,
            "book_valuer_per_share": null,
            "book_valuer_per_share_4q_avg": 16.02,
            "equity": null,
            "current_ratio": null,
            "debt_ratio": null,
            "inventory_turnover_ratio": null,
            "account_receivable_turnover_ratio": null,
            "reinvestment_rate": null,
            "research_to_sale_ratio": null,
            "price_fair": 0,
            "eps_avg_yearly": 0,
            "eps_latest_yearly": 0,
            "eps_growth_yearly": 0
        },
        "20083": {
            "year_quarter": 20083,
            "year": 2008,
            "quarter": 3,
            "eps": 4.44,
            "eps_growth_year": null,
            "eps_4q": null,
            "eps_4q_growth_year": null,
            "roe": 8.73,
            "roe_4q": 8.73,
            "gross_profit": 112763,
            "gross_margin": 47.83,
            "gross_margin_4q_avg": 11.96,
            "net_income": 377412,
            "net_income_4q": null,
            "revenue": 235777,
            "revenue_4q": null,
            "common_shares": 773000,
            "book_valuer_per_share": 55.9,
            "book_valuer_per_share_4q_avg": 30,
            "equity": 4321012,
            "current_ratio": 151.24,
            "debt_ratio": 9.47,
            "inventory_turnover_ratio": 0.96,
            "account_receivable_turnover_ratio": null,
            "reinvestment_rate": null,
            "research_to_sale_ratio": null,
            "price_fair": 0,
            "eps_avg_yearly": 0,
            "eps_latest_yearly": 0,
            "eps_growth_yearly": 0
        },
        "20084": {
            "year_quarter": 20084,
            "year": 2008,
            "quarter": 4,
            "eps": 2.46,
            "eps_growth_year": null,
            "eps_4q": null,
            "eps_4q_growth_year": null,
            "roe": 3.44,
            "roe_4q": 12.17,
            "gross_profit": 79334,
            "gross_margin": 46.95,
            "gross_margin_4q_avg": 23.7,
            "net_income": 189702,
            "net_income_4q": null,
            "revenue": 168971,
            "revenue_4q": null,
            "common_shares": 773000,
            "book_valuer_per_share": 58.12,
            "book_valuer_per_share_4q_avg": 28.51,
            "equity": 6714560,
            "current_ratio": 197.98,
            "debt_ratio": 55.51,
            "inventory_turnover_ratio": 0.06,
            "account_receivable_turnover_ratio": 3.15,
            "reinvestment_rate": null,
            "research_to_sale_ratio": null,
            "price_fair": 29.52,
            "eps_avg_yearly": 9.84,
            "eps_latest_yearly": 9.84,
            "eps_growth_yearly": -178.38
        },
        "20091": {
            "year_quarter": 20091,
            "year": 2009,
            "quarter": 1,
            "eps": 0.63,
            "eps_growth_year": null,
            "eps_4q": null,
            "eps_4q_growth_year": null,
            "roe": 0.95,
            "roe_4q": 13.120000000000001,
            "gross_profit": 14519,
            "gross_margin": 11.2,
            "gross_margin_4q_avg": 26.5,
            "net_income": 53392,
            "net_income_4q": null,
            "revenue": 129612,
            "revenue_4q": null,
            "common_shares": 773000,
            "book_valuer_per_share": 58.99,
            "book_valuer_per_share_4q_avg": 43.25,
            "equity": 4559854,
            "current_ratio": 108.35,
            "debt_ratio": 11.17,
            "inventory_turnover_ratio": 0.08,
            "account_receivable_turnover_ratio": 1.3,
            "reinvestment_rate": null,
            "research_to_sale_ratio": null,
            "price_fair": 18.54,
            "eps_avg_yearly": 6.18,
            "eps_latest_yearly": 2.52,
            "eps_growth_yearly": -237.97
        },
        "20092": {
            "year_quarter": 20092,
            "year": 2009,
            "quarter": 2,
            "eps": -1.32,
            "eps_growth_year": null,
            "eps_4q": 6.71,
            "eps_4q_growth_year": null,
            "roe": -2.39,
            "roe_4q": 10.73,
            "gross_profit": 13820,
            "gross_margin": 13.81,
            "gross_margin_4q_avg": 29.95,
            "net_income": -101901,
            "net_income_4q": null,
            "revenue": 100044,
            "revenue_4q": null,
            "common_shares": 773000,
            "book_valuer_per_share": 51.28,
            "book_valuer_per_share_4q_avg": 56.07,
            "equity": 3963973,
            "current_ratio": 42.35,
            "debt_ratio": 20.62,
            "inventory_turnover_ratio": 0.6,
            "account_receivable_turnover_ratio": 1.13,
            "reinvestment_rate": null,
            "research_to_sale_ratio": null,
            "price_fair": 18.54,
            "eps_avg_yearly": 6.18,
            "eps_latest_yearly": 2.52,
            "eps_growth_yearly": -237.97
        },
        "20093": {
            "year_quarter": 20093,
            "year": 2009,
            "quarter": 3,
            "eps": 1.09,
            "eps_growth_year": -75.45,
            "eps_4q": 1.72,
            "eps_4q_growth_year": null,
            "roe": 2.32,
            "roe_4q": 4.319999999999999,
            "gross_profit": 271921,
            "gross_margin": 9.87,
            "gross_margin_4q_avg": 20.46,
            "net_income": 147970,
            "net_income_4q": null,
            "revenue": 2755446,
            "revenue_4q": null,
            "common_shares": 850240,
            "book_valuer_per_share": 52.65,
            "book_valuer_per_share_4q_avg": 55.26,
            "equity": 8802817,
            "current_ratio": 138.06,
            "debt_ratio": 56.72,
            "inventory_turnover_ratio": 1.64,
            "account_receivable_turnover_ratio": 3.73,
            "reinvestment_rate": null,
            "research_to_sale_ratio": null,
            "price_fair": 18.54,
            "eps_avg_yearly": 6.18,
            "eps_latest_yearly": 2.52,
            "eps_growth_yearly": -237.97
        },
        "20094": {
            "year_quarter": 20094,
            "year": 2009,
            "quarter": 4,
            "eps": 2.37,
            "eps_growth_year": -3.66,
            "eps_4q": 2.57,
            "eps_4q_growth_year": null,
            "roe": 2.87,
            "roe_4q": 3.749999999999999,
            "gross_profit": 244143,
            "gross_margin": 8.25,
            "gross_margin_4q_avg": 10.78,
            "net_income": 260738,
            "net_income_4q": null,
            "revenue": 2960612,
            "revenue_4q": null,
            "common_shares": 956520,
            "book_valuer_per_share": 51.23,
            "book_valuer_per_share_4q_avg": 53.54,
            "equity": 9359449,
            "current_ratio": 118.49,
            "debt_ratio": 50.24,
            "inventory_turnover_ratio": 1.05,
            "account_receivable_turnover_ratio": 10.53,
            "reinvestment_rate": null,
            "research_to_sale_ratio": null,
            "price_fair": 21.84,
            "eps_avg_yearly": 7.28,
            "eps_latest_yearly": 9.48,
            "eps_growth_yearly": -2.07
        },
        "20101": {
            "year_quarter": 20101,
            "year": 2010,
            "quarter": 1,
            "eps": 2.15,
            "eps_growth_year": 241.27,
            "eps_4q": 4.17,
            "eps_4q_growth_year": null,
            "roe": 3.53,
            "roe_4q": 6.33,
            "gross_profit": 355179,
            "gross_margin": 10.32,
            "gross_margin_4q_avg": 10.56,
            "net_income": 336473,
            "net_income_4q": null,
            "revenue": 3441243,
            "revenue_4q": null,
            "common_shares": 960810,
            "book_valuer_per_share": 54.8,
            "book_valuer_per_share_4q_avg": 52.49,
            "equity": 9725017,
            "current_ratio": 103.45,
            "debt_ratio": 54.04,
            "inventory_turnover_ratio": 1.35,
            "account_receivable_turnover_ratio": 3.93,
            "reinvestment_rate": null,
            "research_to_sale_ratio": 0.7,
            "price_fair": 22.83,
            "eps_avg_yearly": 7.61,
            "eps_latest_yearly": 8.6,
            "eps_growth_yearly": -10.84
        },
        "20102": {
            "year_quarter": 20102,
            "year": 2010,
            "quarter": 2,
            "eps": 2.31,
            "eps_growth_year": null,
            "eps_4q": 7.54,
            "eps_4q_growth_year": 12.42,
            "roe": 4.5,
            "roe_4q": 13.219999999999999,
            "gross_profit": 515025,
            "gross_margin": 13.08,
            "gross_margin_4q_avg": 10.38,
            "net_income": 474009,
            "net_income_4q": null,
            "revenue": 3936847,
            "revenue_4q": null,
            "common_shares": 960970,
            "book_valuer_per_share": 56.77,
            "book_valuer_per_share_4q_avg": 53.86,
            "equity": 11324776,
            "current_ratio": 154.09,
            "debt_ratio": 49.97,
            "inventory_turnover_ratio": 1.43,
            "account_receivable_turnover_ratio": 2.73,
            "reinvestment_rate": null,
            "research_to_sale_ratio": 0.7,
            "price_fair": 23.81,
            "eps_avg_yearly": 7.94,
            "eps_latest_yearly": 9.24,
            "eps_growth_yearly": -2.72
        },
        "20103": {
            "year_quarter": 20103,
            "year": 2010,
            "quarter": 3,
            "eps": 1.28,
            "eps_growth_year": 17.65,
            "eps_4q": 7.86,
            "eps_4q_growth_year": 355.97,
            "roe": 1.9,
            "roe_4q": 12.8,
            "gross_profit": 897439,
            "gross_margin": 16.69,
            "gross_margin_4q_avg": 12.09,
            "net_income": 241365,
            "net_income_4q": null,
            "revenue": 5376237,
            "revenue_4q": null,
            "common_shares": 961140,
            "book_valuer_per_share": 60.72,
            "book_valuer_per_share_4q_avg": 55.88,
            "equity": 14148810,
            "current_ratio": 165.01,
            "debt_ratio": 50.84,
            "inventory_turnover_ratio": 1.9,
            "account_receivable_turnover_ratio": 2.83,
            "reinvestment_rate": null,
            "research_to_sale_ratio": 0.52,
            "price_fair": 22.4,
            "eps_avg_yearly": 7.47,
            "eps_latest_yearly": 5.12,
            "eps_growth_yearly": -31.99
        },
        "20104": {
            "year_quarter": 20104,
            "year": 2010,
            "quarter": 4,
            "eps": 3.26,
            "eps_growth_year": 37.71,
            "eps_4q": 9.01,
            "eps_4q_growth_year": 250.41,
            "roe": 6.17,
            "roe_4q": 16.1,
            "gross_profit": 1293731,
            "gross_margin": 25.29,
            "gross_margin_4q_avg": 16.35,
            "net_income": 897474,
            "net_income_4q": null,
            "revenue": 5116426,
            "revenue_4q": null,
            "common_shares": 961140,
            "book_valuer_per_share": 63.85,
            "book_valuer_per_share_4q_avg": 59.04,
            "equity": 14965814,
            "current_ratio": 139.66,
            "debt_ratio": 49.12,
            "inventory_turnover_ratio": 1.77,
            "account_receivable_turnover_ratio": 2.45,
            "reinvestment_rate": null,
            "research_to_sale_ratio": 0.78,
            "price_fair": 289.2,
            "eps_avg_yearly": 8.26,
            "eps_latest_yearly": 13.04,
            "eps_growth_yearly": 60.97
        },
        "20111": {
            "year_quarter": 20111,
            "year": 2011,
            "quarter": 1,
            "eps": 2.31,
            "eps_growth_year": 7.44,
            "eps_4q": 8.58,
            "eps_4q_growth_year": 105.43,
            "roe": 3.8,
            "roe_4q": 16.369999999999997,
            "gross_profit": 1553081,
            "gross_margin": 23.36,
            "gross_margin_4q_avg": 19.61,
            "net_income": 634226,
            "net_income_4q": null,
            "revenue": 6647445,
            "revenue_4q": null,
            "common_shares": 962444,
            "book_valuer_per_share": 71.53,
            "book_valuer_per_share_4q_avg": 63.22,
            "equity": 18449035,
            "current_ratio": 111.06,
            "debt_ratio": 46.89,
            "inventory_turnover_ratio": 2.06,
            "account_receivable_turnover_ratio": 2.82,
            "reinvestment_rate": null,
            "research_to_sale_ratio": 0.47,
            "price_fair": 293.48,
            "eps_avg_yearly": 8.39,
            "eps_latest_yearly": 9.24,
            "eps_growth_yearly": 38.78
        },
        "20112": {
            "year_quarter": 20112,
            "year": 2011,
            "quarter": 2,
            "eps": -0.67,
            "eps_growth_year": -129.01,
            "eps_4q": 5.04,
            "eps_4q_growth_year": -33.15,
            "roe": -1.55,
            "roe_4q": 10.32,
            "gross_profit": 66974,
            "gross_margin": 1.26,
            "gross_margin_4q_avg": 16.65,
            "net_income": -283079,
            "net_income_4q": null,
            "revenue": 5334005,
            "revenue_4q": null,
            "common_shares": 1027547,
            "book_valuer_per_share": 69.15,
            "book_valuer_per_share_4q_avg": 66.31,
            "equity": 18069667,
            "current_ratio": 134.95,
            "debt_ratio": 49.84,
            "inventory_turnover_ratio": 1.8,
            "account_receivable_turnover_ratio": 1.92,
            "reinvestment_rate": null,
            "research_to_sale_ratio": 1.55,
            "price_fair": 293.48,
            "eps_avg_yearly": 8.39,
            "eps_latest_yearly": 9.24,
            "eps_growth_yearly": 38.78
        },
        "20113": {
            "year_quarter": 20113,
            "year": 2011,
            "quarter": 3,
            "eps": -1.66,
            "eps_growth_year": -229.18,
            "eps_4q": 2.32,
            "eps_4q_growth_year": -70.5,
            "roe": -4.37,
            "roe_4q": 4.05,
            "gross_profit": -474535,
            "gross_margin": -11.25,
            "gross_margin_4q_avg": 9.67,
            "net_income": -780005,
            "net_income_4q": null,
            "revenue": 4217810,
            "revenue_4q": null,
            "common_shares": 1153925,
            "book_valuer_per_share": 61.03,
            "book_valuer_per_share_4q_avg": 66.39,
            "equity": 17589432,
            "current_ratio": 113.56,
            "debt_ratio": 53.61,
            "inventory_turnover_ratio": 1.46,
            "account_receivable_turnover_ratio": 1.51,
            "reinvestment_rate": null,
            "research_to_sale_ratio": 0.83,
            "price_fair": 293.48,
            "eps_avg_yearly": 8.39,
            "eps_latest_yearly": 9.24,
            "eps_growth_yearly": 38.78
        },
        "20114": {
            "year_quarter": 20114,
            "year": 2011,
            "quarter": 4,
            "eps": -4.89,
            "eps_growth_year": -249.76,
            "eps_4q": -5.29,
            "eps_4q_growth_year": -158.73,
            "roe": -11.34,
            "roe_4q": -13.46,
            "gross_profit": -1790026,
            "gross_margin": -71.53,
            "gross_margin_4q_avg": -14.54,
            "net_income": -1871386,
            "net_income_4q": null,
            "revenue": 2502364,
            "revenue_4q": null,
            "common_shares": 1153925,
            "book_valuer_per_share": 56.71,
            "book_valuer_per_share_4q_avg": 64.61,
            "equity": 15421334,
            "current_ratio": 89.27,
            "debt_ratio": 54.76,
            "inventory_turnover_ratio": 1.62,
            "account_receivable_turnover_ratio": 1.19,
            "reinvestment_rate": null,
            "research_to_sale_ratio": 2.25,
            "price_fair": 293.48,
            "eps_avg_yearly": 8.39,
            "eps_latest_yearly": 9.24,
            "eps_growth_yearly": 38.78
        },
        "20121": {
            "year_quarter": 20121,
            "year": 2012,
            "quarter": 1,
            "eps": -1.94,
            "eps_growth_year": -183.98,
            "eps_4q": -9.14,
            "eps_4q_growth_year": -206.62,
            "roe": -5.49,
            "roe_4q": -22.75,
            "gross_profit": -718906,
            "gross_margin": -24.68,
            "gross_margin_4q_avg": -26.55,
            "net_income": -826809,
            "net_income_4q": null,
            "revenue": 2912915,
            "revenue_4q": null,
            "common_shares": 1154485,
            "book_valuer_per_share": 55.6,
            "book_valuer_per_share_4q_avg": 60.62,
            "equity": 14677841,
            "current_ratio": 80.09,
            "debt_ratio": 55,
            "inventory_turnover_ratio": 1.86,
            "account_receivable_turnover_ratio": 1.46,
            "reinvestment_rate": null,
            "research_to_sale_ratio": 2.57,
            "price_fair": 293.48,
            "eps_avg_yearly": 8.39,
            "eps_latest_yearly": 9.24,
            "eps_growth_yearly": 38.78
        },
        "20122": {
            "year_quarter": 20122,
            "year": 2012,
            "quarter": 2,
            "eps": -1.97,
            "eps_growth_year": null,
            "eps_4q": -10.44,
            "eps_4q_growth_year": -307.12,
            "roe": -5.99,
            "roe_4q": -27.19,
            "gross_profit": -663522,
            "gross_margin": -21.97,
            "gross_margin_4q_avg": -32.36,
            "net_income": -892401,
            "net_income_4q": null,
            "revenue": 3020190,
            "revenue_4q": null,
            "common_shares": 1155725,
            "book_valuer_per_share": 52.4,
            "book_valuer_per_share_4q_avg": 56.44,
            "equity": 15102450,
            "current_ratio": 87.06,
            "debt_ratio": 55.6,
            "inventory_turnover_ratio": 1.75,
            "account_receivable_turnover_ratio": 1.33,
            "reinvestment_rate": 2941.69,
            "research_to_sale_ratio": 2.17,
            "price_fair": 293.48,
            "eps_avg_yearly": 8.39,
            "eps_latest_yearly": 9.24,
            "eps_growth_yearly": 38.78
        },
        "20123": {
            "year_quarter": 20123,
            "year": 2012,
            "quarter": 3,
            "eps": -1.91,
            "eps_growth_year": null,
            "eps_4q": -10.7,
            "eps_4q_growth_year": -561.62,
            "roe": -5.4,
            "roe_4q": -28.220000000000002,
            "gross_profit": -724688,
            "gross_margin": -34.45,
            "gross_margin_4q_avg": -38.16,
            "net_income": -793245,
            "net_income_4q": null,
            "revenue": 2103707,
            "revenue_4q": null,
            "common_shares": 1155725,
            "book_valuer_per_share": 50.24,
            "book_valuer_per_share_4q_avg": 53.74,
            "equity": 14256351,
            "current_ratio": 78.14,
            "debt_ratio": 55.21,
            "inventory_turnover_ratio": 1.18,
            "account_receivable_turnover_ratio": 1.18,
            "reinvestment_rate": 29680.63,
            "research_to_sale_ratio": 1.03,
            "price_fair": 293.48,
            "eps_avg_yearly": 8.39,
            "eps_latest_yearly": 9.24,
            "eps_growth_yearly": 38.78
        },
        "20124": {
            "year_quarter": 20124,
            "year": 2012,
            "quarter": 4,
            "eps": -2.72,
            "eps_growth_year": null,
            "eps_4q": -8.54,
            "eps_4q_growth_year": null,
            "roe": -7.97,
            "roe_4q": -24.85,
            "gross_profit": -773598,
            "gross_margin": -33.78,
            "gross_margin_4q_avg": -28.72,
            "net_income": -1072810,
            "net_income_4q": null,
            "revenue": 2289776,
            "revenue_4q": null,
            "common_shares": 1155725,
            "book_valuer_per_share": 46.22,
            "book_valuer_per_share_4q_avg": 51.12,
            "equity": 12654119,
            "current_ratio": 71.89,
            "debt_ratio": 57.32,
            "inventory_turnover_ratio": 1.23,
            "account_receivable_turnover_ratio": 1.37,
            "reinvestment_rate": null,
            "research_to_sale_ratio": 1.05,
            "price_fair": 286.2,
            "eps_avg_yearly": 8.18,
            "eps_latest_yearly": 9.24,
            "eps_growth_yearly": 69.8
        },
        "20131": {
            "year_quarter": 20131,
            "year": 2013,
            "quarter": 1,
            "eps": -1.63,
            "eps_growth_year": null,
            "eps_4q": -8.22,
            "eps_4q_growth_year": null,
            "roe": -5.5,
            "roe_4q": -24.86,
            "gross_profit": -504545,
            "gross_margin": -18.07,
            "gross_margin_4q_avg": -27.07,
            "net_income": -680060,
            "net_income_4q": null,
            "revenue": 2791586,
            "revenue_4q": null,
            "common_shares": 1155973,
            "book_valuer_per_share": 44.59,
            "book_valuer_per_share_4q_avg": 48.36,
            "equity": 12063713,
            "current_ratio": 73.72,
            "debt_ratio": 60.1,
            "inventory_turnover_ratio": 1.44,
            "account_receivable_turnover_ratio": 1.2,
            "reinvestment_rate": null,
            "research_to_sale_ratio": 1.65,
            "price_fair": 319.2,
            "eps_avg_yearly": 9.12,
            "eps_latest_yearly": 9.24,
            "eps_growth_yearly": 131.03
        },
        "20132": {
            "year_quarter": 20132,
            "year": 2013,
            "quarter": 2,
            "eps": -1.25,
            "eps_growth_year": null,
            "eps_4q": -7.5,
            "eps_4q_growth_year": null,
            "roe": -5.02,
            "roe_4q": -23.89,
            "gross_profit": -488954,
            "gross_margin": -14.88,
            "gross_margin_4q_avg": -25.3,
            "net_income": -599806,
            "net_income_4q": null,
            "revenue": 3286966,
            "revenue_4q": null,
            "common_shares": 1155973,
            "book_valuer_per_share": 43.71,
            "book_valuer_per_share_4q_avg": 46.19,
            "equity": 11835134,
            "current_ratio": 71.27,
            "debt_ratio": 60.56,
            "inventory_turnover_ratio": 1.62,
            "account_receivable_turnover_ratio": 1.17,
            "reinvestment_rate": null,
            "research_to_sale_ratio": 0.41,
            "price_fair": 319.2,
            "eps_avg_yearly": 9.12,
            "eps_latest_yearly": 9.24,
            "eps_growth_yearly": 131.03
        },
        "20133": {
            "year_quarter": 20133,
            "year": 2013,
            "quarter": 3,
            "eps": -1.25,
            "eps_growth_year": null,
            "eps_4q": -6.84,
            "eps_4q_growth_year": null,
            "roe": -4.05,
            "roe_4q": -22.54,
            "gross_profit": -292042,
            "gross_margin": -8.18,
            "gross_margin_4q_avg": -18.73,
            "net_income": -472933,
            "net_income_4q": null,
            "revenue": 3569721,
            "revenue_4q": null,
            "common_shares": 1155973,
            "book_valuer_per_share": 41.82,
            "book_valuer_per_share_4q_avg": 44.09,
            "equity": 11524602,
            "current_ratio": 69.09,
            "debt_ratio": 60.17,
            "inventory_turnover_ratio": 1.62,
            "account_receivable_turnover_ratio": 1.34,
            "reinvestment_rate": null,
            "research_to_sale_ratio": 0.71,
            "price_fair": 319.2,
            "eps_avg_yearly": 9.12,
            "eps_latest_yearly": 9.24,
            "eps_growth_yearly": 131.03
        },
        "20134": {
            "year_quarter": 20134,
            "year": 2013,
            "quarter": 4,
            "eps": -1.45,
            "eps_growth_year": null,
            "eps_4q": -5.57,
            "eps_4q_growth_year": null,
            "roe": -6.04,
            "roe_4q": -20.61,
            "gross_profit": -236141,
            "gross_margin": -5.92,
            "gross_margin_4q_avg": -11.76,
            "net_income": -691420,
            "net_income_4q": null,
            "revenue": 3991850,
            "revenue_4q": null,
            "common_shares": 1155973,
            "book_valuer_per_share": 40.52,
            "book_valuer_per_share_4q_avg": 42.66,
            "equity": 11374865,
            "current_ratio": 71.32,
            "debt_ratio": 58.8,
            "inventory_turnover_ratio": 1.89,
            "account_receivable_turnover_ratio": 1.55,
            "reinvestment_rate": null,
            "research_to_sale_ratio": 0.62,
            "price_fair": 316.68,
            "eps_avg_yearly": 9.05,
            "eps_latest_yearly": 9.24,
            "eps_growth_yearly": 63.29
        },
        "20141": {
            "year_quarter": 20141,
            "year": 2014,
            "quarter": 1,
            "eps": -0.4,
            "eps_growth_year": null,
            "eps_4q": -4.34,
            "eps_4q_growth_year": null,
            "roe": -1.34,
            "roe_4q": -16.45,
            "gross_profit": 204559,
            "gross_margin": 5.15,
            "gross_margin_4q_avg": -5.96,
            "net_income": -154922,
            "net_income_4q": null,
            "revenue": 3969256,
            "revenue_4q": null,
            "common_shares": 1155973,
            "book_valuer_per_share": 40.51,
            "book_valuer_per_share_4q_avg": 41.64,
            "equity": 11735254,
            "current_ratio": 77.59,
            "debt_ratio": 56.48,
            "inventory_turnover_ratio": 1.76,
            "account_receivable_turnover_ratio": 1.55,
            "reinvestment_rate": null,
            "research_to_sale_ratio": 0.66,
            "price_fair": 320.6,
            "eps_avg_yearly": 9.16,
            "eps_latest_yearly": 9.24,
            "eps_growth_yearly": 88.4
        },
        "20142": {
            "year_quarter": 20142,
            "year": 2014,
            "quarter": 2,
            "eps": -0.43,
            "eps_growth_year": null,
            "eps_4q": -3.52,
            "eps_4q_growth_year": null,
            "roe": -2.03,
            "roe_4q": -13.46,
            "gross_profit": -108236,
            "gross_margin": -2.98,
            "gross_margin_4q_avg": -2.98,
            "net_income": -236116,
            "net_income_4q": null,
            "revenue": 3631955,
            "revenue_4q": null,
            "common_shares": 1155973,
            "book_valuer_per_share": 39.83,
            "book_valuer_per_share_4q_avg": 40.67,
            "equity": 11570373,
            "current_ratio": 84.03,
            "debt_ratio": 57.75,
            "inventory_turnover_ratio": 1.45,
            "account_receivable_turnover_ratio": 1.38,
            "reinvestment_rate": null,
            "research_to_sale_ratio": 0.79,
            "price_fair": 319.67,
            "eps_avg_yearly": 9.13,
            "eps_latest_yearly": 9.24,
            "eps_growth_yearly": 107.94
        },
        "20143": {
            "year_quarter": 20143,
            "year": 2014,
            "quarter": 3,
            "eps": -1.35,
            "eps_growth_year": null,
            "eps_4q": -3.62,
            "eps_4q_growth_year": null,
            "roe": -5.69,
            "roe_4q": -15.100000000000001,
            "gross_profit": -336253,
            "gross_margin": -8.47,
            "gross_margin_4q_avg": -3.06,
            "net_income": -641390,
            "net_income_4q": null,
            "revenue": 3969770,
            "revenue_4q": null,
            "common_shares": 1155973,
            "book_valuer_per_share": 38.44,
            "book_valuer_per_share_4q_avg": 39.83,
            "equity": 10969010,
            "current_ratio": 79.25,
            "debt_ratio": 60.3,
            "inventory_turnover_ratio": 1.4,
            "account_receivable_turnover_ratio": 1.32,
            "reinvestment_rate": null,
            "research_to_sale_ratio": 0.93,
            "price_fair": 389.9,
            "eps_avg_yearly": 11.14,
            "eps_latest_yearly": 9.24,
            "eps_growth_yearly": 251.09
        },
        "20144": {
            "year_quarter": 20144,
            "year": 2014,
            "quarter": 4,
            "eps": -2.74,
            "eps_growth_year": null,
            "eps_4q": -4.91,
            "eps_4q_growth_year": null,
            "roe": -10.85,
            "roe_4q": -19.91,
            "gross_profit": -283177,
            "gross_margin": -6.47,
            "gross_margin_4q_avg": -3.19,
            "net_income": -1134699,
            "net_income_4q": null,
            "revenue": 4377201,
            "revenue_4q": null,
            "common_shares": 1155973,
            "book_valuer_per_share": 36.27,
            "book_valuer_per_share_4q_avg": 38.76,
            "equity": 9938018,
            "current_ratio": 75.06,
            "debt_ratio": 62.57,
            "inventory_turnover_ratio": 1.58,
            "account_receivable_turnover_ratio": 1.32,
            "reinvestment_rate": null,
            "research_to_sale_ratio": 0.65,
            "price_fair": 27.72,
            "eps_avg_yearly": 9.24,
            "eps_latest_yearly": 9.24,
            "eps_growth_yearly": -116.56
        },
        "20151": {
            "year_quarter": 20151,
            "year": 2015,
            "quarter": 1,
            "eps": -0.92,
            "eps_growth_year": null,
            "eps_4q": -5.43,
            "eps_4q_growth_year": null,
            "roe": -4.45,
            "roe_4q": -23.020000000000003,
            "gross_profit": -270050,
            "gross_margin": -6.52,
            "gross_margin_4q_avg": -6.11,
            "net_income": -431315,
            "net_income_4q": null,
            "revenue": 4142217,
            "revenue_4q": null,
            "common_shares": 1155973,
            "book_valuer_per_share": 34.82,
            "book_valuer_per_share_4q_avg": 37.34,
            "equity": 9430068,
            "current_ratio": 72.25,
            "debt_ratio": 62.52,
            "inventory_turnover_ratio": 1.63,
            "account_receivable_turnover_ratio": 1.39,
            "reinvestment_rate": null,
            "research_to_sale_ratio": 0.73,
            "price_fair": 0,
            "eps_avg_yearly": 0,
            "eps_latest_yearly": 0,
            "eps_growth_yearly": 0
        },
        "20152": {
            "year_quarter": 20152,
            "year": 2015,
            "quarter": 2,
            "eps": -1.67,
            "eps_growth_year": null,
            "eps_4q": -6.68,
            "eps_4q_growth_year": null,
            "roe": -6.7,
            "roe_4q": -27.69,
            "gross_profit": -432083,
            "gross_margin": -12.37,
            "gross_margin_4q_avg": -8.46,
            "net_income": -614602,
            "net_income_4q": null,
            "revenue": 3491928,
            "revenue_4q": null,
            "common_shares": 1155973,
            "book_valuer_per_share": 32.65,
            "book_valuer_per_share_4q_avg": 35.55,
            "equity": 8921927,
            "current_ratio": 51.13,
            "debt_ratio": 61.77,
            "inventory_turnover_ratio": 1.53,
            "account_receivable_turnover_ratio": 1.52,
            "reinvestment_rate": null,
            "research_to_sale_ratio": 0.94,
            "price_fair": 0,
            "eps_avg_yearly": 0,
            "eps_latest_yearly": 0,
            "eps_growth_yearly": 0
        },
        "20153": {
            "year_quarter": 20153,
            "year": 2015,
            "quarter": 3,
            "eps": -1.61,
            "eps_growth_year": null,
            "eps_4q": -6.95,
            "eps_4q_growth_year": null,
            "roe": -7.04,
            "roe_4q": -29.04,
            "gross_profit": -79571,
            "gross_margin": -2.07,
            "gross_margin_4q_avg": -6.86,
            "net_income": -607276,
            "net_income_4q": null,
            "revenue": 3853137,
            "revenue_4q": null,
            "common_shares": 1155973,
            "book_valuer_per_share": 30.65,
            "book_valuer_per_share_4q_avg": 33.6,
            "equity": 8331321,
            "current_ratio": 50.76,
            "debt_ratio": 64.04,
            "inventory_turnover_ratio": 1.59,
            "account_receivable_turnover_ratio": 1.67,
            "reinvestment_rate": null,
            "research_to_sale_ratio": 0.75,
            "price_fair": 0,
            "eps_avg_yearly": 0,
            "eps_latest_yearly": 0,
            "eps_growth_yearly": 0
        },
        "20154": {
            "year_quarter": 20154,
            "year": 2015,
            "quarter": 4,
            "eps": -4.1,
            "eps_growth_year": null,
            "eps_4q": -8.31,
            "eps_4q_growth_year": null,
            "roe": -6.21,
            "roe_4q": -24.4,
            "gross_profit": 283522,
            "gross_margin": 6.56,
            "gross_margin_4q_avg": -3.6,
            "net_income": -501839,
            "net_income_4q": null,
            "revenue": 4320308,
            "revenue_4q": null,
            "common_shares": 1155973,
            "book_valuer_per_share": 26.45,
            "book_valuer_per_share_4q_avg": 31.14,
            "equity": 7833814,
            "current_ratio": 60.37,
            "debt_ratio": 65.11,
            "inventory_turnover_ratio": 1.76,
            "account_receivable_turnover_ratio": 1.9,
            "reinvestment_rate": null,
            "research_to_sale_ratio": 0.78,
            "price_fair": 0,
            "eps_avg_yearly": 0,
            "eps_latest_yearly": 0,
            "eps_growth_yearly": 0
        },
        "20161": {
            "year_quarter": 20161,
            "year": 2016,
            "quarter": 1,
            "eps": 0.66,
            "eps_growth_year": null,
            "eps_4q": -6.72,
            "eps_4q_growth_year": null,
            "roe": 4.38,
            "roe_4q": -15.57,
            "gross_profit": 542238,
            "gross_margin": 10.15,
            "gross_margin_4q_avg": 0.57,
            "net_income": 350225,
            "net_income_4q": null,
            "revenue": 5343923,
            "revenue_4q": null,
            "common_shares": 1155973,
            "book_valuer_per_share": 27.27,
            "book_valuer_per_share_4q_avg": 29.26,
            "equity": 8172084,
            "current_ratio": 60.02,
            "debt_ratio": 61.35,
            "inventory_turnover_ratio": 2.29,
            "account_receivable_turnover_ratio": 2.68,
            "reinvestment_rate": null,
            "research_to_sale_ratio": 0.73,
            "price_fair": 0,
            "eps_avg_yearly": 0,
            "eps_latest_yearly": 0,
            "eps_growth_yearly": 0
        },
        "20162": {
            "year_quarter": 20162,
            "year": 2016,
            "quarter": 2,
            "eps": 0.05,
            "eps_growth_year": null,
            "eps_4q": -5,
            "eps_4q_growth_year": null,
            "roe": 1.53,
            "roe_4q": -7.34,
            "gross_profit": 364672,
            "gross_margin": 7.48,
            "gross_margin_4q_avg": 5.53,
            "net_income": 125978,
            "net_income_4q": null,
            "revenue": 4873412,
            "revenue_4q": null,
            "common_shares": 1155973,
            "book_valuer_per_share": 27.12,
            "book_valuer_per_share_4q_avg": 27.87,
            "equity": 8245144,
            "current_ratio": 61.73,
            "debt_ratio": 59.34,
            "inventory_turnover_ratio": 2.18,
            "account_receivable_turnover_ratio": 2.38,
            "reinvestment_rate": null,
            "research_to_sale_ratio": 0.75,
            "price_fair": 0.6,
            "eps_avg_yearly": 0.2,
            "eps_latest_yearly": 0.2,
            "eps_growth_yearly": -369.7
        },
        "20163": {
            "year_quarter": 20163,
            "year": 2016,
            "quarter": 3,
            "eps": -4.65,
            "eps_growth_year": null,
            "eps_4q": -8.04,
            "eps_4q_growth_year": null,
            "roe": -15.84,
            "roe_4q": -16.14,
            "gross_profit": -827509,
            "gross_margin": -31.26,
            "gross_margin_4q_avg": -1.77,
            "net_income": -1211640,
            "net_income_4q": null,
            "revenue": 2646949,
            "revenue_4q": null,
            "common_shares": 1155973,
            "book_valuer_per_share": 22.47,
            "book_valuer_per_share_4q_avg": 25.83,
            "equity": 7052963,
            "current_ratio": 57.01,
            "debt_ratio": 62.96,
            "inventory_turnover_ratio": 1.78,
            "account_receivable_turnover_ratio": 1.38,
            "reinvestment_rate": null,
            "research_to_sale_ratio": 1.27,
            "price_fair": 0.6,
            "eps_avg_yearly": 0.2,
            "eps_latest_yearly": 0.2,
            "eps_growth_yearly": -369.7
        },
        "20164": {
            "year_quarter": 20164,
            "year": 2016,
            "quarter": 4,
            "eps": -1.98,
            "eps_growth_year": null,
            "eps_4q": -5.92,
            "eps_4q_growth_year": null,
            "roe": -9.94,
            "roe_4q": -19.87,
            "gross_profit": -340201,
            "gross_margin": -12.27,
            "gross_margin_4q_avg": -6.48,
            "net_income": -665228,
            "net_income_4q": null,
            "revenue": 2773407,
            "revenue_4q": null,
            "common_shares": 1155973,
            "book_valuer_per_share": 20.44,
            "book_valuer_per_share_4q_avg": 24.33,
            "equity": 6335922,
            "current_ratio": 49.74,
            "debt_ratio": 64.19,
            "inventory_turnover_ratio": 1.83,
            "account_receivable_turnover_ratio": 1.76,
            "reinvestment_rate": null,
            "research_to_sale_ratio": 1.1,
            "price_fair": 0.6,
            "eps_avg_yearly": 0.2,
            "eps_latest_yearly": 0.2,
            "eps_growth_yearly": -369.7
        },
        "20171": {
            "year_quarter": 20171,
            "year": 2017,
            "quarter": 1,
            "eps": -0.82,
            "eps_growth_year": -224.24,
            "eps_4q": -7.4,
            "eps_4q_growth_year": null,
            "roe": -4.34,
            "roe_4q": -28.589999999999996,
            "gross_profit": -246434,
            "gross_margin": -9.05,
            "gross_margin_4q_avg": -11.28,
            "net_income": -268486,
            "net_income_4q": null,
            "revenue": 2723160,
            "revenue_4q": null,
            "common_shares": 1155973,
            "book_valuer_per_share": 19.82,
            "book_valuer_per_share_4q_avg": 22.46,
            "equity": 6037651,
            "current_ratio": 47.29,
            "debt_ratio": 64.54,
            "inventory_turnover_ratio": 1.95,
            "account_receivable_turnover_ratio": 2.07,
            "reinvestment_rate": null,
            "research_to_sale_ratio": 1.02,
            "price_fair": 0.6,
            "eps_avg_yearly": 0.2,
            "eps_latest_yearly": 0.2,
            "eps_growth_yearly": -369.7
        },
        "20172": {
            "year_quarter": 20172,
            "year": 2017,
            "quarter": 2,
            "eps": -1.09,
            "eps_growth_year": -2280,
            "eps_4q": -8.53,
            "eps_4q_growth_year": null,
            "roe": -7.82,
            "roe_4q": -37.94,
            "gross_profit": -193587,
            "gross_margin": -7.19,
            "gross_margin_4q_avg": -14.94,
            "net_income": -455502,
            "net_income_4q": null,
            "revenue": 2692951,
            "revenue_4q": null,
            "common_shares": 1155973,
            "book_valuer_per_share": 18.72,
            "book_valuer_per_share_4q_avg": 20.36,
            "equity": 5613769,
            "current_ratio": 42.09,
            "debt_ratio": 65.74,
            "inventory_turnover_ratio": 2.08,
            "account_receivable_turnover_ratio": 1.95,
            "reinvestment_rate": null,
            "research_to_sale_ratio": 1.03,
            "price_fair": 0.6,
            "eps_avg_yearly": 0.2,
            "eps_latest_yearly": 0.2,
            "eps_growth_yearly": -369.7
        },
        "20173": {
            "year_quarter": 20173,
            "year": 2017,
            "quarter": 3,
            "eps": -0.53,
            "eps_growth_year": null,
            "eps_4q": -4.41,
            "eps_4q_growth_year": null,
            "roe": -1.57,
            "roe_4q": -23.67,
            "gross_profit": 154396,
            "gross_margin": 4.74,
            "gross_margin_4q_avg": -5.94,
            "net_income": -89117,
            "net_income_4q": null,
            "revenue": 3256292,
            "revenue_4q": null,
            "common_shares": 1155973,
            "book_valuer_per_share": 18.9,
            "book_valuer_per_share_4q_avg": 19.47,
            "equity": 5738651,
            "current_ratio": 44.64,
            "debt_ratio": 65.15,
            "inventory_turnover_ratio": 2.39,
            "account_receivable_turnover_ratio": 2.29,
            "reinvestment_rate": null,
            "research_to_sale_ratio": 0.84,
            "price_fair": 0.6,
            "eps_avg_yearly": 0.2,
            "eps_latest_yearly": 0.2,
            "eps_growth_yearly": -369.7
        },
        "20174": {
            "year_quarter": 20174,
            "year": 2017,
            "quarter": 4,
            "eps": -0.24,
            "eps_growth_year": null,
            "eps_4q": -2.68,
            "eps_4q_growth_year": null,
            "roe": 0.79,
            "roe_4q": -12.94,
            "gross_profit": 277129,
            "gross_margin": 7.98,
            "gross_margin_4q_avg": -0.88,
            "net_income": 46227,
            "net_income_4q": null,
            "revenue": 3472053,
            "revenue_4q": null,
            "common_shares": 1155973,
            "book_valuer_per_share": 18.92,
            "book_valuer_per_share_4q_avg": 19.09,
            "equity": 6031409,
            "current_ratio": 50.35,
            "debt_ratio": 62.64,
            "inventory_turnover_ratio": 2.4,
            "account_receivable_turnover_ratio": 3.05,
            "reinvestment_rate": null,
            "research_to_sale_ratio": 0.8,
            "price_fair": 0.6,
            "eps_avg_yearly": 0.2,
            "eps_latest_yearly": 0.2,
            "eps_growth_yearly": -369.7
        },
        "20181": {
            "year_quarter": 20181,
            "year": 2018,
            "quarter": 1,
            "eps": -0.65,
            "eps_growth_year": null,
            "eps_4q": -2.51,
            "eps_4q_growth_year": null,
            "roe": -3.62,
            "roe_4q": -12.22,
            "gross_profit": -44954,
            "gross_margin": -1.67,
            "gross_margin_4q_avg": 0.97,
            "net_income": -215285,
            "net_income_4q": null,
            "revenue": 2684802,
            "revenue_4q": null,
            "common_shares": 1155973,
            "book_valuer_per_share": 18.43,
            "book_valuer_per_share_4q_avg": 18.74,
            "equity": 5852097,
            "current_ratio": 52.27,
            "debt_ratio": 63.33,
            "inventory_turnover_ratio": 1.91,
            "account_receivable_turnover_ratio": 2.15,
            "reinvestment_rate": null,
            "research_to_sale_ratio": 0.95,
            "price_fair": 0.6,
            "eps_avg_yearly": 0.2,
            "eps_latest_yearly": 0.2,
            "eps_growth_yearly": -369.7
        },
        "20182": {
            "year_quarter": 20182,
            "year": 2018,
            "quarter": 2,
            "eps": -2.72,
            "eps_growth_year": null,
            "eps_4q": -4.15,
            "eps_4q_growth_year": null,
            "roe": -23.13,
            "roe_4q": -27.53,
            "gross_profit": -684289,
            "gross_margin": -37.79,
            "gross_margin_4q_avg": -6.69,
            "net_income": -1210146,
            "net_income_4q": null,
            "revenue": 1810829,
            "revenue_4q": null,
            "common_shares": 1155973,
            "book_valuer_per_share": 15.62,
            "book_valuer_per_share_4q_avg": 17.97,
            "equity": 4611118,
            "current_ratio": 50.75,
            "debt_ratio": 69.69,
            "inventory_turnover_ratio": 1.64,
            "account_receivable_turnover_ratio": 1.25,
            "reinvestment_rate": null,
            "research_to_sale_ratio": 1.56,
            "price_fair": 0.6,
            "eps_avg_yearly": 0.2,
            "eps_latest_yearly": 0.2,
            "eps_growth_yearly": -369.7
        },
        "20183": {
            "year_quarter": 20183,
            "year": 2018,
            "quarter": 3,
            "eps": -4.75,
            "eps_growth_year": null,
            "eps_4q": -8.36,
            "eps_4q_growth_year": null,
            "roe": -60.96,
            "roe_4q": -86.92,
            "gross_profit": -752548,
            "gross_margin": -62.32,
            "gross_margin_4q_avg": -23.45,
            "net_income": -2138465,
            "net_income_4q": null,
            "revenue": 1207624,
            "revenue_4q": null,
            "common_shares": 1155973,
            "book_valuer_per_share": 10.72,
            "book_valuer_per_share_4q_avg": 15.92,
            "equity": 2404431,
            "current_ratio": 43.69,
            "debt_ratio": 83.16,
            "inventory_turnover_ratio": 1.49,
            "account_receivable_turnover_ratio": 0.97,
            "reinvestment_rate": null,
            "research_to_sale_ratio": 1.98,
            "price_fair": 0.6,
            "eps_avg_yearly": 0.2,
            "eps_latest_yearly": 0.2,
            "eps_growth_yearly": -369.7
        },
        "20184": {
            "year_quarter": 20184,
            "year": 2018,
            "quarter": 4,
            "eps": -9.4,
            "eps_growth_year": null,
            "eps_4q": -17.52,
            "eps_4q_growth_year": null,
            "roe": -1075.51,
            "roe_4q": -1163.22,
            "gross_profit": -895316,
            "gross_margin": -123.36,
            "gross_margin_4q_avg": -56.29,
            "net_income": -3938228,
            "net_income_4q": null,
            "revenue": 725780,
            "revenue_4q": null,
            "common_shares": 1155973,
            "book_valuer_per_share": 0.84,
            "book_valuer_per_share_4q_avg": 11.4,
            "equity": -1672085,
            "current_ratio": 31.64,
            "debt_ratio": 116.87,
            "inventory_turnover_ratio": 1.94,
            "account_receivable_turnover_ratio": 0.67,
            "reinvestment_rate": null,
            "research_to_sale_ratio": 2.83,
            "price_fair": 0.6,
            "eps_avg_yearly": 0.2,
            "eps_latest_yearly": 0.2,
            "eps_growth_yearly": -369.7
        },
        "20191": {
            "year_quarter": 20191,
            "year": 2019,
            "quarter": 1,
            "eps": 5.33,
            "eps_growth_year": null,
            "eps_4q": -22.2,
            "eps_4q_growth_year": null,
            "roe": 91.57,
            "roe_4q": -1068.0300000000002,
            "gross_profit": -420396,
            "gross_margin": -46.92,
            "gross_margin_4q_avg": -67.6,
            "net_income": -2810875,
            "net_income_4q": null,
            "revenue": 896045,
            "revenue_4q": null,
            "common_shares": 1155973,
            "book_valuer_per_share": -3.95,
            "book_valuer_per_share_4q_avg": 5.81,
            "equity": -4467407,
            "current_ratio": 18.33,
            "debt_ratio": 162.84,
            "inventory_turnover_ratio": 3.04,
            "account_receivable_turnover_ratio": 0.92,
            "reinvestment_rate": null,
            "research_to_sale_ratio": 1.97,
            "price_fair": 0.6,
            "eps_avg_yearly": 0.2,
            "eps_latest_yearly": 0.2,
            "eps_growth_yearly": -369.7
        }
    },
    "months": {
        "2007-10": {
            "month": "2007-10",
            "price": "231.36",
            "revenue": 61777
        },
        "2007-11": {
            "month": "2007-11",
            "price": "236.38",
            "revenue": 61716
        },
        "2007-12": {
            "month": "2007-12",
            "price": "208.88",
            "revenue": 52007
        },
        "2008-01": {
            "month": "2008-01",
            "price": "162.72",
            "revenue": 94367
        },
        "2008-02": {
            "month": "2008-02",
            "price": "127.14",
            "revenue": 55004
        },
        "2008-03": {
            "month": "2008-03",
            "price": "126.69",
            "revenue": 62046
        },
        "2008-04": {
            "month": "2008-04",
            "price": "165.61",
            "revenue": 65348
        },
        "2008-05": {
            "month": "2008-05",
            "price": "190.29",
            "revenue": 72735
        },
        "2008-06": {
            "month": "2008-06",
            "price": "155.08",
            "revenue": 70027
        },
        "2008-07": {
            "month": "2008-07",
            "price": "119.86",
            "revenue": 69739
        },
        "2008-08": {
            "month": "2008-08",
            "price": "107.78",
            "revenue": 78402
        },
        "2008-09": {
            "month": "2008-09",
            "price": "108.45",
            "revenue": 87636
        },
        "2008-10": {
            "month": "2008-10",
            "price": "77.18",
            "revenue": 72462
        },
        "2008-11": {
            "month": "2008-11",
            "price": "59.04",
            "revenue": 48305
        },
        "2008-12": {
            "month": "2008-12",
            "price": "50.01",
            "revenue": 48205
        },
        "2009-01": {
            "month": "2009-01",
            "price": "60.62",
            "revenue": 635464
        },
        "2009-02": {
            "month": "2009-02",
            "price": "59.52",
            "revenue": 579496
        },
        "2009-03": {
            "month": "2009-03",
            "price": "69.37",
            "revenue": 575271
        },
        "2009-04": {
            "month": "2009-04",
            "price": "80.80",
            "revenue": 545250
        },
        "2009-05": {
            "month": "2009-05",
            "price": "82.54",
            "revenue": 531987
        },
        "2009-06": {
            "month": "2009-06",
            "price": "70.46",
            "revenue": 600183
        },
        "2009-07": {
            "month": "2009-07",
            "price": "67.33",
            "revenue": 767751
        },
        "2009-08": {
            "month": "2009-08",
            "price": "66.99",
            "revenue": 964970
        },
        "2009-09": {
            "month": "2009-09",
            "price": "60.73",
            "revenue": 994174
        },
        "2009-10": {
            "month": "2009-10",
            "price": "66.08",
            "revenue": 1052273
        },
        "2009-11": {
            "month": "2009-11",
            "price": "70.59",
            "revenue": 950338
        },
        "2009-12": {
            "month": "2009-12",
            "price": "79.37",
            "revenue": 955633
        },
        "2010-01": {
            "month": "2010-01",
            "price": "74.67",
            "revenue": 1101415
        },
        "2010-02": {
            "month": "2010-02",
            "price": "67.62",
            "revenue": 1079982
        },
        "2010-03": {
            "month": "2010-03",
            "price": "77.70",
            "revenue": 1263688
        },
        "2010-04": {
            "month": "2010-04",
            "price": "100.84",
            "revenue": 1275586
        },
        "2010-05": {
            "month": "2010-05",
            "price": "89.47",
            "revenue": 1287169
        },
        "2010-06": {
            "month": "2010-06",
            "price": "86.14",
            "revenue": 1349885
        },
        "2010-07": {
            "month": "2010-07",
            "price": "88.98",
            "revenue": 1592136
        },
        "2010-08": {
            "month": "2010-08",
            "price": "91.40",
            "revenue": 1595365
        },
        "2010-09": {
            "month": "2010-09",
            "price": "97.71",
            "revenue": 1612369
        },
        "2010-10": {
            "month": "2010-10",
            "price": "100.09",
            "revenue": 1798796
        },
        "2010-11": {
            "month": "2010-11",
            "price": "108.25",
            "revenue": 1914401
        },
        "2010-12": {
            "month": "2010-12",
            "price": "107.26",
            "revenue": 2103127
        },
        "2011-01": {
            "month": "2011-01",
            "price": "120.02",
            "revenue": 2118707
        },
        "2011-02": {
            "month": "2011-02",
            "price": "129.57",
            "revenue": 2176653
        },
        "2011-03": {
            "month": "2011-03",
            "price": "137.83",
            "revenue": 2393806
        },
        "2011-04": {
            "month": "2011-04",
            "price": "126.68",
            "revenue": 2443275
        },
        "2011-05": {
            "month": "2011-05",
            "price": "96.81",
            "revenue": 1424506
        },
        "2011-06": {
            "month": "2011-06",
            "price": "89.59",
            "revenue": 1515868
        },
        "2011-07": {
            "month": "2011-07",
            "price": "85.09",
            "revenue": 1514963
        },
        "2011-08": {
            "month": "2011-08",
            "price": "62.84",
            "revenue": 1557669
        },
        "2011-09": {
            "month": "2011-09",
            "price": "49.04",
            "revenue": 1162182
        },
        "2011-10": {
            "month": "2011-10",
            "price": "39.38",
            "revenue": 930230
        },
        "2011-11": {
            "month": "2011-11",
            "price": "29.71",
            "revenue": 1074286
        },
        "2011-12": {
            "month": "2011-12",
            "price": "29.54",
            "revenue": 898390
        },
        "2012-01": {
            "month": "2012-01",
            "price": "31.62",
            "revenue": 841242
        },
        "2012-02": {
            "month": "2012-02",
            "price": "41.92",
            "revenue": 989024
        },
        "2012-03": {
            "month": "2012-03",
            "price": "42.42",
            "revenue": 1033467
        },
        "2012-04": {
            "month": "2012-04",
            "price": "33.80",
            "revenue": 1029099
        },
        "2012-05": {
            "month": "2012-05",
            "price": "33.16",
            "revenue": 1029795
        },
        "2012-06": {
            "month": "2012-06",
            "price": "33.34",
            "revenue": 982803
        },
        "2012-07": {
            "month": "2012-07",
            "price": "27.49",
            "revenue": 1015515
        },
        "2012-08": {
            "month": "2012-08",
            "price": "23.21",
            "revenue": 699925
        },
        "2012-09": {
            "month": "2012-09",
            "price": "26.92",
            "revenue": 415904
        },
        "2012-10": {
            "month": "2012-10",
            "price": "23.64",
            "revenue": 670897
        },
        "2012-11": {
            "month": "2012-11",
            "price": "21.40",
            "revenue": 799889
        },
        "2012-12": {
            "month": "2012-12",
            "price": "24.70",
            "revenue": 768229
        },
        "2013-01": {
            "month": "2013-01",
            "price": "27.17",
            "revenue": 849941
        },
        "2013-02": {
            "month": "2013-02",
            "price": "25.65",
            "revenue": 951237
        },
        "2013-03": {
            "month": "2013-03",
            "price": "26.18",
            "revenue": 990408
        },
        "2013-04": {
            "month": "2013-04",
            "price": "24.37",
            "revenue": 1074806
        },
        "2013-05": {
            "month": "2013-05",
            "price": "25.53",
            "revenue": 1107833
        },
        "2013-06": {
            "month": "2013-06",
            "price": "23.29",
            "revenue": 1104327
        },
        "2013-07": {
            "month": "2013-07",
            "price": "22.50",
            "revenue": 1162794
        },
        "2013-08": {
            "month": "2013-08",
            "price": "21.20",
            "revenue": 1186723
        },
        "2013-09": {
            "month": "2013-09",
            "price": "22.13",
            "revenue": 1220205
        },
        "2013-10": {
            "month": "2013-10",
            "price": "23.69",
            "revenue": 1297955
        },
        "2013-11": {
            "month": "2013-11",
            "price": "22.44",
            "revenue": 1330046
        },
        "2013-12": {
            "month": "2013-12",
            "price": "23.59",
            "revenue": 1363848
        },
        "2014-01": {
            "month": "2014-01",
            "price": "28.78",
            "revenue": 1402745
        },
        "2014-02": {
            "month": "2014-02",
            "price": "30.31",
            "revenue": 1339567
        },
        "2014-03": {
            "month": "2014-03",
            "price": "28.53",
            "revenue": 1226944
        },
        "2014-04": {
            "month": "2014-04",
            "price": "26.39",
            "revenue": 1226660
        },
        "2014-05": {
            "month": "2014-05",
            "price": "24.44",
            "revenue": 1245558
        },
        "2014-06": {
            "month": "2014-06",
            "price": "26.52",
            "revenue": 1159737
        },
        "2014-07": {
            "month": "2014-07",
            "price": "25.48",
            "revenue": 1283859
        },
        "2014-08": {
            "month": "2014-08",
            "price": "22.48",
            "revenue": 1329394
        },
        "2014-09": {
            "month": "2014-09",
            "price": "22.46",
            "revenue": 1356517
        },
        "2014-10": {
            "month": "2014-10",
            "price": "19.66",
            "revenue": 1586146
        },
        "2014-11": {
            "month": "2014-11",
            "price": "18.46",
            "revenue": 1508433
        },
        "2014-12": {
            "month": "2014-12",
            "price": "19.48",
            "revenue": 1357747
        },
        "2015-01": {
            "month": "2015-01",
            "price": "18.70",
            "revenue": 1581354
        },
        "2015-02": {
            "month": "2015-02",
            "price": "18.64",
            "revenue": 1277944
        },
        "2015-03": {
            "month": "2015-03",
            "price": "18.95",
            "revenue": 1282918
        },
        "2015-04": {
            "month": "2015-04",
            "price": "18.68",
            "revenue": 1100826
        },
        "2015-05": {
            "month": "2015-05",
            "price": "16.60",
            "revenue": 1217141
        },
        "2015-06": {
            "month": "2015-06",
            "price": "13.74",
            "revenue": 1173962
        },
        "2015-07": {
            "month": "2015-07",
            "price": "13.00",
            "revenue": 1212214
        },
        "2015-08": {
            "month": "2015-08",
            "price": "10.02",
            "revenue": 1309525
        },
        "2015-09": {
            "month": "2015-09",
            "price": "10.10",
            "revenue": 1331398
        },
        "2015-10": {
            "month": "2015-10",
            "price": "12.13",
            "revenue": 1361755
        },
        "2015-11": {
            "month": "2015-11",
            "price": "12.55",
            "revenue": 1413703
        },
        "2015-12": {
            "month": "2015-12",
            "price": "16.33",
            "revenue": 1544850
        },
        "2016-01": {
            "month": "2016-01",
            "price": "14.94",
            "revenue": 1742428
        },
        "2016-02": {
            "month": "2016-02",
            "price": "15.63",
            "revenue": 1787714
        },
        "2016-03": {
            "month": "2016-03",
            "price": "14.80",
            "revenue": 1813780
        },
        "2016-04": {
            "month": "2016-04",
            "price": "13.36",
            "revenue": 1812916
        },
        "2016-05": {
            "month": "2016-05",
            "price": "13.64",
            "revenue": 1771157
        },
        "2016-06": {
            "month": "2016-06",
            "price": "14.73",
            "revenue": 1289341
        },
        "2016-07": {
            "month": "2016-07",
            "price": "14.50",
            "revenue": 1238114
        },
        "2016-08": {
            "month": "2016-08",
            "price": "13.35",
            "revenue": 665679
        },
        "2016-09": {
            "month": "2016-09",
            "price": "12.88",
            "revenue": 743155
        },
        "2016-10": {
            "month": "2016-10",
            "price": "12.53",
            "revenue": 970216
        },
        "2016-11": {
            "month": "2016-11",
            "price": "10.99",
            "revenue": 1017503
        },
        "2016-12": {
            "month": "2016-12",
            "price": "10.62",
            "revenue": 785688
        },
        "2017-01": {
            "month": "2017-01",
            "price": "12.48",
            "revenue": 868907
        },
        "2017-02": {
            "month": "2017-02",
            "price": "13.87",
            "revenue": 885889
        },
        "2017-03": {
            "month": "2017-03",
            "price": "12.98",
            "revenue": 968364
        },
        "2017-04": {
            "month": "2017-04",
            "price": "12.05",
            "revenue": 901878
        },
        "2017-05": {
            "month": "2017-05",
            "price": "11.48",
            "revenue": 945289
        },
        "2017-06": {
            "month": "2017-06",
            "price": "12.02",
            "revenue": 845783
        },
        "2017-07": {
            "month": "2017-07",
            "price": "13.19",
            "revenue": 946051
        },
        "2017-08": {
            "month": "2017-08",
            "price": "13.82",
            "revenue": 1150137
        },
        "2017-09": {
            "month": "2017-09",
            "price": "15.81",
            "revenue": 1160105
        },
        "2017-10": {
            "month": "2017-10",
            "price": "18.49",
            "revenue": 1208388
        },
        "2017-11": {
            "month": "2017-11",
            "price": "16.72",
            "revenue": 1279606
        },
        "2017-12": {
            "month": "2017-12",
            "price": "16.05",
            "revenue": 1124749
        },
        "2018-01": {
            "month": "2018-01",
            "price": "16.80",
            "revenue": 979970
        },
        "2018-02": {
            "month": "2018-02",
            "price": "14.25",
            "revenue": 821561
        },
        "2018-03": {
            "month": "2018-03",
            "price": "14.74",
            "revenue": 883272
        },
        "2018-04": {
            "month": "2018-04",
            "price": "14.60",
            "revenue": 966769
        },
        "2018-05": {
            "month": "2018-05",
            "price": "14.76",
            "revenue": 570853
        },
        "2018-06": {
            "month": "2018-06",
            "price": "15.11",
            "revenue": 273206
        },
        "2018-07": {
            "month": "2018-07",
            "price": "13.18",
            "revenue": 534317
        },
        "2018-08": {
            "month": "2018-08",
            "price": "11.97",
            "revenue": 451071
        },
        "2018-09": {
            "month": "2018-09",
            "price": "10.92",
            "revenue": 227749
        },
        "2018-10": {
            "month": "2018-10",
            "price": "9.26",
            "revenue": 175565
        },
        "2018-11": {
            "month": "2018-11",
            "price": "8.90",
            "revenue": 205050
        },
        "2018-12": {
            "month": "2018-12",
            "price": "7.45",
            "revenue": 353125
        },
        "2019-01": {
            "month": "2019-01",
            "price": "6.41",
            "revenue": 292300
        },
        "2019-02": {
            "month": "2019-02",
            "price": "7.59",
            "revenue": 257387
        },
        "2019-03": {
            "month": "2019-03",
            "price": "7.07",
            "revenue": 346357
        },
        "2019-04": {
            "month": "2019-04",
            "price": "2.70",
            "revenue": 333189
        },
        "2019-05": {
            "month": "2019-05",
            "price": "1.80",
            "revenue": 240261
        },
        "2019-06": {
            "month": "2019-06",
            "price": "1.26",
            "revenue": 212844
        }
    }
}
