{
    "summary": {
        "stock_name": "友威科",
        "stock_id": "3580",
        "category": "其他電子",
        "main_business": "濺鍍 Sputter<br>蝕刻 Etch<br>真空鍍膜代工 Vacuum Coating Service",
        "website_url": "http://www.uvat.com",
        "ceo": "劉品均",
        "pe_ratio": 9,
        "report_year_from": 2007,
        "report_year_to": 2023,
        "age": 16,
        "eps_negative_percentage": 38,
        "eps_growth_avg": {
            "last_all": -22.69,
            "last_2y": 46.02,
            "last_4y": 15.76,
            "last_8y": 15.76,
            "last_12y": -16.41,
            "last_16y": null,
            "last_20y": null,
            "at_2006_last_3y": null,
            "at_2007_last_3y": null,
            "at_2008_last_3y": null,
            "at_2009_last_3y": null,
            "at_2010_last_3y": null,
            "at_2011_last_3y": null,
            "at_2012_last_3y": -86.78,
            "at_2013_last_3y": -96.84,
            "at_2014_last_3y": -100,
            "at_2015_last_3y": null,
            "at_2016_last_3y": null,
            "at_2017_last_3y": null,
            "at_2018_last_3y": -36.95,
            "at_2019_last_3y": -29.62,
            "at_2020_last_3y": -27.67,
            "at_2021_last_3y": -5.3,
            "at_2022_last_3y": 28.94,
            "at_2023_last_3y": 28.94,
            "at_2006_last_all": null,
            "at_2007_last_all": null,
            "at_2008_last_all": null,
            "at_2009_last_all": null,
            "at_2010_last_all": -80.17,
            "at_2011_last_all": -86.78,
            "at_2012_last_all": -86.78,
            "at_2013_last_all": -86.78,
            "at_2014_last_all": -86.78,
            "at_2015_last_all": -86.78,
            "at_2016_last_all": -86.78,
            "at_2017_last_all": -86.78,
            "at_2018_last_all": -74.32,
            "at_2019_last_all": -63.92,
            "at_2020_last_all": -57.22,
            "at_2021_last_all": -40.22,
            "at_2022_last_all": -22.69,
            "at_2023_last_all": -22.69
        },
        "latest_eps": 5.98,
        "latest_price": 54.4,
        "latest_roe": 26.02,
        "latest_gross_margin": 39.65,
        "latest_equity": 969552,
        "latest_revenue": 147714,
        "latest_gross_profit": 58563,
        "latest_net_income": 7818,
        "latest_debt_ratio": 51.44,
        "latest_current_ratio": 177.82,
        "latest_account_receivable_turnover_ratio": 0.69,
        "latest_inventory_turnover_ratio": 0.31,
        "latest_reinvestment_rate": -8.66,
        "latest_research_to_sale_ratio": 5.02
    },
    "eps_dividends": {
        "2001": {
            "cash": 0,
            "stock": 0,
            "eps": 0
        },
        "2002": {
            "cash": 0,
            "stock": 0,
            "eps": 0
        },
        "2003": {
            "cash": 0,
            "stock": 0,
            "eps": 0
        },
        "2004": {
            "cash": 0,
            "stock": 0,
            "eps": 0
        },
        "2005": {
            "cash": 0,
            "stock": 0,
            "eps": 0
        },
        "2006": {
            "cash": 0,
            "stock": 0,
            "eps": 0
        },
        "2007": {
            "cash": 0,
            "stock": 0,
            "eps": 0
        },
        "2008": {
            "cash": 0,
            "stock": 2,
            "eps": 2.37
        },
        "2009": {
            "cash": 1,
            "stock": 1,
            "eps": 0.79
        },
        "2010": {
            "cash": 1,
            "stock": 0,
            "eps": 0.05
        },
        "2011": {
            "cash": 0,
            "stock": 0,
            "eps": -1.46
        },
        "2012": {
            "cash": 0,
            "stock": 0,
            "eps": -5.5
        },
        "2013": {
            "cash": 0,
            "stock": 0,
            "eps": -5.19
        },
        "2014": {
            "cash": 0,
            "stock": 0,
            "eps": -2.31
        },
        "2015": {
            "cash": 0,
            "stock": 0,
            "eps": -1.74
        },
        "2016": {
            "cash": 0,
            "stock": 0,
            "eps": -0.68
        },
        "2017": {
            "cash": 0,
            "stock": 0,
            "eps": 4.98
        },
        "2018": {
            "cash": 3,
            "stock": 0,
            "eps": 3.14
        },
        "2019": {
            "cash": 2,
            "stock": 0,
            "eps": 2.44
        },
        "2020": {
            "cash": 2,
            "stock": 0,
            "eps": 1.86
        },
        "2021": {
            "cash": 1,
            "stock": 0,
            "eps": 3.01
        },
        "2022": {
            "cash": 2,
            "stock": 0,
            "eps": 6.38
        },
        "2023": {
            "cash": 5,
            "stock": 0,
            "eps": 0.2
        }
    },
    "dividends": {
        "2008-03-31": {
            "cash": 0,
            "stock": 2
        },
        "2009-04-17": {
            "cash": 1,
            "stock": 0.5
        },
        "2010-04-28": {
            "cash": 0.6,
            "stock": 0
        },
        "2011-04-28": {
            "cash": 0.3,
            "stock": 0
        },
        "2018-09-12": {
            "cash": 3.34,
            "stock": 0
        },
        "2019-08-16": {
            "cash": 2.1,
            "stock": 0
        },
        "2020-08-07": {
            "cash": 1.7,
            "stock": 0
        },
        "2021-10-22": {
            "cash": 1.3,
            "stock": 0
        },
        "2022-07-22": {
            "cash": 2.1,
            "stock": 0
        },
        "2023-03-14": {
            "cash": 4.5,
            "stock": 0
        }
    },
    "prices": {
        "200101": "無",
        "200102": "無",
        "200103": "無",
        "200104": "無",
        "200105": "無",
        "200106": "無",
        "200107": "無",
        "200108": "無",
        "200109": "無",
        "200110": "無",
        "200111": "無",
        "200112": "無",
        "200201": "無",
        "200202": "無",
        "200203": "無",
        "200204": "無",
        "200205": "無",
        "200206": "無",
        "200207": "無",
        "200208": "無",
        "200209": "無",
        "200210": "無",
        "200211": "無",
        "200212": "無",
        "200301": "無",
        "200302": "無",
        "200303": "無",
        "200304": "無",
        "200305": "無",
        "200306": "無",
        "200307": "無",
        "200308": "無",
        "200309": "無",
        "200310": "無",
        "200311": "無",
        "200312": "無",
        "200401": "無",
        "200402": "無",
        "200403": "無",
        "200404": "無",
        "200405": "無",
        "200406": "無",
        "200407": "無",
        "200408": "無",
        "200409": "無",
        "200410": "無",
        "200411": "無",
        "200412": "無",
        "200501": "無",
        "200502": "無",
        "200503": "無",
        "200504": "無",
        "200505": "無",
        "200506": "無",
        "200507": "無",
        "200508": "無",
        "200509": "無",
        "200510": "無",
        "200511": "無",
        "200512": "無",
        "200601": "無",
        "200602": "無",
        "200603": "無",
        "200604": "無",
        "200605": "無",
        "200606": "無",
        "200607": "無",
        "200608": "無",
        "200609": "無",
        "200610": "無",
        "200611": "無",
        "200612": "無",
        "200701": "無",
        "200702": "無",
        "200703": "無",
        "200704": "無",
        "200705": "無",
        "200706": "無",
        "200707": "無",
        "200708": "無",
        "200709": "無",
        "200710": "86.82",
        "200711": "83.46",
        "200712": "78.78",
        "200801": "87.27",
        "200802": "78.66",
        "200803": "73.39",
        "200804": "76.74",
        "200805": "87.86",
        "200806": "84.06",
        "200807": "74.11",
        "200808": "61.23",
        "200809": "53.08",
        "200810": "45.98",
        "200811": "32.65",
        "200812": "26.45",
        "200901": "25.16",
        "200902": "25.09",
        "200903": "27.17",
        "200904": "37.66",
        "200905": "37.49",
        "200906": "36.28",
        "200907": "40.54",
        "200908": "44.52",
        "200909": "38.00",
        "200910": "38.42",
        "200911": "38.68",
        "200912": "39.23",
        "201001": "42.48",
        "201002": "40.42",
        "201003": "42.12",
        "201004": "45.55",
        "201005": "50.88",
        "201006": "46.11",
        "201007": "39.38",
        "201008": "41.55",
        "201009": "45.08",
        "201010": "35.84",
        "201011": "25.38",
        "201012": "25.42",
        "201101": "24.43",
        "201102": "21.04",
        "201103": "19.57",
        "201104": "19.68",
        "201105": "21.30",
        "201106": "22.30",
        "201107": "17.84",
        "201108": "13.73",
        "201109": "13.22",
        "201110": "12.78",
        "201111": "12.10",
        "201112": "10.37",
        "201201": "10.19",
        "201202": "12.12",
        "201203": "12.00",
        "201204": "10.81",
        "201205": "9.85",
        "201206": "9.24",
        "201207": "9.04",
        "201208": "9.18",
        "201209": "10.33",
        "201210": "9.38",
        "201211": "8.92",
        "201212": "8.78",
        "201301": "8.85",
        "201302": "8.98",
        "201303": "8.80",
        "201304": "8.46",
        "201305": "8.47",
        "201306": "7.91",
        "201307": "7.51",
        "201308": "6.99",
        "201309": "6.80",
        "201310": "6.90",
        "201311": "6.45",
        "201312": "6.24",
        "201401": "6.95",
        "201402": "7.41",
        "201403": "7.60",
        "201404": "7.10",
        "201405": "6.90",
        "201406": "9.73",
        "201407": "12.84",
        "201408": "11.53",
        "201409": "12.31",
        "201410": "14.12",
        "201411": "15.26",
        "201412": "12.65",
        "201501": "11.86",
        "201502": "11.72",
        "201503": "11.28",
        "201504": "10.15",
        "201505": "9.73",
        "201506": "8.57",
        "201507": "8.61",
        "201508": "6.28",
        "201509": "5.29",
        "201510": "5.83",
        "201511": "6.05",
        "201512": "8.75",
        "201601": "9.24",
        "201602": "10.61",
        "201603": "12.52",
        "201604": "11.05",
        "201605": "10.41",
        "201606": "9.56",
        "201607": "8.17",
        "201608": "10.75",
        "201609": "14.02",
        "201610": "24.50",
        "201611": "26.14",
        "201612": "28.60",
        "201701": "37.22",
        "201702": "34.28",
        "201703": "29.14",
        "201704": "30.54",
        "201705": "39.40",
        "201706": "39.05",
        "201707": "32.39",
        "201708": "34.34",
        "201709": "34.71",
        "201710": "42.30",
        "201711": "73.38",
        "201712": "62.41",
        "201801": "64.56",
        "201802": "58.86",
        "201803": "61.73",
        "201804": "54.53",
        "201805": "42.68",
        "201806": "47.25",
        "201807": "41.10",
        "201808": "37.21",
        "201809": "32.42",
        "201810": "25.60",
        "201811": "26.96",
        "201812": "29.00",
        "201901": "28.25",
        "201902": "33.05",
        "201903": "37.04",
        "201904": "38.10",
        "201905": "32.81",
        "201906": "31.67",
        "201907": "32.14",
        "201908": "27.33",
        "201909": "27.77",
        "201910": "25.51",
        "201911": "28.83",
        "201912": "30.28",
        "202001": "28.42",
        "202002": "24.36",
        "202003": "20.21",
        "202004": "22.03",
        "202005": "23.06",
        "202006": "24.34",
        "202007": "24.17",
        "202008": "23.62",
        "202009": "26.55",
        "202010": "36.36",
        "202011": "47.97",
        "202012": "59.69",
        "202101": "56.52",
        "202102": "52.55",
        "202103": "56.26",
        "202104": "72.75",
        "202105": "59.62",
        "202106": "62.86",
        "202107": "61.39",
        "202108": "54.23",
        "202109": "51.40",
        "202110": "45.35",
        "202111": "53.42",
        "202112": "58.74",
        "202201": "58.42",
        "202202": "61.99",
        "202203": "65.31",
        "202204": "69.31",
        "202205": "66.97",
        "202206": "63.69",
        "202207": "59.21",
        "202208": "64.70",
        "202209": "70.82",
        "202210": "55.65",
        "202211": "61.69",
        "202212": "64.73",
        "202301": "60.45",
        "202302": "61.18",
        "202303": "59.29",
        "202304": "58.52",
        "202305": "55.35"
    },
    "quarters": {
        "20011": {
            "year_quarter": 20011,
            "year": 2001,
            "quarter": 1,
            "eps": null,
            "eps_growth_year": null,
            "eps_4q": null,
            "eps_4q_growth_year": null,
            "roe": null,
            "roe_4q": 0,
            "gross_profit": null,
            "gross_margin": null,
            "gross_margin_4q_avg": 0,
            "net_income": null,
            "revenue": null,
            "common_shares": null,
            "book_valuer_per_share": null,
            "book_valuer_per_share_4q_avg": 0,
            "equity": null,
            "current_ratio": null,
            "debt_ratio": null,
            "inventory_turnover_ratio": null,
            "account_receivable_turnover_ratio": null,
            "reinvestment_rate": null,
            "research_to_sale_ratio": null,
            "price_fair": 0,
            "eps_avg_yearly": 0,
            "eps_latest_yearly": 0,
            "eps_growth_yearly": 0
        },
        "20012": {
            "year_quarter": 20012,
            "year": 2001,
            "quarter": 2,
            "eps": null,
            "eps_growth_year": null,
            "eps_4q": null,
            "eps_4q_growth_year": null,
            "roe": null,
            "roe_4q": 0,
            "gross_profit": null,
            "gross_margin": null,
            "gross_margin_4q_avg": 0,
            "net_income": null,
            "revenue": null,
            "common_shares": null,
            "book_valuer_per_share": null,
            "book_valuer_per_share_4q_avg": 0,
            "equity": null,
            "current_ratio": null,
            "debt_ratio": null,
            "inventory_turnover_ratio": null,
            "account_receivable_turnover_ratio": null,
            "reinvestment_rate": null,
            "research_to_sale_ratio": null,
            "price_fair": 0,
            "eps_avg_yearly": 0,
            "eps_latest_yearly": 0,
            "eps_growth_yearly": 0
        },
        "20013": {
            "year_quarter": 20013,
            "year": 2001,
            "quarter": 3,
            "eps": null,
            "eps_growth_year": null,
            "eps_4q": null,
            "eps_4q_growth_year": null,
            "roe": null,
            "roe_4q": 0,
            "gross_profit": null,
            "gross_margin": null,
            "gross_margin_4q_avg": 0,
            "net_income": null,
            "revenue": null,
            "common_shares": null,
            "book_valuer_per_share": null,
            "book_valuer_per_share_4q_avg": 0,
            "equity": null,
            "current_ratio": null,
            "debt_ratio": null,
            "inventory_turnover_ratio": null,
            "account_receivable_turnover_ratio": null,
            "reinvestment_rate": null,
            "research_to_sale_ratio": null,
            "price_fair": 0,
            "eps_avg_yearly": 0,
            "eps_latest_yearly": 0,
            "eps_growth_yearly": 0
        },
        "20014": {
            "year_quarter": 20014,
            "year": 2001,
            "quarter": 4,
            "eps": null,
            "eps_growth_year": null,
            "eps_4q": null,
            "eps_4q_growth_year": null,
            "roe": null,
            "roe_4q": 0,
            "gross_profit": null,
            "gross_margin": null,
            "gross_margin_4q_avg": 0,
            "net_income": null,
            "revenue": null,
            "common_shares": null,
            "book_valuer_per_share": null,
            "book_valuer_per_share_4q_avg": 0,
            "equity": null,
            "current_ratio": null,
            "debt_ratio": null,
            "inventory_turnover_ratio": null,
            "account_receivable_turnover_ratio": null,
            "reinvestment_rate": null,
            "research_to_sale_ratio": null,
            "price_fair": 0,
            "eps_avg_yearly": 0,
            "eps_latest_yearly": 0,
            "eps_growth_yearly": 0
        },
        "20021": {
            "year_quarter": 20021,
            "year": 2002,
            "quarter": 1,
            "eps": null,
            "eps_growth_year": null,
            "eps_4q": null,
            "eps_4q_growth_year": null,
            "roe": null,
            "roe_4q": 0,
            "gross_profit": null,
            "gross_margin": null,
            "gross_margin_4q_avg": 0,
            "net_income": null,
            "revenue": null,
            "common_shares": null,
            "book_valuer_per_share": null,
            "book_valuer_per_share_4q_avg": 0,
            "equity": null,
            "current_ratio": null,
            "debt_ratio": null,
            "inventory_turnover_ratio": null,
            "account_receivable_turnover_ratio": null,
            "reinvestment_rate": null,
            "research_to_sale_ratio": null,
            "price_fair": 0,
            "eps_avg_yearly": 0,
            "eps_latest_yearly": 0,
            "eps_growth_yearly": 0
        },
        "20022": {
            "year_quarter": 20022,
            "year": 2002,
            "quarter": 2,
            "eps": null,
            "eps_growth_year": null,
            "eps_4q": null,
            "eps_4q_growth_year": null,
            "roe": null,
            "roe_4q": 0,
            "gross_profit": null,
            "gross_margin": null,
            "gross_margin_4q_avg": 0,
            "net_income": null,
            "revenue": null,
            "common_shares": null,
            "book_valuer_per_share": null,
            "book_valuer_per_share_4q_avg": 0,
            "equity": null,
            "current_ratio": null,
            "debt_ratio": null,
            "inventory_turnover_ratio": null,
            "account_receivable_turnover_ratio": null,
            "reinvestment_rate": null,
            "research_to_sale_ratio": null,
            "price_fair": 0,
            "eps_avg_yearly": 0,
            "eps_latest_yearly": 0,
            "eps_growth_yearly": 0
        },
        "20023": {
            "year_quarter": 20023,
            "year": 2002,
            "quarter": 3,
            "eps": null,
            "eps_growth_year": null,
            "eps_4q": null,
            "eps_4q_growth_year": null,
            "roe": null,
            "roe_4q": 0,
            "gross_profit": null,
            "gross_margin": null,
            "gross_margin_4q_avg": 0,
            "net_income": null,
            "revenue": null,
            "common_shares": null,
            "book_valuer_per_share": null,
            "book_valuer_per_share_4q_avg": 0,
            "equity": null,
            "current_ratio": null,
            "debt_ratio": null,
            "inventory_turnover_ratio": null,
            "account_receivable_turnover_ratio": null,
            "reinvestment_rate": null,
            "research_to_sale_ratio": null,
            "price_fair": 0,
            "eps_avg_yearly": 0,
            "eps_latest_yearly": 0,
            "eps_growth_yearly": 0
        },
        "20024": {
            "year_quarter": 20024,
            "year": 2002,
            "quarter": 4,
            "eps": null,
            "eps_growth_year": null,
            "eps_4q": null,
            "eps_4q_growth_year": null,
            "roe": null,
            "roe_4q": 0,
            "gross_profit": null,
            "gross_margin": null,
            "gross_margin_4q_avg": 0,
            "net_income": null,
            "revenue": null,
            "common_shares": 1000,
            "book_valuer_per_share": 373.76,
            "book_valuer_per_share_4q_avg": 93.44,
            "equity": 37376,
            "current_ratio": 250.24,
            "debt_ratio": 34.74,
            "inventory_turnover_ratio": null,
            "account_receivable_turnover_ratio": null,
            "reinvestment_rate": null,
            "research_to_sale_ratio": null,
            "price_fair": 0,
            "eps_avg_yearly": 0,
            "eps_latest_yearly": 0,
            "eps_growth_yearly": 0
        },
        "20031": {
            "year_quarter": 20031,
            "year": 2003,
            "quarter": 1,
            "eps": null,
            "eps_growth_year": null,
            "eps_4q": null,
            "eps_4q_growth_year": null,
            "roe": null,
            "roe_4q": 0,
            "gross_profit": null,
            "gross_margin": null,
            "gross_margin_4q_avg": 0,
            "net_income": null,
            "revenue": null,
            "common_shares": null,
            "book_valuer_per_share": null,
            "book_valuer_per_share_4q_avg": 93.44,
            "equity": null,
            "current_ratio": null,
            "debt_ratio": null,
            "inventory_turnover_ratio": null,
            "account_receivable_turnover_ratio": null,
            "reinvestment_rate": null,
            "research_to_sale_ratio": null,
            "price_fair": 0,
            "eps_avg_yearly": 0,
            "eps_latest_yearly": 0,
            "eps_growth_yearly": 0
        },
        "20032": {
            "year_quarter": 20032,
            "year": 2003,
            "quarter": 2,
            "eps": null,
            "eps_growth_year": null,
            "eps_4q": null,
            "eps_4q_growth_year": null,
            "roe": null,
            "roe_4q": 0,
            "gross_profit": null,
            "gross_margin": null,
            "gross_margin_4q_avg": 0,
            "net_income": null,
            "revenue": null,
            "common_shares": null,
            "book_valuer_per_share": null,
            "book_valuer_per_share_4q_avg": 93.44,
            "equity": null,
            "current_ratio": null,
            "debt_ratio": null,
            "inventory_turnover_ratio": null,
            "account_receivable_turnover_ratio": null,
            "reinvestment_rate": null,
            "research_to_sale_ratio": null,
            "price_fair": 0,
            "eps_avg_yearly": 0,
            "eps_latest_yearly": 0,
            "eps_growth_yearly": 0
        },
        "20033": {
            "year_quarter": 20033,
            "year": 2003,
            "quarter": 3,
            "eps": null,
            "eps_growth_year": null,
            "eps_4q": null,
            "eps_4q_growth_year": null,
            "roe": null,
            "roe_4q": 0,
            "gross_profit": null,
            "gross_margin": null,
            "gross_margin_4q_avg": 0,
            "net_income": null,
            "revenue": null,
            "common_shares": null,
            "book_valuer_per_share": null,
            "book_valuer_per_share_4q_avg": 93.44,
            "equity": null,
            "current_ratio": null,
            "debt_ratio": null,
            "inventory_turnover_ratio": null,
            "account_receivable_turnover_ratio": null,
            "reinvestment_rate": null,
            "research_to_sale_ratio": null,
            "price_fair": 0,
            "eps_avg_yearly": 0,
            "eps_latest_yearly": 0,
            "eps_growth_yearly": 0
        },
        "20034": {
            "year_quarter": 20034,
            "year": 2003,
            "quarter": 4,
            "eps": null,
            "eps_growth_year": null,
            "eps_4q": null,
            "eps_4q_growth_year": null,
            "roe": null,
            "roe_4q": 0,
            "gross_profit": null,
            "gross_margin": null,
            "gross_margin_4q_avg": 0,
            "net_income": null,
            "revenue": null,
            "common_shares": 1000,
            "book_valuer_per_share": 83.19,
            "book_valuer_per_share_4q_avg": 20.8,
            "equity": 8319,
            "current_ratio": 74.11,
            "debt_ratio": 93.56,
            "inventory_turnover_ratio": null,
            "account_receivable_turnover_ratio": null,
            "reinvestment_rate": null,
            "research_to_sale_ratio": null,
            "price_fair": 0,
            "eps_avg_yearly": 0,
            "eps_latest_yearly": 0,
            "eps_growth_yearly": 0
        },
        "20041": {
            "year_quarter": 20041,
            "year": 2004,
            "quarter": 1,
            "eps": null,
            "eps_growth_year": null,
            "eps_4q": null,
            "eps_4q_growth_year": null,
            "roe": null,
            "roe_4q": 0,
            "gross_profit": null,
            "gross_margin": null,
            "gross_margin_4q_avg": 0,
            "net_income": null,
            "revenue": null,
            "common_shares": null,
            "book_valuer_per_share": null,
            "book_valuer_per_share_4q_avg": 20.8,
            "equity": null,
            "current_ratio": null,
            "debt_ratio": null,
            "inventory_turnover_ratio": null,
            "account_receivable_turnover_ratio": null,
            "reinvestment_rate": null,
            "research_to_sale_ratio": null,
            "price_fair": 0,
            "eps_avg_yearly": 0,
            "eps_latest_yearly": 0,
            "eps_growth_yearly": 0
        },
        "20042": {
            "year_quarter": 20042,
            "year": 2004,
            "quarter": 2,
            "eps": null,
            "eps_growth_year": null,
            "eps_4q": null,
            "eps_4q_growth_year": null,
            "roe": null,
            "roe_4q": 0,
            "gross_profit": null,
            "gross_margin": null,
            "gross_margin_4q_avg": 0,
            "net_income": null,
            "revenue": null,
            "common_shares": null,
            "book_valuer_per_share": null,
            "book_valuer_per_share_4q_avg": 20.8,
            "equity": null,
            "current_ratio": null,
            "debt_ratio": null,
            "inventory_turnover_ratio": null,
            "account_receivable_turnover_ratio": null,
            "reinvestment_rate": null,
            "research_to_sale_ratio": null,
            "price_fair": 0,
            "eps_avg_yearly": 0,
            "eps_latest_yearly": 0,
            "eps_growth_yearly": 0
        },
        "20043": {
            "year_quarter": 20043,
            "year": 2004,
            "quarter": 3,
            "eps": null,
            "eps_growth_year": null,
            "eps_4q": null,
            "eps_4q_growth_year": null,
            "roe": null,
            "roe_4q": 0,
            "gross_profit": null,
            "gross_margin": null,
            "gross_margin_4q_avg": 0,
            "net_income": null,
            "revenue": null,
            "common_shares": null,
            "book_valuer_per_share": null,
            "book_valuer_per_share_4q_avg": 20.8,
            "equity": null,
            "current_ratio": null,
            "debt_ratio": null,
            "inventory_turnover_ratio": null,
            "account_receivable_turnover_ratio": null,
            "reinvestment_rate": null,
            "research_to_sale_ratio": null,
            "price_fair": 0,
            "eps_avg_yearly": 0,
            "eps_latest_yearly": 0,
            "eps_growth_yearly": 0
        },
        "20044": {
            "year_quarter": 20044,
            "year": 2004,
            "quarter": 4,
            "eps": null,
            "eps_growth_year": null,
            "eps_4q": null,
            "eps_4q_growth_year": null,
            "roe": null,
            "roe_4q": 0,
            "gross_profit": null,
            "gross_margin": null,
            "gross_margin_4q_avg": 0,
            "net_income": null,
            "revenue": null,
            "common_shares": 100000,
            "book_valuer_per_share": 11.22,
            "book_valuer_per_share_4q_avg": 2.81,
            "equity": 112247,
            "current_ratio": 105.57,
            "debt_ratio": 43.13,
            "inventory_turnover_ratio": null,
            "account_receivable_turnover_ratio": null,
            "reinvestment_rate": null,
            "research_to_sale_ratio": null,
            "price_fair": 0,
            "eps_avg_yearly": 0,
            "eps_latest_yearly": 0,
            "eps_growth_yearly": 0
        },
        "20051": {
            "year_quarter": 20051,
            "year": 2005,
            "quarter": 1,
            "eps": null,
            "eps_growth_year": null,
            "eps_4q": null,
            "eps_4q_growth_year": null,
            "roe": null,
            "roe_4q": 0,
            "gross_profit": null,
            "gross_margin": null,
            "gross_margin_4q_avg": 0,
            "net_income": null,
            "revenue": null,
            "common_shares": null,
            "book_valuer_per_share": null,
            "book_valuer_per_share_4q_avg": 2.81,
            "equity": null,
            "current_ratio": null,
            "debt_ratio": null,
            "inventory_turnover_ratio": null,
            "account_receivable_turnover_ratio": null,
            "reinvestment_rate": null,
            "research_to_sale_ratio": null,
            "price_fair": 0,
            "eps_avg_yearly": 0,
            "eps_latest_yearly": 0,
            "eps_growth_yearly": 0
        },
        "20052": {
            "year_quarter": 20052,
            "year": 2005,
            "quarter": 2,
            "eps": null,
            "eps_growth_year": null,
            "eps_4q": null,
            "eps_4q_growth_year": null,
            "roe": null,
            "roe_4q": 0,
            "gross_profit": null,
            "gross_margin": null,
            "gross_margin_4q_avg": 0,
            "net_income": null,
            "revenue": null,
            "common_shares": null,
            "book_valuer_per_share": null,
            "book_valuer_per_share_4q_avg": 2.81,
            "equity": null,
            "current_ratio": null,
            "debt_ratio": null,
            "inventory_turnover_ratio": null,
            "account_receivable_turnover_ratio": null,
            "reinvestment_rate": null,
            "research_to_sale_ratio": null,
            "price_fair": 0,
            "eps_avg_yearly": 0,
            "eps_latest_yearly": 0,
            "eps_growth_yearly": 0
        },
        "20053": {
            "year_quarter": 20053,
            "year": 2005,
            "quarter": 3,
            "eps": null,
            "eps_growth_year": null,
            "eps_4q": null,
            "eps_4q_growth_year": null,
            "roe": null,
            "roe_4q": 0,
            "gross_profit": null,
            "gross_margin": null,
            "gross_margin_4q_avg": 0,
            "net_income": null,
            "revenue": null,
            "common_shares": null,
            "book_valuer_per_share": null,
            "book_valuer_per_share_4q_avg": 2.81,
            "equity": null,
            "current_ratio": null,
            "debt_ratio": null,
            "inventory_turnover_ratio": null,
            "account_receivable_turnover_ratio": null,
            "reinvestment_rate": null,
            "research_to_sale_ratio": null,
            "price_fair": 0,
            "eps_avg_yearly": 0,
            "eps_latest_yearly": 0,
            "eps_growth_yearly": 0
        },
        "20054": {
            "year_quarter": 20054,
            "year": 2005,
            "quarter": 4,
            "eps": null,
            "eps_growth_year": null,
            "eps_4q": null,
            "eps_4q_growth_year": null,
            "roe": null,
            "roe_4q": 0,
            "gross_profit": null,
            "gross_margin": null,
            "gross_margin_4q_avg": 0,
            "net_income": null,
            "revenue": null,
            "common_shares": 111250,
            "book_valuer_per_share": 11.75,
            "book_valuer_per_share_4q_avg": 2.94,
            "equity": 130692,
            "current_ratio": 126.16,
            "debt_ratio": 56.09,
            "inventory_turnover_ratio": null,
            "account_receivable_turnover_ratio": null,
            "reinvestment_rate": null,
            "research_to_sale_ratio": null,
            "price_fair": 0,
            "eps_avg_yearly": 0,
            "eps_latest_yearly": 0,
            "eps_growth_yearly": 0
        },
        "20061": {
            "year_quarter": 20061,
            "year": 2006,
            "quarter": 1,
            "eps": null,
            "eps_growth_year": null,
            "eps_4q": null,
            "eps_4q_growth_year": null,
            "roe": null,
            "roe_4q": 0,
            "gross_profit": null,
            "gross_margin": null,
            "gross_margin_4q_avg": 0,
            "net_income": null,
            "revenue": null,
            "common_shares": null,
            "book_valuer_per_share": null,
            "book_valuer_per_share_4q_avg": 2.94,
            "equity": null,
            "current_ratio": null,
            "debt_ratio": null,
            "inventory_turnover_ratio": null,
            "account_receivable_turnover_ratio": null,
            "reinvestment_rate": null,
            "research_to_sale_ratio": null,
            "price_fair": 0,
            "eps_avg_yearly": 0,
            "eps_latest_yearly": 0,
            "eps_growth_yearly": 0
        },
        "20062": {
            "year_quarter": 20062,
            "year": 2006,
            "quarter": 2,
            "eps": null,
            "eps_growth_year": null,
            "eps_4q": null,
            "eps_4q_growth_year": null,
            "roe": null,
            "roe_4q": 0,
            "gross_profit": null,
            "gross_margin": null,
            "gross_margin_4q_avg": 0,
            "net_income": null,
            "revenue": null,
            "common_shares": null,
            "book_valuer_per_share": null,
            "book_valuer_per_share_4q_avg": 2.94,
            "equity": null,
            "current_ratio": null,
            "debt_ratio": null,
            "inventory_turnover_ratio": null,
            "account_receivable_turnover_ratio": null,
            "reinvestment_rate": null,
            "research_to_sale_ratio": null,
            "price_fair": 0,
            "eps_avg_yearly": 0,
            "eps_latest_yearly": 0,
            "eps_growth_yearly": 0
        },
        "20063": {
            "year_quarter": 20063,
            "year": 2006,
            "quarter": 3,
            "eps": null,
            "eps_growth_year": null,
            "eps_4q": null,
            "eps_4q_growth_year": null,
            "roe": null,
            "roe_4q": 0,
            "gross_profit": null,
            "gross_margin": null,
            "gross_margin_4q_avg": 0,
            "net_income": null,
            "revenue": null,
            "common_shares": null,
            "book_valuer_per_share": null,
            "book_valuer_per_share_4q_avg": 2.94,
            "equity": null,
            "current_ratio": null,
            "debt_ratio": null,
            "inventory_turnover_ratio": null,
            "account_receivable_turnover_ratio": null,
            "reinvestment_rate": null,
            "research_to_sale_ratio": null,
            "price_fair": 0,
            "eps_avg_yearly": 0,
            "eps_latest_yearly": 0,
            "eps_growth_yearly": 0
        },
        "20064": {
            "year_quarter": 20064,
            "year": 2006,
            "quarter": 4,
            "eps": null,
            "eps_growth_year": null,
            "eps_4q": null,
            "eps_4q_growth_year": null,
            "roe": null,
            "roe_4q": 0,
            "gross_profit": null,
            "gross_margin": null,
            "gross_margin_4q_avg": 0,
            "net_income": null,
            "revenue": null,
            "common_shares": 163813,
            "book_valuer_per_share": 19.92,
            "book_valuer_per_share_4q_avg": 4.98,
            "equity": 326250,
            "current_ratio": 211.19,
            "debt_ratio": 35.95,
            "inventory_turnover_ratio": null,
            "account_receivable_turnover_ratio": null,
            "reinvestment_rate": null,
            "research_to_sale_ratio": null,
            "price_fair": 0,
            "eps_avg_yearly": 0,
            "eps_latest_yearly": 0,
            "eps_growth_yearly": 0
        },
        "20071": {
            "year_quarter": 20071,
            "year": 2007,
            "quarter": 1,
            "eps": null,
            "eps_growth_year": null,
            "eps_4q": null,
            "eps_4q_growth_year": null,
            "roe": null,
            "roe_4q": 0,
            "gross_profit": null,
            "gross_margin": null,
            "gross_margin_4q_avg": 0,
            "net_income": null,
            "revenue": null,
            "common_shares": null,
            "book_valuer_per_share": null,
            "book_valuer_per_share_4q_avg": 4.98,
            "equity": null,
            "current_ratio": null,
            "debt_ratio": null,
            "inventory_turnover_ratio": null,
            "account_receivable_turnover_ratio": null,
            "reinvestment_rate": null,
            "research_to_sale_ratio": null,
            "price_fair": 0,
            "eps_avg_yearly": 0,
            "eps_latest_yearly": 0,
            "eps_growth_yearly": 0
        },
        "20072": {
            "year_quarter": 20072,
            "year": 2007,
            "quarter": 2,
            "eps": null,
            "eps_growth_year": null,
            "eps_4q": null,
            "eps_4q_growth_year": null,
            "roe": null,
            "roe_4q": 0,
            "gross_profit": null,
            "gross_margin": null,
            "gross_margin_4q_avg": 0,
            "net_income": null,
            "revenue": null,
            "common_shares": null,
            "book_valuer_per_share": null,
            "book_valuer_per_share_4q_avg": 4.98,
            "equity": null,
            "current_ratio": null,
            "debt_ratio": null,
            "inventory_turnover_ratio": null,
            "account_receivable_turnover_ratio": null,
            "reinvestment_rate": null,
            "research_to_sale_ratio": null,
            "price_fair": 0,
            "eps_avg_yearly": 0,
            "eps_latest_yearly": 0,
            "eps_growth_yearly": 0
        },
        "20073": {
            "year_quarter": 20073,
            "year": 2007,
            "quarter": 3,
            "eps": null,
            "eps_growth_year": null,
            "eps_4q": null,
            "eps_4q_growth_year": null,
            "roe": null,
            "roe_4q": 0,
            "gross_profit": null,
            "gross_margin": null,
            "gross_margin_4q_avg": 0,
            "net_income": null,
            "revenue": null,
            "common_shares": null,
            "book_valuer_per_share": null,
            "book_valuer_per_share_4q_avg": 4.98,
            "equity": null,
            "current_ratio": null,
            "debt_ratio": null,
            "inventory_turnover_ratio": null,
            "account_receivable_turnover_ratio": null,
            "reinvestment_rate": null,
            "research_to_sale_ratio": null,
            "price_fair": 0,
            "eps_avg_yearly": 0,
            "eps_latest_yearly": 0,
            "eps_growth_yearly": 0
        },
        "20074": {
            "year_quarter": 20074,
            "year": 2007,
            "quarter": 4,
            "eps": null,
            "eps_growth_year": null,
            "eps_4q": null,
            "eps_4q_growth_year": null,
            "roe": null,
            "roe_4q": 0,
            "gross_profit": null,
            "gross_margin": null,
            "gross_margin_4q_avg": 0,
            "net_income": null,
            "revenue": null,
            "common_shares": 232432,
            "book_valuer_per_share": 23.55,
            "book_valuer_per_share_4q_avg": 5.89,
            "equity": 547343,
            "current_ratio": 166.23,
            "debt_ratio": 46.89,
            "inventory_turnover_ratio": null,
            "account_receivable_turnover_ratio": null,
            "reinvestment_rate": null,
            "research_to_sale_ratio": null,
            "price_fair": 0,
            "eps_avg_yearly": 0,
            "eps_latest_yearly": 0,
            "eps_growth_yearly": 0
        },
        "20081": {
            "year_quarter": 20081,
            "year": 2008,
            "quarter": 1,
            "eps": null,
            "eps_growth_year": null,
            "eps_4q": null,
            "eps_4q_growth_year": null,
            "roe": null,
            "roe_4q": 0,
            "gross_profit": null,
            "gross_margin": null,
            "gross_margin_4q_avg": 0,
            "net_income": null,
            "revenue": null,
            "common_shares": null,
            "book_valuer_per_share": null,
            "book_valuer_per_share_4q_avg": 5.89,
            "equity": null,
            "current_ratio": null,
            "debt_ratio": null,
            "inventory_turnover_ratio": null,
            "account_receivable_turnover_ratio": null,
            "reinvestment_rate": null,
            "research_to_sale_ratio": null,
            "price_fair": 0,
            "eps_avg_yearly": 0,
            "eps_latest_yearly": 0,
            "eps_growth_yearly": 0
        },
        "20082": {
            "year_quarter": 20082,
            "year": 2008,
            "quarter": 2,
            "eps": null,
            "eps_growth_year": null,
            "eps_4q": null,
            "eps_4q_growth_year": null,
            "roe": null,
            "roe_4q": 0,
            "gross_profit": null,
            "gross_margin": null,
            "gross_margin_4q_avg": 0,
            "net_income": null,
            "revenue": null,
            "common_shares": null,
            "book_valuer_per_share": null,
            "book_valuer_per_share_4q_avg": 5.89,
            "equity": null,
            "current_ratio": null,
            "debt_ratio": null,
            "inventory_turnover_ratio": null,
            "account_receivable_turnover_ratio": null,
            "reinvestment_rate": null,
            "research_to_sale_ratio": null,
            "price_fair": 0,
            "eps_avg_yearly": 0,
            "eps_latest_yearly": 0,
            "eps_growth_yearly": 0
        },
        "20083": {
            "year_quarter": 20083,
            "year": 2008,
            "quarter": 3,
            "eps": 1.86,
            "eps_growth_year": null,
            "eps_4q": null,
            "eps_4q_growth_year": null,
            "roe": 7.36,
            "roe_4q": 7.36,
            "gross_profit": 60935,
            "gross_margin": 20.77,
            "gross_margin_4q_avg": 5.19,
            "net_income": 64184,
            "revenue": 293340,
            "common_shares": 367946,
            "book_valuer_per_share": 23.71,
            "book_valuer_per_share_4q_avg": 11.82,
            "equity": 872356,
            "current_ratio": 194.11,
            "debt_ratio": 38.29,
            "inventory_turnover_ratio": 0.7,
            "account_receivable_turnover_ratio": null,
            "reinvestment_rate": null,
            "research_to_sale_ratio": null,
            "price_fair": 0,
            "eps_avg_yearly": 0,
            "eps_latest_yearly": 0,
            "eps_growth_yearly": 0
        },
        "20084": {
            "year_quarter": 20084,
            "year": 2008,
            "quarter": 4,
            "eps": 0.51,
            "eps_growth_year": null,
            "eps_4q": null,
            "eps_4q_growth_year": null,
            "roe": 1.91,
            "roe_4q": 9.27,
            "gross_profit": 32456,
            "gross_margin": 36.05,
            "gross_margin_4q_avg": 14.21,
            "net_income": 16871,
            "revenue": 90027,
            "common_shares": 368266,
            "book_valuer_per_share": 24.35,
            "book_valuer_per_share_4q_avg": 12.02,
            "equity": 896588,
            "current_ratio": 154.52,
            "debt_ratio": 46.19,
            "inventory_turnover_ratio": 0.15,
            "account_receivable_turnover_ratio": null,
            "reinvestment_rate": null,
            "research_to_sale_ratio": null,
            "price_fair": 6.12,
            "eps_avg_yearly": 2.04,
            "eps_latest_yearly": 2.04,
            "eps_growth_yearly": -290.32
        },
        "20091": {
            "year_quarter": 20091,
            "year": 2009,
            "quarter": 1,
            "eps": -0.09,
            "eps_growth_year": null,
            "eps_4q": null,
            "eps_4q_growth_year": null,
            "roe": -0.39,
            "roe_4q": 8.88,
            "gross_profit": 13112,
            "gross_margin": 16.82,
            "gross_margin_4q_avg": 18.41,
            "net_income": -3552,
            "revenue": 77936,
            "common_shares": 371956,
            "book_valuer_per_share": 24.66,
            "book_valuer_per_share_4q_avg": 18.18,
            "equity": 917335,
            "current_ratio": 158.38,
            "debt_ratio": 37.64,
            "inventory_turnover_ratio": 0.16,
            "account_receivable_turnover_ratio": null,
            "reinvestment_rate": null,
            "research_to_sale_ratio": null,
            "price_fair": 6.12,
            "eps_avg_yearly": 2.04,
            "eps_latest_yearly": 2.04,
            "eps_growth_yearly": -290.32
        },
        "20092": {
            "year_quarter": 20092,
            "year": 2009,
            "quarter": 2,
            "eps": 0.73,
            "eps_growth_year": null,
            "eps_4q": 2.69,
            "eps_4q_growth_year": null,
            "roe": 3.18,
            "roe_4q": 12.06,
            "gross_profit": 74369,
            "gross_margin": 20.86,
            "gross_margin_4q_avg": 23.63,
            "net_income": 28823,
            "revenue": 356473,
            "common_shares": 372066,
            "book_valuer_per_share": 24.06,
            "book_valuer_per_share_4q_avg": 24.2,
            "equity": 895006,
            "current_ratio": 151.54,
            "debt_ratio": 35.28,
            "inventory_turnover_ratio": 1.04,
            "account_receivable_turnover_ratio": 2.6,
            "reinvestment_rate": null,
            "research_to_sale_ratio": null,
            "price_fair": 6.12,
            "eps_avg_yearly": 2.04,
            "eps_latest_yearly": 2.04,
            "eps_growth_yearly": -290.32
        },
        "20093": {
            "year_quarter": 20093,
            "year": 2009,
            "quarter": 3,
            "eps": -0.12,
            "eps_growth_year": -106.45,
            "eps_4q": 0.95,
            "eps_4q_growth_year": null,
            "roe": -0.53,
            "roe_4q": 4.17,
            "gross_profit": 39788,
            "gross_margin": 27.39,
            "gross_margin_4q_avg": 25.28,
            "net_income": -4660,
            "revenue": 145252,
            "common_shares": 394407,
            "book_valuer_per_share": 22.24,
            "book_valuer_per_share_4q_avg": 23.83,
            "equity": 877120,
            "current_ratio": 128.4,
            "debt_ratio": 46.97,
            "inventory_turnover_ratio": 0.55,
            "account_receivable_turnover_ratio": 0.36,
            "reinvestment_rate": null,
            "research_to_sale_ratio": null,
            "price_fair": 6.12,
            "eps_avg_yearly": 2.04,
            "eps_latest_yearly": 2.04,
            "eps_growth_yearly": -290.32
        },
        "20094": {
            "year_quarter": 20094,
            "year": 2009,
            "quarter": 4,
            "eps": 0.27,
            "eps_growth_year": -47.06,
            "eps_4q": 0.79,
            "eps_4q_growth_year": null,
            "roe": 1.21,
            "roe_4q": 3.47,
            "gross_profit": 57285,
            "gross_margin": 27.02,
            "gross_margin_4q_avg": 23.02,
            "net_income": 10612,
            "revenue": 212034,
            "common_shares": 394407,
            "book_valuer_per_share": 22.4,
            "book_valuer_per_share_4q_avg": 23.34,
            "equity": 883393,
            "current_ratio": 180.84,
            "debt_ratio": 43.5,
            "inventory_turnover_ratio": 0.77,
            "account_receivable_turnover_ratio": 0.9,
            "reinvestment_rate": null,
            "research_to_sale_ratio": null,
            "price_fair": 6.12,
            "eps_avg_yearly": 2.04,
            "eps_latest_yearly": 2.04,
            "eps_growth_yearly": -290.32
        },
        "20101": {
            "year_quarter": 20101,
            "year": 2010,
            "quarter": 1,
            "eps": null,
            "eps_growth_year": null,
            "eps_4q": null,
            "eps_4q_growth_year": null,
            "roe": null,
            "roe_4q": 3.8600000000000003,
            "gross_profit": 68967,
            "gross_margin": null,
            "gross_margin_4q_avg": 18.82,
            "net_income": 16112,
            "revenue": 252844,
            "common_shares": 394407,
            "book_valuer_per_share": 22.69,
            "book_valuer_per_share_4q_avg": 22.85,
            "equity": 895032,
            "current_ratio": 185.77,
            "debt_ratio": 46.84,
            "inventory_turnover_ratio": null,
            "account_receivable_turnover_ratio": null,
            "reinvestment_rate": null,
            "research_to_sale_ratio": null,
            "price_fair": 6.12,
            "eps_avg_yearly": 2.04,
            "eps_latest_yearly": 2.04,
            "eps_growth_yearly": -290.32
        },
        "20102": {
            "year_quarter": 20102,
            "year": 2010,
            "quarter": 2,
            "eps": 0.45,
            "eps_growth_year": -38.84,
            "eps_4q": 0.6,
            "eps_4q_growth_year": -77.88,
            "roe": 1.98,
            "roe_4q": 2.66,
            "gross_profit": 45061,
            "gross_margin": 20.1,
            "gross_margin_4q_avg": 18.63,
            "net_income": 17817,
            "revenue": 224162,
            "common_shares": 399087,
            "book_valuer_per_share": 22.67,
            "book_valuer_per_share_4q_avg": 22.5,
            "equity": 904552,
            "current_ratio": 182.96,
            "debt_ratio": 47.59,
            "inventory_turnover_ratio": 1.19,
            "account_receivable_turnover_ratio": 0.88,
            "reinvestment_rate": null,
            "research_to_sale_ratio": null,
            "price_fair": 6.12,
            "eps_avg_yearly": 2.04,
            "eps_latest_yearly": 2.04,
            "eps_growth_yearly": -290.32
        },
        "20103": {
            "year_quarter": 20103,
            "year": 2010,
            "quarter": 3,
            "eps": -0.6,
            "eps_growth_year": null,
            "eps_4q": 0.04,
            "eps_4q_growth_year": -96.03,
            "roe": -2.82,
            "roe_4q": 0.3700000000000001,
            "gross_profit": 29906,
            "gross_margin": 13.4,
            "gross_margin_4q_avg": 15.13,
            "net_income": -26758,
            "revenue": 223148,
            "common_shares": 442747,
            "book_valuer_per_share": 22.41,
            "book_valuer_per_share_4q_avg": 22.54,
            "equity": 992403,
            "current_ratio": 184.07,
            "debt_ratio": 46,
            "inventory_turnover_ratio": 1.32,
            "account_receivable_turnover_ratio": 0.45,
            "reinvestment_rate": null,
            "research_to_sale_ratio": 9.54,
            "price_fair": 6.12,
            "eps_avg_yearly": 2.04,
            "eps_latest_yearly": 2.04,
            "eps_growth_yearly": -290.32
        },
        "20104": {
            "year_quarter": 20104,
            "year": 2010,
            "quarter": 4,
            "eps": 0.2,
            "eps_growth_year": -24.16,
            "eps_4q": 0,
            "eps_4q_growth_year": -99.51,
            "roe": 0.94,
            "roe_4q": 0.10000000000000009,
            "gross_profit": 47464,
            "gross_margin": 18.2,
            "gross_margin_4q_avg": 12.93,
            "net_income": 9113,
            "revenue": 260851,
            "common_shares": 442747,
            "book_valuer_per_share": 21.15,
            "book_valuer_per_share_4q_avg": 22.23,
            "equity": 944162,
            "current_ratio": 166.13,
            "debt_ratio": 45.9,
            "inventory_turnover_ratio": 1.54,
            "account_receivable_turnover_ratio": 0.52,
            "reinvestment_rate": null,
            "research_to_sale_ratio": -0.08,
            "price_fair": 6.12,
            "eps_avg_yearly": 2.04,
            "eps_latest_yearly": 2.04,
            "eps_growth_yearly": -290.32
        },
        "20111": {
            "year_quarter": 20111,
            "year": 2011,
            "quarter": 1,
            "eps": -0.57,
            "eps_growth_year": null,
            "eps_4q": -0.56,
            "eps_4q_growth_year": null,
            "roe": -2.71,
            "roe_4q": -2.61,
            "gross_profit": 6353,
            "gross_margin": 4.26,
            "gross_margin_4q_avg": 13.99,
            "net_income": -25389,
            "revenue": 149308,
            "common_shares": 446427,
            "book_valuer_per_share": 20.86,
            "book_valuer_per_share_4q_avg": 21.77,
            "equity": 932571,
            "current_ratio": 156.5,
            "debt_ratio": 48.69,
            "inventory_turnover_ratio": 0.82,
            "account_receivable_turnover_ratio": 0.3,
            "reinvestment_rate": null,
            "research_to_sale_ratio": 5.84,
            "price_fair": 6.12,
            "eps_avg_yearly": 2.04,
            "eps_latest_yearly": 2.04,
            "eps_growth_yearly": -290.32
        },
        "20112": {
            "year_quarter": 20112,
            "year": 2011,
            "quarter": 2,
            "eps": 0.24,
            "eps_growth_year": -45.96,
            "eps_4q": -0.72,
            "eps_4q_growth_year": -221.12,
            "roe": 1.17,
            "roe_4q": -3.42,
            "gross_profit": 53463,
            "gross_margin": 16.58,
            "gross_margin_4q_avg": 13.11,
            "net_income": 10785,
            "revenue": 322386,
            "common_shares": 447067,
            "book_valuer_per_share": 20.44,
            "book_valuer_per_share_4q_avg": 21.22,
            "equity": 913758,
            "current_ratio": 151.65,
            "debt_ratio": 48.64,
            "inventory_turnover_ratio": 1.35,
            "account_receivable_turnover_ratio": 0.68,
            "reinvestment_rate": null,
            "research_to_sale_ratio": 3,
            "price_fair": 6.12,
            "eps_avg_yearly": 2.04,
            "eps_latest_yearly": 2.04,
            "eps_growth_yearly": -290.32
        },
        "20113": {
            "year_quarter": 20113,
            "year": 2011,
            "quarter": 3,
            "eps": -0.46,
            "eps_growth_year": null,
            "eps_4q": -0.58,
            "eps_4q_growth_year": -1632.19,
            "roe": -2.16,
            "roe_4q": -2.7600000000000002,
            "gross_profit": 23237,
            "gross_margin": 12.36,
            "gross_margin_4q_avg": 12.85,
            "net_income": -20362,
            "revenue": 188048,
            "common_shares": 447067,
            "book_valuer_per_share": 21.66,
            "book_valuer_per_share_4q_avg": 21.03,
            "equity": 968490,
            "current_ratio": 144.84,
            "debt_ratio": 50.47,
            "inventory_turnover_ratio": 0.76,
            "account_receivable_turnover_ratio": 0.34,
            "reinvestment_rate": null,
            "research_to_sale_ratio": 4.41,
            "price_fair": 6.12,
            "eps_avg_yearly": 2.04,
            "eps_latest_yearly": 2.04,
            "eps_growth_yearly": -290.32
        },
        "20114": {
            "year_quarter": 20114,
            "year": 2011,
            "quarter": 4,
            "eps": -0.67,
            "eps_growth_year": -426.54,
            "eps_4q": -1.45,
            "eps_4q_growth_year": -37635.45,
            "roe": -3.13,
            "roe_4q": -6.83,
            "gross_profit": 11632,
            "gross_margin": 5.82,
            "gross_margin_4q_avg": 9.76,
            "net_income": -29892,
            "revenue": 200017,
            "common_shares": 447067,
            "book_valuer_per_share": 21.01,
            "book_valuer_per_share_4q_avg": 20.99,
            "equity": 939427,
            "current_ratio": 136.75,
            "debt_ratio": 53.17,
            "inventory_turnover_ratio": 0.74,
            "account_receivable_turnover_ratio": 0.33,
            "reinvestment_rate": null,
            "research_to_sale_ratio": 3.21,
            "price_fair": 6.12,
            "eps_avg_yearly": 2.04,
            "eps_latest_yearly": 2.04,
            "eps_growth_yearly": -290.32
        },
        "20121": {
            "year_quarter": 20121,
            "year": 2012,
            "quarter": 1,
            "eps": -0.94,
            "eps_growth_year": null,
            "eps_4q": -1.82,
            "eps_4q_growth_year": null,
            "roe": -4.62,
            "roe_4q": -8.74,
            "gross_profit": 7952,
            "gross_margin": 4.78,
            "gross_margin_4q_avg": 9.89,
            "net_income": -41917,
            "revenue": 166199,
            "common_shares": 447067,
            "book_valuer_per_share": 19.55,
            "book_valuer_per_share_4q_avg": 20.67,
            "equity": 874147,
            "current_ratio": 141.28,
            "debt_ratio": 50.37,
            "inventory_turnover_ratio": 0.64,
            "account_receivable_turnover_ratio": 0.29,
            "reinvestment_rate": null,
            "research_to_sale_ratio": 5.08,
            "price_fair": 6.12,
            "eps_avg_yearly": 2.04,
            "eps_latest_yearly": 2.04,
            "eps_growth_yearly": -290.32
        },
        "20122": {
            "year_quarter": 20122,
            "year": 2012,
            "quarter": 2,
            "eps": -1.05,
            "eps_growth_year": -535.55,
            "eps_4q": -3.11,
            "eps_4q_growth_year": null,
            "roe": -5.5,
            "roe_4q": -15.41,
            "gross_profit": 2647,
            "gross_margin": 1.75,
            "gross_margin_4q_avg": 6.18,
            "net_income": -46974,
            "revenue": 151067,
            "common_shares": 447067,
            "book_valuer_per_share": 18.69,
            "book_valuer_per_share_4q_avg": 20.23,
            "equity": 835560,
            "current_ratio": 129.1,
            "debt_ratio": 51.92,
            "inventory_turnover_ratio": 0.77,
            "account_receivable_turnover_ratio": 0.29,
            "reinvestment_rate": null,
            "research_to_sale_ratio": 7.13,
            "price_fair": 6.12,
            "eps_avg_yearly": 2.04,
            "eps_latest_yearly": 2.04,
            "eps_growth_yearly": -290.32
        },
        "20123": {
            "year_quarter": 20123,
            "year": 2012,
            "quarter": 3,
            "eps": -0.98,
            "eps_growth_year": null,
            "eps_4q": -3.64,
            "eps_4q_growth_year": null,
            "roe": -5.45,
            "roe_4q": -18.7,
            "gross_profit": -1663,
            "gross_margin": -1.17,
            "gross_margin_4q_avg": 2.8,
            "net_income": -43853,
            "revenue": 142531,
            "common_shares": 447067,
            "book_valuer_per_share": 17.31,
            "book_valuer_per_share_4q_avg": 19.14,
            "equity": 773754,
            "current_ratio": 144.69,
            "debt_ratio": 51.41,
            "inventory_turnover_ratio": 0.92,
            "account_receivable_turnover_ratio": 0.29,
            "reinvestment_rate": null,
            "research_to_sale_ratio": 10.71,
            "price_fair": 6.12,
            "eps_avg_yearly": 2.04,
            "eps_latest_yearly": 2.04,
            "eps_growth_yearly": -290.32
        },
        "20124": {
            "year_quarter": 20124,
            "year": 2012,
            "quarter": 4,
            "eps": -2.53,
            "eps_growth_year": null,
            "eps_4q": -5.49,
            "eps_4q_growth_year": null,
            "roe": -15.74,
            "roe_4q": -31.310000000000002,
            "gross_profit": -19117,
            "gross_margin": -11.5,
            "gross_margin_4q_avg": -1.54,
            "net_income": -112913,
            "revenue": 166180,
            "common_shares": 447067,
            "book_valuer_per_share": 14.79,
            "book_valuer_per_share_4q_avg": 17.59,
            "equity": 661013,
            "current_ratio": 127.03,
            "debt_ratio": 55.58,
            "inventory_turnover_ratio": 1.37,
            "account_receivable_turnover_ratio": 0.35,
            "reinvestment_rate": null,
            "research_to_sale_ratio": 7.78,
            "price_fair": 0,
            "eps_avg_yearly": 0,
            "eps_latest_yearly": 0,
            "eps_growth_yearly": 0
        },
        "20131": {
            "year_quarter": 20131,
            "year": 2013,
            "quarter": 1,
            "eps": -1.28,
            "eps_growth_year": null,
            "eps_4q": -5.84,
            "eps_4q_growth_year": null,
            "roe": -8.93,
            "roe_4q": -35.620000000000005,
            "gross_profit": -11027,
            "gross_margin": -9.48,
            "gross_margin_4q_avg": -5.1,
            "net_income": -57368,
            "revenue": 116261,
            "common_shares": 447067,
            "book_valuer_per_share": 13.96,
            "book_valuer_per_share_4q_avg": 16.19,
            "equity": 624123,
            "current_ratio": 122.08,
            "debt_ratio": 58.46,
            "inventory_turnover_ratio": 1.17,
            "account_receivable_turnover_ratio": 0.24,
            "reinvestment_rate": null,
            "research_to_sale_ratio": 11.53,
            "price_fair": 0,
            "eps_avg_yearly": 0,
            "eps_latest_yearly": 0,
            "eps_growth_yearly": 0
        },
        "20132": {
            "year_quarter": 20132,
            "year": 2013,
            "quarter": 2,
            "eps": -0.89,
            "eps_growth_year": null,
            "eps_4q": -5.68,
            "eps_4q_growth_year": null,
            "roe": -6.5,
            "roe_4q": -36.620000000000005,
            "gross_profit": 8477,
            "gross_margin": 5.11,
            "gross_margin_4q_avg": -4.26,
            "net_income": -39726,
            "revenue": 165872,
            "common_shares": 447067,
            "book_valuer_per_share": 13.37,
            "book_valuer_per_share_4q_avg": 14.86,
            "equity": 597699,
            "current_ratio": 123.42,
            "debt_ratio": 57.65,
            "inventory_turnover_ratio": 1.48,
            "account_receivable_turnover_ratio": 0.35,
            "reinvestment_rate": null,
            "research_to_sale_ratio": 6.39,
            "price_fair": 0,
            "eps_avg_yearly": 0,
            "eps_latest_yearly": 0,
            "eps_growth_yearly": 0
        },
        "20133": {
            "year_quarter": 20133,
            "year": 2013,
            "quarter": 3,
            "eps": -0.81,
            "eps_growth_year": null,
            "eps_4q": -5.17,
            "eps_4q_growth_year": null,
            "roe": -6.27,
            "roe_4q": -37.44,
            "gross_profit": 6244,
            "gross_margin": 4.35,
            "gross_margin_4q_avg": -2.88,
            "net_income": -36781,
            "revenue": 143452,
            "common_shares": 477067,
            "book_valuer_per_share": 12.05,
            "book_valuer_per_share_4q_avg": 13.54,
            "equity": 574735,
            "current_ratio": 112.14,
            "debt_ratio": 56.38,
            "inventory_turnover_ratio": 1.49,
            "account_receivable_turnover_ratio": 0.32,
            "reinvestment_rate": null,
            "research_to_sale_ratio": 7.16,
            "price_fair": 0,
            "eps_avg_yearly": 0,
            "eps_latest_yearly": 0,
            "eps_growth_yearly": 0
        },
        "20134": {
            "year_quarter": 20134,
            "year": 2013,
            "quarter": 4,
            "eps": -2.21,
            "eps_growth_year": null,
            "eps_4q": -5.01,
            "eps_4q_growth_year": null,
            "roe": -20.02,
            "roe_4q": -41.72,
            "gross_profit": 19005,
            "gross_margin": 12.72,
            "gross_margin_4q_avg": 3.18,
            "net_income": -105294,
            "revenue": 149364,
            "common_shares": 477067,
            "book_valuer_per_share": 10,
            "book_valuer_per_share_4q_avg": 12.35,
            "equity": 477208,
            "current_ratio": 93.13,
            "debt_ratio": 59.02,
            "inventory_turnover_ratio": 1.57,
            "account_receivable_turnover_ratio": 0.35,
            "reinvestment_rate": null,
            "research_to_sale_ratio": 6.19,
            "price_fair": 0,
            "eps_avg_yearly": 0,
            "eps_latest_yearly": 0,
            "eps_growth_yearly": 0
        },
        "20141": {
            "year_quarter": 20141,
            "year": 2014,
            "quarter": 1,
            "eps": -0.84,
            "eps_growth_year": null,
            "eps_4q": -4.38,
            "eps_4q_growth_year": null,
            "roe": -8.51,
            "roe_4q": -41.3,
            "gross_profit": 2991,
            "gross_margin": 2.66,
            "gross_margin_4q_avg": 6.21,
            "net_income": -40072,
            "revenue": 112455,
            "common_shares": 507067,
            "book_valuer_per_share": 9.16,
            "book_valuer_per_share_4q_avg": 11.15,
            "equity": 464599,
            "current_ratio": 93.43,
            "debt_ratio": 55.44,
            "inventory_turnover_ratio": 1.42,
            "account_receivable_turnover_ratio": 0.31,
            "reinvestment_rate": null,
            "research_to_sale_ratio": 8.93,
            "price_fair": 0,
            "eps_avg_yearly": 0,
            "eps_latest_yearly": 0,
            "eps_growth_yearly": 0
        },
        "20142": {
            "year_quarter": 20142,
            "year": 2014,
            "quarter": 2,
            "eps": -1.48,
            "eps_growth_year": null,
            "eps_4q": -5.07,
            "eps_4q_growth_year": null,
            "roe": -17.86,
            "roe_4q": -52.66,
            "gross_profit": 18498,
            "gross_margin": 16.46,
            "gross_margin_4q_avg": 9.05,
            "net_income": -74966,
            "revenue": 112412,
            "common_shares": 507067,
            "book_valuer_per_share": 7.4,
            "book_valuer_per_share_4q_avg": 9.65,
            "equity": 375123,
            "current_ratio": 119.34,
            "debt_ratio": 60.45,
            "inventory_turnover_ratio": 1.05,
            "account_receivable_turnover_ratio": 0.41,
            "reinvestment_rate": null,
            "research_to_sale_ratio": 8.18,
            "price_fair": 0,
            "eps_avg_yearly": 0,
            "eps_latest_yearly": 0,
            "eps_growth_yearly": 0
        },
        "20143": {
            "year_quarter": 20143,
            "year": 2014,
            "quarter": 3,
            "eps": -0.29,
            "eps_growth_year": null,
            "eps_4q": -4.64,
            "eps_4q_growth_year": null,
            "roe": -3.96,
            "roe_4q": -50.349999999999994,
            "gross_profit": 34877,
            "gross_margin": 24.77,
            "gross_margin_4q_avg": 14.15,
            "net_income": -14727,
            "revenue": 140811,
            "common_shares": 507067,
            "book_valuer_per_share": 7.27,
            "book_valuer_per_share_4q_avg": 8.46,
            "equity": 368756,
            "current_ratio": 125.4,
            "debt_ratio": 60.19,
            "inventory_turnover_ratio": 0.88,
            "account_receivable_turnover_ratio": 0.57,
            "reinvestment_rate": null,
            "research_to_sale_ratio": 7.4,
            "price_fair": 0,
            "eps_avg_yearly": 0,
            "eps_latest_yearly": 0,
            "eps_growth_yearly": 0
        },
        "20144": {
            "year_quarter": 20144,
            "year": 2014,
            "quarter": 4,
            "eps": 0.3,
            "eps_growth_year": null,
            "eps_4q": -2.26,
            "eps_4q_growth_year": null,
            "roe": 3.96,
            "roe_4q": -26.369999999999997,
            "gross_profit": 48468,
            "gross_margin": 23.06,
            "gross_margin_4q_avg": 16.74,
            "net_income": 15294,
            "revenue": 210154,
            "common_shares": 507067,
            "book_valuer_per_share": 7.97,
            "book_valuer_per_share_4q_avg": 7.95,
            "equity": 404032,
            "current_ratio": 111.85,
            "debt_ratio": 52.13,
            "inventory_turnover_ratio": 1.59,
            "account_receivable_turnover_ratio": 0.76,
            "reinvestment_rate": null,
            "research_to_sale_ratio": 4.82,
            "price_fair": 0,
            "eps_avg_yearly": 0,
            "eps_latest_yearly": 0,
            "eps_growth_yearly": 0
        },
        "20151": {
            "year_quarter": 20151,
            "year": 2015,
            "quarter": 1,
            "eps": -0.51,
            "eps_growth_year": null,
            "eps_4q": -1.98,
            "eps_4q_growth_year": null,
            "roe": -6.65,
            "roe_4q": -24.509999999999998,
            "gross_profit": 17706,
            "gross_margin": 15.96,
            "gross_margin_4q_avg": 20.06,
            "net_income": -25801,
            "revenue": 110971,
            "common_shares": 507067,
            "book_valuer_per_share": 7.33,
            "book_valuer_per_share_4q_avg": 7.49,
            "equity": 371782,
            "current_ratio": 122.08,
            "debt_ratio": 53.99,
            "inventory_turnover_ratio": 1.18,
            "account_receivable_turnover_ratio": 0.39,
            "reinvestment_rate": null,
            "research_to_sale_ratio": 9.56,
            "price_fair": 0,
            "eps_avg_yearly": 0,
            "eps_latest_yearly": 0,
            "eps_growth_yearly": 0
        },
        "20152": {
            "year_quarter": 20152,
            "year": 2015,
            "quarter": 2,
            "eps": -0.82,
            "eps_growth_year": null,
            "eps_4q": -1.31,
            "eps_4q_growth_year": null,
            "roe": -11.84,
            "roe_4q": -18.490000000000002,
            "gross_profit": 23338,
            "gross_margin": 20.11,
            "gross_margin_4q_avg": 20.98,
            "net_income": -41445,
            "revenue": 116025,
            "common_shares": 507067,
            "book_valuer_per_share": 6.48,
            "book_valuer_per_share_4q_avg": 7.26,
            "equity": 328457,
            "current_ratio": 106.51,
            "debt_ratio": 63.24,
            "inventory_turnover_ratio": 1.04,
            "account_receivable_turnover_ratio": 0.42,
            "reinvestment_rate": null,
            "research_to_sale_ratio": 10.54,
            "price_fair": 0,
            "eps_avg_yearly": 0,
            "eps_latest_yearly": 0,
            "eps_growth_yearly": 0
        },
        "20153": {
            "year_quarter": 20153,
            "year": 2015,
            "quarter": 3,
            "eps": -0.19,
            "eps_growth_year": null,
            "eps_4q": -1.12,
            "eps_4q_growth_year": null,
            "roe": -2.98,
            "roe_4q": -17.509999999999998,
            "gross_profit": 31484,
            "gross_margin": 25.87,
            "gross_margin_4q_avg": 21.25,
            "net_income": -10370,
            "revenue": 121715,
            "common_shares": 557067,
            "book_valuer_per_share": 6.58,
            "book_valuer_per_share_4q_avg": 7.09,
            "equity": 366742,
            "current_ratio": 116.51,
            "debt_ratio": 62.74,
            "inventory_turnover_ratio": 0.91,
            "account_receivable_turnover_ratio": 0.37,
            "reinvestment_rate": null,
            "research_to_sale_ratio": 9.62,
            "price_fair": 0,
            "eps_avg_yearly": 0,
            "eps_latest_yearly": 0,
            "eps_growth_yearly": 0
        },
        "20154": {
            "year_quarter": 20154,
            "year": 2015,
            "quarter": 4,
            "eps": -0.22,
            "eps_growth_year": -172.11,
            "eps_4q": -1.61,
            "eps_4q_growth_year": null,
            "roe": -3.4,
            "roe_4q": -24.869999999999997,
            "gross_profit": 28535,
            "gross_margin": 23.48,
            "gross_margin_4q_avg": 21.36,
            "net_income": -12116,
            "revenue": 121527,
            "common_shares": 557067,
            "book_valuer_per_share": 6.21,
            "book_valuer_per_share_4q_avg": 6.65,
            "equity": 345853,
            "current_ratio": 119.4,
            "debt_ratio": 63.27,
            "inventory_turnover_ratio": 0.82,
            "account_receivable_turnover_ratio": 0.32,
            "reinvestment_rate": null,
            "research_to_sale_ratio": 9.59,
            "price_fair": 0,
            "eps_avg_yearly": 0,
            "eps_latest_yearly": 0,
            "eps_growth_yearly": 0
        },
        "20161": {
            "year_quarter": 20161,
            "year": 2016,
            "quarter": 1,
            "eps": -0.43,
            "eps_growth_year": null,
            "eps_4q": -1.56,
            "eps_4q_growth_year": null,
            "roe": -7.14,
            "roe_4q": -25.36,
            "gross_profit": 15047,
            "gross_margin": 11.95,
            "gross_margin_4q_avg": 20.35,
            "net_income": -23850,
            "revenue": 125959,
            "common_shares": 564267,
            "book_valuer_per_share": 5.71,
            "book_valuer_per_share_4q_avg": 6.25,
            "equity": 322356,
            "current_ratio": 116.3,
            "debt_ratio": 65.64,
            "inventory_turnover_ratio": 0.85,
            "account_receivable_turnover_ratio": 0.34,
            "reinvestment_rate": null,
            "research_to_sale_ratio": 8.82,
            "price_fair": 0,
            "eps_avg_yearly": 0,
            "eps_latest_yearly": 0,
            "eps_growth_yearly": 0
        },
        "20162": {
            "year_quarter": 20162,
            "year": 2016,
            "quarter": 2,
            "eps": -0.48,
            "eps_growth_year": null,
            "eps_4q": -1.3,
            "eps_4q_growth_year": null,
            "roe": -8.87,
            "roe_4q": -22.389999999999997,
            "gross_profit": 8361,
            "gross_margin": 7.25,
            "gross_margin_4q_avg": 17.14,
            "net_income": -27103,
            "revenue": 115337,
            "common_shares": 565767,
            "book_valuer_per_share": 5.1,
            "book_valuer_per_share_4q_avg": 5.9,
            "equity": 288469,
            "current_ratio": 112.09,
            "debt_ratio": 65.67,
            "inventory_turnover_ratio": 0.79,
            "account_receivable_turnover_ratio": 0.34,
            "reinvestment_rate": null,
            "research_to_sale_ratio": 9.22,
            "price_fair": 0,
            "eps_avg_yearly": 0,
            "eps_latest_yearly": 0,
            "eps_growth_yearly": 0
        },
        "20163": {
            "year_quarter": 20163,
            "year": 2016,
            "quarter": 3,
            "eps": 0.14,
            "eps_growth_year": null,
            "eps_4q": -0.97,
            "eps_4q_growth_year": null,
            "roe": 2.8,
            "roe_4q": -16.61,
            "gross_profit": 44051,
            "gross_margin": 31.1,
            "gross_margin_4q_avg": 18.45,
            "net_income": 8017,
            "revenue": 141629,
            "common_shares": 567267,
            "book_valuer_per_share": 5,
            "book_valuer_per_share_4q_avg": 5.51,
            "equity": 283753,
            "current_ratio": 113.83,
            "debt_ratio": 65.98,
            "inventory_turnover_ratio": 0.79,
            "account_receivable_turnover_ratio": 0.49,
            "reinvestment_rate": null,
            "research_to_sale_ratio": 8.06,
            "price_fair": 0,
            "eps_avg_yearly": 0,
            "eps_latest_yearly": 0,
            "eps_growth_yearly": 0
        },
        "20164": {
            "year_quarter": 20164,
            "year": 2016,
            "quarter": 4,
            "eps": 0.09,
            "eps_growth_year": null,
            "eps_4q": -0.6,
            "eps_4q_growth_year": null,
            "roe": 1.81,
            "roe_4q": -11.399999999999999,
            "gross_profit": 46406,
            "gross_margin": 28.82,
            "gross_margin_4q_avg": 19.78,
            "net_income": 5645,
            "revenue": 161021,
            "common_shares": 620467,
            "book_valuer_per_share": 5.46,
            "book_valuer_per_share_4q_avg": 5.32,
            "equity": 339018,
            "current_ratio": 122.71,
            "debt_ratio": 64.21,
            "inventory_turnover_ratio": 0.72,
            "account_receivable_turnover_ratio": 0.58,
            "reinvestment_rate": null,
            "research_to_sale_ratio": 7.47,
            "price_fair": 1.08,
            "eps_avg_yearly": 0.36,
            "eps_latest_yearly": 0.36,
            "eps_growth_yearly": -142.86
        },
        "20171": {
            "year_quarter": 20171,
            "year": 2017,
            "quarter": 1,
            "eps": -0.15,
            "eps_growth_year": null,
            "eps_4q": -0.36,
            "eps_4q_growth_year": null,
            "roe": -2.9,
            "roe_4q": -7.159999999999999,
            "gross_profit": 26848,
            "gross_margin": 29.35,
            "gross_margin_4q_avg": 24.13,
            "net_income": -9595,
            "revenue": 91490,
            "common_shares": 634707,
            "book_valuer_per_share": 5.09,
            "book_valuer_per_share_4q_avg": 5.16,
            "equity": 323342,
            "current_ratio": 114.83,
            "debt_ratio": 73.29,
            "inventory_turnover_ratio": 0.21,
            "account_receivable_turnover_ratio": 0.34,
            "reinvestment_rate": null,
            "research_to_sale_ratio": 10.78,
            "price_fair": 1.08,
            "eps_avg_yearly": 0.36,
            "eps_latest_yearly": 0.36,
            "eps_growth_yearly": -142.86
        },
        "20172": {
            "year_quarter": 20172,
            "year": 2017,
            "quarter": 2,
            "eps": 0.41,
            "eps_growth_year": null,
            "eps_4q": 0.46,
            "eps_4q_growth_year": null,
            "roe": 7.5,
            "roe_4q": 9.21,
            "gross_profit": 102729,
            "gross_margin": 34.47,
            "gross_margin_4q_avg": 30.94,
            "net_income": 26296,
            "revenue": 298028,
            "common_shares": 656807,
            "book_valuer_per_share": 5.75,
            "book_valuer_per_share_4q_avg": 5.33,
            "equity": 377634,
            "current_ratio": 123.16,
            "debt_ratio": 72.31,
            "inventory_turnover_ratio": 0.48,
            "account_receivable_turnover_ratio": 1.2,
            "reinvestment_rate": null,
            "research_to_sale_ratio": 7.7,
            "price_fair": 1.08,
            "eps_avg_yearly": 0.36,
            "eps_latest_yearly": 0.36,
            "eps_growth_yearly": -142.86
        },
        "20173": {
            "year_quarter": 20173,
            "year": 2017,
            "quarter": 3,
            "eps": 3.45,
            "eps_growth_year": 2364.29,
            "eps_4q": 4.07,
            "eps_4q_growth_year": null,
            "roe": 27.62,
            "roe_4q": 34.03000000000001,
            "gross_profit": 180906,
            "gross_margin": 35.07,
            "gross_margin_4q_avg": 31.93,
            "net_income": 122107,
            "revenue": 515864,
            "common_shares": 354707,
            "book_valuer_per_share": 14.29,
            "book_valuer_per_share_4q_avg": 7.65,
            "equity": 506708,
            "current_ratio": 154.07,
            "debt_ratio": 57.62,
            "inventory_turnover_ratio": 1.08,
            "account_receivable_turnover_ratio": 1.83,
            "reinvestment_rate": null,
            "research_to_sale_ratio": 1.75,
            "price_fair": 247.8,
            "eps_avg_yearly": 7.08,
            "eps_latest_yearly": 13.8,
            "eps_growth_yearly": 1411.5
        },
        "20174": {
            "year_quarter": 20174,
            "year": 2017,
            "quarter": 4,
            "eps": 1.27,
            "eps_growth_year": 1301.12,
            "eps_4q": 5.19,
            "eps_4q_growth_year": null,
            "roe": 8.56,
            "roe_4q": 40.78,
            "gross_profit": 85891,
            "gross_margin": 34.29,
            "gross_margin_4q_avg": 33.3,
            "net_income": 45216,
            "revenue": 250472,
            "common_shares": 354707,
            "book_valuer_per_share": 15.5,
            "book_valuer_per_share_4q_avg": 10.16,
            "equity": 549920,
            "current_ratio": 158.45,
            "debt_ratio": 55.95,
            "inventory_turnover_ratio": 0.77,
            "account_receivable_turnover_ratio": 0.8,
            "reinvestment_rate": null,
            "research_to_sale_ratio": 3.52,
            "price_fair": 224.47,
            "eps_avg_yearly": 6.41,
            "eps_latest_yearly": 5.08,
            "eps_growth_yearly": 856.75
        },
        "20181": {
            "year_quarter": 20181,
            "year": 2018,
            "quarter": 1,
            "eps": -0.53,
            "eps_growth_year": null,
            "eps_4q": 4.93,
            "eps_4q_growth_year": null,
            "roe": -3.47,
            "roe_4q": 40.21,
            "gross_profit": 20343,
            "gross_margin": 20.16,
            "gross_margin_4q_avg": 31,
            "net_income": -18840,
            "revenue": 100923,
            "common_shares": 354707,
            "book_valuer_per_share": 15.07,
            "book_valuer_per_share_4q_avg": 12.65,
            "equity": 534437,
            "current_ratio": 139.98,
            "debt_ratio": 64.72,
            "inventory_turnover_ratio": 0.27,
            "account_receivable_turnover_ratio": 0.39,
            "reinvestment_rate": null,
            "research_to_sale_ratio": 9.84,
            "price_fair": 224.47,
            "eps_avg_yearly": 6.41,
            "eps_latest_yearly": 5.08,
            "eps_growth_yearly": 856.75
        },
        "20182": {
            "year_quarter": 20182,
            "year": 2018,
            "quarter": 2,
            "eps": 2.05,
            "eps_growth_year": 400,
            "eps_4q": 6.23,
            "eps_4q_growth_year": 1247.95,
            "roe": 14.17,
            "roe_4q": 46.879999999999995,
            "gross_profit": 84840,
            "gross_margin": 29.06,
            "gross_margin_4q_avg": 29.65,
            "net_income": 72546,
            "revenue": 291968,
            "common_shares": 354707,
            "book_valuer_per_share": 13.81,
            "book_valuer_per_share_4q_avg": 14.67,
            "equity": 489770,
            "current_ratio": 132.67,
            "debt_ratio": 68.04,
            "inventory_turnover_ratio": 0.64,
            "account_receivable_turnover_ratio": 1.18,
            "reinvestment_rate": -204.26,
            "research_to_sale_ratio": 3.03,
            "price_fair": 224.47,
            "eps_avg_yearly": 6.41,
            "eps_latest_yearly": 5.08,
            "eps_growth_yearly": 856.75
        },
        "20183": {
            "year_quarter": 20183,
            "year": 2018,
            "quarter": 3,
            "eps": 1.49,
            "eps_growth_year": -56.81,
            "eps_4q": 3.94,
            "eps_4q_growth_year": -3.16,
            "roe": 9.61,
            "roe_4q": 28.870000000000005,
            "gross_profit": 133440,
            "gross_margin": 37.01,
            "gross_margin_4q_avg": 30.13,
            "net_income": 56734,
            "revenue": 360556,
            "common_shares": 394707,
            "book_valuer_per_share": 17.5,
            "book_valuer_per_share_4q_avg": 15.47,
            "equity": 690565,
            "current_ratio": 168.31,
            "debt_ratio": 53.95,
            "inventory_turnover_ratio": 1.06,
            "account_receivable_turnover_ratio": 1.16,
            "reinvestment_rate": -122.93,
            "research_to_sale_ratio": 2.6,
            "price_fair": 220.5,
            "eps_avg_yearly": 6.3,
            "eps_latest_yearly": 5.96,
            "eps_growth_yearly": 615.24
        },
        "20184": {
            "year_quarter": 20184,
            "year": 2018,
            "quarter": 4,
            "eps": 0.13,
            "eps_growth_year": -89.7,
            "eps_4q": 2.96,
            "eps_4q_growth_year": -43.01,
            "roe": 0.74,
            "roe_4q": 21.05,
            "gross_profit": 43850,
            "gross_margin": 26.95,
            "gross_margin_4q_avg": 28.3,
            "net_income": 5131,
            "revenue": 162734,
            "common_shares": 394707,
            "book_valuer_per_share": 17.58,
            "book_valuer_per_share_4q_avg": 15.99,
            "equity": 687189,
            "current_ratio": 159.96,
            "debt_ratio": 57.05,
            "inventory_turnover_ratio": 0.65,
            "account_receivable_turnover_ratio": 0.51,
            "reinvestment_rate": -121.05,
            "research_to_sale_ratio": 5.52,
            "price_fair": 180.04,
            "eps_avg_yearly": 5.14,
            "eps_latest_yearly": 0.52,
            "eps_growth_yearly": 419.17
        },
        "20191": {
            "year_quarter": 20191,
            "year": 2019,
            "quarter": 1,
            "eps": 0.08,
            "eps_growth_year": null,
            "eps_4q": 3.53,
            "eps_4q_growth_year": -28.35,
            "roe": 0.46,
            "roe_4q": 24.979999999999997,
            "gross_profit": 30112,
            "gross_margin": 19.54,
            "gross_margin_4q_avg": 28.14,
            "net_income": 3207,
            "revenue": 154118,
            "common_shares": 394707,
            "book_valuer_per_share": 17.78,
            "book_valuer_per_share_4q_avg": 16.67,
            "equity": 692949,
            "current_ratio": 154.46,
            "debt_ratio": 59.07,
            "inventory_turnover_ratio": 0.66,
            "account_receivable_turnover_ratio": 0.55,
            "reinvestment_rate": -95.77,
            "research_to_sale_ratio": 4.72,
            "price_fair": 151.9,
            "eps_avg_yearly": 4.34,
            "eps_latest_yearly": 0.32,
            "eps_growth_yearly": 323.67
        },
        "20192": {
            "year_quarter": 20192,
            "year": 2019,
            "quarter": 2,
            "eps": 1.17,
            "eps_growth_year": -42.93,
            "eps_4q": 2.84,
            "eps_4q_growth_year": -54.45,
            "roe": 6.77,
            "roe_4q": 17.58,
            "gross_profit": 91758,
            "gross_margin": 35.37,
            "gross_margin_4q_avg": 29.72,
            "net_income": 45559,
            "revenue": 259410,
            "common_shares": 394707,
            "book_valuer_per_share": 16.77,
            "book_valuer_per_share_4q_avg": 17.41,
            "equity": 653868,
            "current_ratio": 219.62,
            "debt_ratio": 39.85,
            "inventory_turnover_ratio": 1.07,
            "account_receivable_turnover_ratio": 0.96,
            "reinvestment_rate": -50.45,
            "research_to_sale_ratio": 2.98,
            "price_fair": 153.6,
            "eps_avg_yearly": 4.39,
            "eps_latest_yearly": 4.68,
            "eps_growth_yearly": 1056
        },
        "20193": {
            "year_quarter": 20193,
            "year": 2019,
            "quarter": 3,
            "eps": 0.77,
            "eps_growth_year": -48.32,
            "eps_4q": 2.15,
            "eps_4q_growth_year": -45.56,
            "roe": 4.48,
            "roe_4q": 12.450000000000001,
            "gross_profit": 95613,
            "gross_margin": 50.46,
            "gross_margin_4q_avg": 33.08,
            "net_income": 29794,
            "revenue": 189495,
            "common_shares": 394707,
            "book_valuer_per_share": 17.36,
            "book_valuer_per_share_4q_avg": 17.37,
            "equity": 676495,
            "current_ratio": 303.87,
            "debt_ratio": 28.87,
            "inventory_turnover_ratio": 0.73,
            "account_receivable_turnover_ratio": 0.65,
            "reinvestment_rate": -46.88,
            "research_to_sale_ratio": 3.67,
            "price_fair": 147.88,
            "eps_avg_yearly": 4.23,
            "eps_latest_yearly": 3.08,
            "eps_growth_yearly": 906.91
        },
        "20194": {
            "year_quarter": 20194,
            "year": 2019,
            "quarter": 4,
            "eps": 0.42,
            "eps_growth_year": 216.45,
            "eps_4q": 2.43,
            "eps_4q_growth_year": -17.78,
            "roe": 2.38,
            "roe_4q": 14.09,
            "gross_profit": 50063,
            "gross_margin": 33.98,
            "gross_margin_4q_avg": 34.84,
            "net_income": 16191,
            "revenue": 147339,
            "common_shares": 394707,
            "book_valuer_per_share": 17.58,
            "book_valuer_per_share_4q_avg": 17.37,
            "equity": 685311,
            "current_ratio": 331.91,
            "debt_ratio": 26.16,
            "inventory_turnover_ratio": 0.85,
            "account_receivable_turnover_ratio": 0.52,
            "reinvestment_rate": -35.58,
            "research_to_sale_ratio": 5.27,
            "price_fair": 137.98,
            "eps_avg_yearly": 3.94,
            "eps_latest_yearly": 1.68,
            "eps_growth_yearly": 785.94
        },
        "20201": {
            "year_quarter": 20201,
            "year": 2020,
            "quarter": 1,
            "eps": -0.08,
            "eps_growth_year": -200,
            "eps_4q": 2.27,
            "eps_4q_growth_year": -35.66,
            "roe": -0.46,
            "roe_4q": 13.17,
            "gross_profit": 26809,
            "gross_margin": 29.06,
            "gross_margin_4q_avg": 37.22,
            "net_income": -3169,
            "revenue": 92250,
            "common_shares": 394707,
            "book_valuer_per_share": 17.46,
            "book_valuer_per_share_4q_avg": 17.29,
            "equity": 679349,
            "current_ratio": 275.19,
            "debt_ratio": 31.91,
            "inventory_turnover_ratio": 0.55,
            "account_receivable_turnover_ratio": 0.35,
            "reinvestment_rate": -31.28,
            "research_to_sale_ratio": 7.05,
            "price_fair": 137.98,
            "eps_avg_yearly": 3.94,
            "eps_latest_yearly": 1.68,
            "eps_growth_yearly": 785.94
        },
        "20202": {
            "year_quarter": 20202,
            "year": 2020,
            "quarter": 2,
            "eps": 0.22,
            "eps_growth_year": -81.2,
            "eps_4q": 1.35,
            "eps_4q_growth_year": -52.48,
            "roe": 1.32,
            "roe_4q": 7.720000000000001,
            "gross_profit": 42625,
            "gross_margin": 32.98,
            "gross_margin_4q_avg": 36.62,
            "net_income": 8408,
            "revenue": 129250,
            "common_shares": 394707,
            "book_valuer_per_share": 15.65,
            "book_valuer_per_share_4q_avg": 17.01,
            "equity": 594304,
            "current_ratio": 197.8,
            "debt_ratio": 44.17,
            "inventory_turnover_ratio": 0.64,
            "account_receivable_turnover_ratio": 0.51,
            "reinvestment_rate": -23.23,
            "research_to_sale_ratio": 5.57,
            "price_fair": 137.98,
            "eps_avg_yearly": 3.94,
            "eps_latest_yearly": 1.68,
            "eps_growth_yearly": 785.94
        },
        "20203": {
            "year_quarter": 20203,
            "year": 2020,
            "quarter": 3,
            "eps": 1.47,
            "eps_growth_year": 90.91,
            "eps_4q": 2.04,
            "eps_4q_growth_year": -5.15,
            "roe": 8.95,
            "roe_4q": 12.189999999999998,
            "gross_profit": 62201,
            "gross_margin": 40.05,
            "gross_margin_4q_avg": 34.02,
            "net_income": 55916,
            "revenue": 155325,
            "common_shares": 394707,
            "book_valuer_per_share": 17.24,
            "book_valuer_per_share_4q_avg": 16.98,
            "equity": 654606,
            "current_ratio": 217.54,
            "debt_ratio": 40.81,
            "inventory_turnover_ratio": 0.65,
            "account_receivable_turnover_ratio": 0.57,
            "reinvestment_rate": -16.8,
            "research_to_sale_ratio": 4.95,
            "price_fair": 144.76,
            "eps_avg_yearly": 4.14,
            "eps_latest_yearly": 5.88,
            "eps_growth_yearly": 934.62
        },
        "20204": {
            "year_quarter": 20204,
            "year": 2020,
            "quarter": 4,
            "eps": 0.25,
            "eps_growth_year": -39.82,
            "eps_4q": 1.84,
            "eps_4q_growth_year": -24.32,
            "roe": 1.43,
            "roe_4q": 11.239999999999998,
            "gross_profit": 45947,
            "gross_margin": 28.45,
            "gross_margin_4q_avg": 32.64,
            "net_income": 9617,
            "revenue": 161500,
            "common_shares": 394707,
            "book_valuer_per_share": 17.98,
            "book_valuer_per_share_4q_avg": 17.08,
            "equity": 691833,
            "current_ratio": 222.41,
            "debt_ratio": 39.79,
            "inventory_turnover_ratio": 0.87,
            "account_receivable_turnover_ratio": 0.52,
            "reinvestment_rate": -10.75,
            "research_to_sale_ratio": 14.43,
            "price_fair": 147,
            "eps_avg_yearly": 4.2,
            "eps_latest_yearly": 1,
            "eps_growth_yearly": 915.71
        },
        "20211": {
            "year_quarter": 20211,
            "year": 2021,
            "quarter": 1,
            "eps": 0.51,
            "eps_growth_year": null,
            "eps_4q": 2.44,
            "eps_4q_growth_year": 7.21,
            "roe": 2.82,
            "roe_4q": 14.52,
            "gross_profit": 57789,
            "gross_margin": 37.17,
            "gross_margin_4q_avg": 34.66,
            "net_income": 19739,
            "revenue": 155477,
            "common_shares": 394707,
            "book_valuer_per_share": 18.46,
            "book_valuer_per_share_4q_avg": 17.33,
            "equity": 709980,
            "current_ratio": 218.96,
            "debt_ratio": 41.19,
            "inventory_turnover_ratio": 0.73,
            "account_receivable_turnover_ratio": 0.51,
            "reinvestment_rate": -9.59,
            "research_to_sale_ratio": 5.6,
            "price_fair": 140.13,
            "eps_avg_yearly": 4,
            "eps_latest_yearly": 2.04,
            "eps_growth_yearly": 870.28
        },
        "20212": {
            "year_quarter": 20212,
            "year": 2021,
            "quarter": 2,
            "eps": 0.85,
            "eps_growth_year": 286.36,
            "eps_4q": 3.06,
            "eps_4q_growth_year": 127.2,
            "roe": 4.47,
            "roe_4q": 17.669999999999998,
            "gross_profit": 83757,
            "gross_margin": 47.41,
            "gross_margin_4q_avg": 38.27,
            "net_income": 32612,
            "revenue": 176664,
            "common_shares": 394707,
            "book_valuer_per_share": 19.47,
            "book_valuer_per_share_4q_avg": 18.29,
            "equity": 748939,
            "current_ratio": 312.91,
            "debt_ratio": 48.69,
            "inventory_turnover_ratio": 0.61,
            "account_receivable_turnover_ratio": 0.63,
            "reinvestment_rate": -5.06,
            "research_to_sale_ratio": 4.09,
            "price_fair": 138.37,
            "eps_avg_yearly": 3.95,
            "eps_latest_yearly": 3.4,
            "eps_growth_yearly": 819.98
        },
        "20213": {
            "year_quarter": 20213,
            "year": 2021,
            "quarter": 3,
            "eps": 0.57,
            "eps_growth_year": -61.22,
            "eps_4q": 2.18,
            "eps_4q_growth_year": 6.98,
            "roe": 2.98,
            "roe_4q": 11.7,
            "gross_profit": 65239,
            "gross_margin": 31.62,
            "gross_margin_4q_avg": 36.16,
            "net_income": 21845,
            "revenue": 206351,
            "common_shares": 394707,
            "book_valuer_per_share": 18.7,
            "book_valuer_per_share_4q_avg": 18.65,
            "equity": 719423,
            "current_ratio": 313.9,
            "debt_ratio": 49.09,
            "inventory_turnover_ratio": 0.83,
            "account_receivable_turnover_ratio": 0.77,
            "reinvestment_rate": -7.18,
            "research_to_sale_ratio": 3.85,
            "price_fair": 104.77,
            "eps_avg_yearly": 2.99,
            "eps_latest_yearly": 2.28,
            "eps_growth_yearly": 561.84
        },
        "20214": {
            "year_quarter": 20214,
            "year": 2021,
            "quarter": 4,
            "eps": 1.08,
            "eps_growth_year": 332.94,
            "eps_4q": 3,
            "eps_4q_growth_year": 62.95,
            "roe": 5.6,
            "roe_4q": 15.870000000000001,
            "gross_profit": 80882,
            "gross_margin": 34.47,
            "gross_margin_4q_avg": 37.67,
            "net_income": 41924,
            "revenue": 234669,
            "common_shares": 394707,
            "book_valuer_per_share": 20.08,
            "book_valuer_per_share_4q_avg": 19.18,
            "equity": 777721,
            "current_ratio": 321.94,
            "debt_ratio": 46.45,
            "inventory_turnover_ratio": 0.88,
            "account_receivable_turnover_ratio": 0.87,
            "reinvestment_rate": -5.68,
            "research_to_sale_ratio": 4.63,
            "price_fair": 102.55,
            "eps_avg_yearly": 2.93,
            "eps_latest_yearly": 4.32,
            "eps_growth_yearly": 612.73
        },
        "20221": {
            "year_quarter": 20221,
            "year": 2022,
            "quarter": 1,
            "eps": 0.59,
            "eps_growth_year": 15.69,
            "eps_4q": 3.08,
            "eps_4q_growth_year": 26.38,
            "roe": 2.87,
            "roe_4q": 15.919999999999998,
            "gross_profit": 49612,
            "gross_margin": 34.04,
            "gross_margin_4q_avg": 36.89,
            "net_income": 22832,
            "revenue": 145762,
            "common_shares": 394707,
            "book_valuer_per_share": 21.06,
            "book_valuer_per_share_4q_avg": 19.83,
            "equity": 815649,
            "current_ratio": 265.76,
            "debt_ratio": 50.31,
            "inventory_turnover_ratio": 0.49,
            "account_receivable_turnover_ratio": 0.52,
            "reinvestment_rate": -4.99,
            "research_to_sale_ratio": 12.9,
            "price_fair": 101.02,
            "eps_avg_yearly": 2.89,
            "eps_latest_yearly": 2.36,
            "eps_growth_yearly": 551.64
        },
        "20222": {
            "year_quarter": 20222,
            "year": 2022,
            "quarter": 2,
            "eps": 1.42,
            "eps_growth_year": 67.06,
            "eps_4q": 3.65,
            "eps_4q_growth_year": 19.21,
            "roe": 6.86,
            "roe_4q": 18.31,
            "gross_profit": 103779,
            "gross_margin": 40.56,
            "gross_margin_4q_avg": 35.17,
            "net_income": 54904,
            "revenue": 255857,
            "common_shares": 394707,
            "book_valuer_per_share": 20.26,
            "book_valuer_per_share_4q_avg": 20.03,
            "equity": 784987,
            "current_ratio": 162.13,
            "debt_ratio": 55.67,
            "inventory_turnover_ratio": 0.61,
            "account_receivable_turnover_ratio": 0.94,
            "reinvestment_rate": -9.06,
            "research_to_sale_ratio": 4.76,
            "price_fair": 108,
            "eps_avg_yearly": 3.09,
            "eps_latest_yearly": 5.68,
            "eps_growth_yearly": 552.43
        },
        "20223": {
            "year_quarter": 20223,
            "year": 2022,
            "quarter": 3,
            "eps": 2.88,
            "eps_growth_year": 405.26,
            "eps_4q": 5.95,
            "eps_4q_growth_year": 173.04,
            "roe": 13.15,
            "roe_4q": 28.480000000000004,
            "gross_profit": 151460,
            "gross_margin": 46.08,
            "gross_margin_4q_avg": 38.79,
            "net_income": 111687,
            "revenue": 328659,
            "common_shares": 394707,
            "book_valuer_per_share": 23.5,
            "book_valuer_per_share_4q_avg": 21.23,
            "equity": 913922,
            "current_ratio": 168.8,
            "debt_ratio": 54.61,
            "inventory_turnover_ratio": 0.6,
            "account_receivable_turnover_ratio": 1.28,
            "reinvestment_rate": -7.69,
            "research_to_sale_ratio": 5.73,
            "price_fair": 121.9,
            "eps_avg_yearly": 3.48,
            "eps_latest_yearly": 11.52,
            "eps_growth_yearly": 589.61
        },
        "20224": {
            "year_quarter": 20224,
            "year": 2022,
            "quarter": 4,
            "eps": 1.49,
            "eps_growth_year": 37.5,
            "eps_4q": 6.36,
            "eps_4q_growth_year": 112.12,
            "roe": 6.17,
            "roe_4q": 29.05,
            "gross_profit": 172618,
            "gross_margin": 56.01,
            "gross_margin_4q_avg": 44.17,
            "net_income": 57876,
            "revenue": 308199,
            "common_shares": 394707,
            "book_valuer_per_share": 24.77,
            "book_valuer_per_share_4q_avg": 22.4,
            "equity": 963209,
            "current_ratio": 161.03,
            "debt_ratio": 57.73,
            "inventory_turnover_ratio": 0.44,
            "account_receivable_turnover_ratio": 1.27,
            "reinvestment_rate": -8.01,
            "research_to_sale_ratio": 2.62,
            "price_fair": 135.5,
            "eps_avg_yearly": 3.87,
            "eps_latest_yearly": 5.96,
            "eps_growth_yearly": 601.9
        },
        "20231": {
            "year_quarter": 20231,
            "year": 2023,
            "quarter": 1,
            "eps": 0.2,
            "eps_growth_year": -66.1,
            "eps_4q": 5.98,
            "eps_4q_growth_year": 94.2,
            "roe": 0.81,
            "roe_4q": 26.990000000000002,
            "gross_profit": 58563,
            "gross_margin": 39.65,
            "gross_margin_4q_avg": 45.58,
            "net_income": 7818,
            "revenue": 147714,
            "common_shares": 394707,
            "book_valuer_per_share": 24.95,
            "book_valuer_per_share_4q_avg": 23.37,
            "equity": 969552,
            "current_ratio": 177.82,
            "debt_ratio": 51.44,
            "inventory_turnover_ratio": 0.31,
            "account_receivable_turnover_ratio": 0.69,
            "reinvestment_rate": -8.66,
            "research_to_sale_ratio": 5.02,
            "price_fair": 136.7,
            "eps_avg_yearly": 3.91,
            "eps_latest_yearly": 0.8,
            "eps_growth_yearly": 588.15
        }
    },
    "months": {
        "2007-10": {
            "month": "2007-10",
            "price": "86.82",
            "revenue": 110334
        },
        "2007-11": {
            "month": "2007-11",
            "price": "83.46",
            "revenue": 19481
        },
        "2007-12": {
            "month": "2007-12",
            "price": "78.78",
            "revenue": 13893
        },
        "2008-01": {
            "month": "2008-01",
            "price": "87.27",
            "revenue": 88118
        },
        "2008-02": {
            "month": "2008-02",
            "price": "78.66",
            "revenue": 30121
        },
        "2008-03": {
            "month": "2008-03",
            "price": "73.39",
            "revenue": 126415
        },
        "2008-04": {
            "month": "2008-04",
            "price": "76.74",
            "revenue": 107857
        },
        "2008-05": {
            "month": "2008-05",
            "price": "87.86",
            "revenue": 23011
        },
        "2008-06": {
            "month": "2008-06",
            "price": "84.06",
            "revenue": 108838
        },
        "2008-07": {
            "month": "2008-07",
            "price": "74.11",
            "revenue": 138897
        },
        "2008-08": {
            "month": "2008-08",
            "price": "61.23",
            "revenue": 72719
        },
        "2008-09": {
            "month": "2008-09",
            "price": "53.08",
            "revenue": 75374
        },
        "2008-10": {
            "month": "2008-10",
            "price": "45.98",
            "revenue": 24796
        },
        "2008-11": {
            "month": "2008-11",
            "price": "32.65",
            "revenue": 43979
        },
        "2008-12": {
            "month": "2008-12",
            "price": "26.45",
            "revenue": 32915
        },
        "2009-01": {
            "month": "2009-01",
            "price": "25.16",
            "revenue": 9079
        },
        "2009-02": {
            "month": "2009-02",
            "price": "25.09",
            "revenue": 42252
        },
        "2009-03": {
            "month": "2009-03",
            "price": "27.17",
            "revenue": 48040
        },
        "2009-04": {
            "month": "2009-04",
            "price": "37.66",
            "revenue": 38584
        },
        "2009-05": {
            "month": "2009-05",
            "price": "37.49",
            "revenue": 96222
        },
        "2009-06": {
            "month": "2009-06",
            "price": "36.28",
            "revenue": 214903
        },
        "2009-07": {
            "month": "2009-07",
            "price": "40.54",
            "revenue": 59777
        },
        "2009-08": {
            "month": "2009-08",
            "price": "44.52",
            "revenue": 38928
        },
        "2009-09": {
            "month": "2009-09",
            "price": "38.00",
            "revenue": 56287
        },
        "2009-10": {
            "month": "2009-10",
            "price": "38.42",
            "revenue": 80174
        },
        "2009-11": {
            "month": "2009-11",
            "price": "38.68",
            "revenue": 63481
        },
        "2009-12": {
            "month": "2009-12",
            "price": "39.23",
            "revenue": 134667
        },
        "2010-01": {
            "month": "2010-01",
            "price": "42.48",
            "revenue": 53331
        },
        "2010-02": {
            "month": "2010-02",
            "price": "40.42",
            "revenue": 53670
        },
        "2010-03": {
            "month": "2010-03",
            "price": "42.12",
            "revenue": 145665
        },
        "2010-04": {
            "month": "2010-04",
            "price": "45.55",
            "revenue": 55318
        },
        "2010-05": {
            "month": "2010-05",
            "price": "50.88",
            "revenue": 65457
        },
        "2010-06": {
            "month": "2010-06",
            "price": "46.11",
            "revenue": 103565
        },
        "2010-07": {
            "month": "2010-07",
            "price": "39.38",
            "revenue": 61808
        },
        "2010-08": {
            "month": "2010-08",
            "price": "41.55",
            "revenue": 59312
        },
        "2010-09": {
            "month": "2010-09",
            "price": "45.08",
            "revenue": 102029
        },
        "2010-10": {
            "month": "2010-10",
            "price": "35.84",
            "revenue": 97138
        },
        "2010-11": {
            "month": "2010-11",
            "price": "25.38",
            "revenue": 87045
        },
        "2010-12": {
            "month": "2010-12",
            "price": "25.42",
            "revenue": 76809
        },
        "2011-01": {
            "month": "2011-01",
            "price": "24.43",
            "revenue": 51800
        },
        "2011-02": {
            "month": "2011-02",
            "price": "21.04",
            "revenue": 32278
        },
        "2011-03": {
            "month": "2011-03",
            "price": "19.57",
            "revenue": 64869
        },
        "2011-04": {
            "month": "2011-04",
            "price": "19.68",
            "revenue": 126096
        },
        "2011-05": {
            "month": "2011-05",
            "price": "21.30",
            "revenue": 109025
        },
        "2011-06": {
            "month": "2011-06",
            "price": "22.30",
            "revenue": 87611
        },
        "2011-07": {
            "month": "2011-07",
            "price": "17.84",
            "revenue": 67086
        },
        "2011-08": {
            "month": "2011-08",
            "price": "13.73",
            "revenue": 73899
        },
        "2011-09": {
            "month": "2011-09",
            "price": "13.22",
            "revenue": 61536
        },
        "2011-10": {
            "month": "2011-10",
            "price": "12.78",
            "revenue": 70100
        },
        "2011-11": {
            "month": "2011-11",
            "price": "12.10",
            "revenue": 66837
        },
        "2011-12": {
            "month": "2011-12",
            "price": "10.37",
            "revenue": 50612
        },
        "2012-01": {
            "month": "2012-01",
            "price": "10.19",
            "revenue": 42324
        },
        "2012-02": {
            "month": "2012-02",
            "price": "12.12",
            "revenue": 59392
        },
        "2012-03": {
            "month": "2012-03",
            "price": "12.00",
            "revenue": 63595
        },
        "2012-04": {
            "month": "2012-04",
            "price": "10.81",
            "revenue": 48078
        },
        "2012-05": {
            "month": "2012-05",
            "price": "9.85",
            "revenue": 56504
        },
        "2012-06": {
            "month": "2012-06",
            "price": "9.24",
            "revenue": 47908
        },
        "2012-07": {
            "month": "2012-07",
            "price": "9.04",
            "revenue": 56535
        },
        "2012-08": {
            "month": "2012-08",
            "price": "9.18",
            "revenue": 41870
        },
        "2012-09": {
            "month": "2012-09",
            "price": "10.33",
            "revenue": 44125
        },
        "2012-10": {
            "month": "2012-10",
            "price": "9.38",
            "revenue": 47642
        },
        "2012-11": {
            "month": "2012-11",
            "price": "8.92",
            "revenue": 56294
        },
        "2012-12": {
            "month": "2012-12",
            "price": "8.78",
            "revenue": 61710
        },
        "2013-01": {
            "month": "2013-01",
            "price": "8.85",
            "revenue": 41071
        },
        "2013-02": {
            "month": "2013-02",
            "price": "8.98",
            "revenue": 21393
        },
        "2013-03": {
            "month": "2013-03",
            "price": "8.80",
            "revenue": 53797
        },
        "2013-04": {
            "month": "2013-04",
            "price": "8.46",
            "revenue": 57257
        },
        "2013-05": {
            "month": "2013-05",
            "price": "8.47",
            "revenue": 49568
        },
        "2013-06": {
            "month": "2013-06",
            "price": "7.91",
            "revenue": 59047
        },
        "2013-07": {
            "month": "2013-07",
            "price": "7.51",
            "revenue": 42599
        },
        "2013-08": {
            "month": "2013-08",
            "price": "6.99",
            "revenue": 44207
        },
        "2013-09": {
            "month": "2013-09",
            "price": "6.80",
            "revenue": 56646
        },
        "2013-10": {
            "month": "2013-10",
            "price": "6.90",
            "revenue": 49704
        },
        "2013-11": {
            "month": "2013-11",
            "price": "6.45",
            "revenue": 53265
        },
        "2013-12": {
            "month": "2013-12",
            "price": "6.24",
            "revenue": 46394
        },
        "2014-01": {
            "month": "2014-01",
            "price": "6.95",
            "revenue": 39784
        },
        "2014-02": {
            "month": "2014-02",
            "price": "7.41",
            "revenue": 25550
        },
        "2014-03": {
            "month": "2014-03",
            "price": "7.60",
            "revenue": 47121
        },
        "2014-04": {
            "month": "2014-04",
            "price": "7.10",
            "revenue": 38620
        },
        "2014-05": {
            "month": "2014-05",
            "price": "6.90",
            "revenue": 35884
        },
        "2014-06": {
            "month": "2014-06",
            "price": "9.73",
            "revenue": 37908
        },
        "2014-07": {
            "month": "2014-07",
            "price": "12.84",
            "revenue": 39099
        },
        "2014-08": {
            "month": "2014-08",
            "price": "11.53",
            "revenue": 36541
        },
        "2014-09": {
            "month": "2014-09",
            "price": "12.31",
            "revenue": 65172
        },
        "2014-10": {
            "month": "2014-10",
            "price": "14.12",
            "revenue": 43854
        },
        "2014-11": {
            "month": "2014-11",
            "price": "15.26",
            "revenue": 88852
        },
        "2014-12": {
            "month": "2014-12",
            "price": "12.65",
            "revenue": 77448
        },
        "2015-01": {
            "month": "2015-01",
            "price": "11.86",
            "revenue": 55965
        },
        "2015-02": {
            "month": "2015-02",
            "price": "11.72",
            "revenue": 22225
        },
        "2015-03": {
            "month": "2015-03",
            "price": "11.28",
            "revenue": 32781
        },
        "2015-04": {
            "month": "2015-04",
            "price": "10.15",
            "revenue": 31599
        },
        "2015-05": {
            "month": "2015-05",
            "price": "9.73",
            "revenue": 24856
        },
        "2015-06": {
            "month": "2015-06",
            "price": "8.57",
            "revenue": 59569
        },
        "2015-07": {
            "month": "2015-07",
            "price": "8.61",
            "revenue": 33100
        },
        "2015-08": {
            "month": "2015-08",
            "price": "6.28",
            "revenue": 40373
        },
        "2015-09": {
            "month": "2015-09",
            "price": "5.29",
            "revenue": 48242
        },
        "2015-10": {
            "month": "2015-10",
            "price": "5.83",
            "revenue": 35794
        },
        "2015-11": {
            "month": "2015-11",
            "price": "6.05",
            "revenue": 78418
        },
        "2015-12": {
            "month": "2015-12",
            "price": "8.75",
            "revenue": 7315
        },
        "2016-01": {
            "month": "2016-01",
            "price": "9.24",
            "revenue": 32418
        },
        "2016-02": {
            "month": "2016-02",
            "price": "10.61",
            "revenue": 47093
        },
        "2016-03": {
            "month": "2016-03",
            "price": "12.52",
            "revenue": 47025
        },
        "2016-04": {
            "month": "2016-04",
            "price": "11.05",
            "revenue": 43158
        },
        "2016-05": {
            "month": "2016-05",
            "price": "10.41",
            "revenue": 29493
        },
        "2016-06": {
            "month": "2016-06",
            "price": "9.56",
            "revenue": 42110
        },
        "2016-07": {
            "month": "2016-07",
            "price": "8.17",
            "revenue": 79632
        },
        "2016-08": {
            "month": "2016-08",
            "price": "10.75",
            "revenue": 30057
        },
        "2016-09": {
            "month": "2016-09",
            "price": "14.02",
            "revenue": 31940
        },
        "2016-10": {
            "month": "2016-10",
            "price": "24.50",
            "revenue": 38449
        },
        "2016-11": {
            "month": "2016-11",
            "price": "26.14",
            "revenue": 42856
        },
        "2016-12": {
            "month": "2016-12",
            "price": "28.60",
            "revenue": 79716
        },
        "2017-01": {
            "month": "2017-01",
            "price": "37.22",
            "revenue": 18165
        },
        "2017-02": {
            "month": "2017-02",
            "price": "34.28",
            "revenue": 27093
        },
        "2017-03": {
            "month": "2017-03",
            "price": "29.14",
            "revenue": 46233
        },
        "2017-04": {
            "month": "2017-04",
            "price": "30.54",
            "revenue": 124248
        },
        "2017-05": {
            "month": "2017-05",
            "price": "39.40",
            "revenue": 124354
        },
        "2017-06": {
            "month": "2017-06",
            "price": "39.05",
            "revenue": 49426
        },
        "2017-07": {
            "month": "2017-07",
            "price": "32.39",
            "revenue": 143703
        },
        "2017-08": {
            "month": "2017-08",
            "price": "34.34",
            "revenue": 234208
        },
        "2017-09": {
            "month": "2017-09",
            "price": "34.71",
            "revenue": 137953
        },
        "2017-10": {
            "month": "2017-10",
            "price": "42.30",
            "revenue": 112708
        },
        "2017-11": {
            "month": "2017-11",
            "price": "73.38",
            "revenue": 78911
        },
        "2017-12": {
            "month": "2017-12",
            "price": "62.41",
            "revenue": 58853
        },
        "2018-01": {
            "month": "2018-01",
            "price": "64.56",
            "revenue": 29707
        },
        "2018-02": {
            "month": "2018-02",
            "price": "58.86",
            "revenue": 39681
        },
        "2018-03": {
            "month": "2018-03",
            "price": "61.73",
            "revenue": 31535
        },
        "2018-04": {
            "month": "2018-04",
            "price": "54.53",
            "revenue": 30862
        },
        "2018-05": {
            "month": "2018-05",
            "price": "42.68",
            "revenue": 107401
        },
        "2018-06": {
            "month": "2018-06",
            "price": "47.25",
            "revenue": 153705
        },
        "2018-07": {
            "month": "2018-07",
            "price": "41.10",
            "revenue": 60049
        },
        "2018-08": {
            "month": "2018-08",
            "price": "37.21",
            "revenue": 132628
        },
        "2018-09": {
            "month": "2018-09",
            "price": "32.42",
            "revenue": 167879
        },
        "2018-10": {
            "month": "2018-10",
            "price": "25.60",
            "revenue": 53309
        },
        "2018-11": {
            "month": "2018-11",
            "price": "26.96",
            "revenue": 52378
        },
        "2018-12": {
            "month": "2018-12",
            "price": "29.00",
            "revenue": 57047
        },
        "2019-01": {
            "month": "2019-01",
            "price": "28.25",
            "revenue": 39370
        },
        "2019-02": {
            "month": "2019-02",
            "price": "33.05",
            "revenue": 38255
        },
        "2019-03": {
            "month": "2019-03",
            "price": "37.04",
            "revenue": 76493
        },
        "2019-04": {
            "month": "2019-04",
            "price": "38.10",
            "revenue": 68079
        },
        "2019-05": {
            "month": "2019-05",
            "price": "32.81",
            "revenue": 91142
        },
        "2019-06": {
            "month": "2019-06",
            "price": "31.67",
            "revenue": 100189
        },
        "2019-07": {
            "month": "2019-07",
            "price": "32.14",
            "revenue": 37953
        },
        "2019-08": {
            "month": "2019-08",
            "price": "27.33",
            "revenue": 74091
        },
        "2019-09": {
            "month": "2019-09",
            "price": "27.77",
            "revenue": 77451
        },
        "2019-10": {
            "month": "2019-10",
            "price": "25.51",
            "revenue": 67414
        },
        "2019-11": {
            "month": "2019-11",
            "price": "28.83",
            "revenue": 52129
        },
        "2019-12": {
            "month": "2019-12",
            "price": "30.28",
            "revenue": 27796
        },
        "2020-01": {
            "month": "2020-01",
            "price": "28.42",
            "revenue": 34160
        },
        "2020-02": {
            "month": "2020-02",
            "price": "24.36",
            "revenue": 26697
        },
        "2020-03": {
            "month": "2020-03",
            "price": "20.21",
            "revenue": 31393
        },
        "2020-04": {
            "month": "2020-04",
            "price": "22.03",
            "revenue": 29791
        },
        "2020-05": {
            "month": "2020-05",
            "price": "23.06",
            "revenue": 38258
        },
        "2020-06": {
            "month": "2020-06",
            "price": "24.34",
            "revenue": 61201
        },
        "2020-07": {
            "month": "2020-07",
            "price": "24.17",
            "revenue": 37067
        },
        "2020-08": {
            "month": "2020-08",
            "price": "23.62",
            "revenue": 51494
        },
        "2020-09": {
            "month": "2020-09",
            "price": "26.55",
            "revenue": 66764
        },
        "2020-10": {
            "month": "2020-10",
            "price": "36.36",
            "revenue": 48313
        },
        "2020-11": {
            "month": "2020-11",
            "price": "47.97",
            "revenue": 52316
        },
        "2020-12": {
            "month": "2020-12",
            "price": "59.69",
            "revenue": 60871
        },
        "2021-01": {
            "month": "2021-01",
            "price": "56.52",
            "revenue": 48415
        },
        "2021-02": {
            "month": "2021-02",
            "price": "52.55",
            "revenue": 55773
        },
        "2021-03": {
            "month": "2021-03",
            "price": "56.26",
            "revenue": 51289
        },
        "2021-04": {
            "month": "2021-04",
            "price": "72.75",
            "revenue": 54488
        },
        "2021-05": {
            "month": "2021-05",
            "price": "59.62",
            "revenue": 56777
        },
        "2021-06": {
            "month": "2021-06",
            "price": "62.86",
            "revenue": 65399
        },
        "2021-07": {
            "month": "2021-07",
            "price": "61.39",
            "revenue": 61763
        },
        "2021-08": {
            "month": "2021-08",
            "price": "54.23",
            "revenue": 66498
        },
        "2021-09": {
            "month": "2021-09",
            "price": "51.40",
            "revenue": 78090
        },
        "2021-10": {
            "month": "2021-10",
            "price": "45.35",
            "revenue": 57808
        },
        "2021-11": {
            "month": "2021-11",
            "price": "53.42",
            "revenue": 88877
        },
        "2021-12": {
            "month": "2021-12",
            "price": "58.74",
            "revenue": 87984
        },
        "2022-01": {
            "month": "2022-01",
            "price": "58.42",
            "revenue": 51104
        },
        "2022-02": {
            "month": "2022-02",
            "price": "61.99",
            "revenue": 37417
        },
        "2022-03": {
            "month": "2022-03",
            "price": "65.31",
            "revenue": 57241
        },
        "2022-04": {
            "month": "2022-04",
            "price": "69.31",
            "revenue": 45569
        },
        "2022-05": {
            "month": "2022-05",
            "price": "66.97",
            "revenue": 96434
        },
        "2022-06": {
            "month": "2022-06",
            "price": "63.69",
            "revenue": 113854
        },
        "2022-07": {
            "month": "2022-07",
            "price": "59.21",
            "revenue": 109918
        },
        "2022-08": {
            "month": "2022-08",
            "price": "64.70",
            "revenue": 110323
        },
        "2022-09": {
            "month": "2022-09",
            "price": "70.82",
            "revenue": 108418
        },
        "2022-10": {
            "month": "2022-10",
            "price": "55.65",
            "revenue": 101638
        },
        "2022-11": {
            "month": "2022-11",
            "price": "61.69",
            "revenue": 102465
        },
        "2022-12": {
            "month": "2022-12",
            "price": "64.73",
            "revenue": 104096
        },
        "2023-01": {
            "month": "2023-01",
            "price": "60.45",
            "revenue": 15655
        },
        "2023-02": {
            "month": "2023-02",
            "price": "61.18",
            "revenue": 60017
        },
        "2023-03": {
            "month": "2023-03",
            "price": "59.29",
            "revenue": 72042
        },
        "2023-04": {
            "month": "2023-04",
            "price": "58.52",
            "revenue": 64383
        }
    }
}
