{
    "summary": {
        "stock_name": "博磊",
        "stock_id": "3581",
        "category": "半導體",
        "main_business": "電子零組件製造<br>機械設備製造業務<br>電子零件材料批發及零售業務",
        "website_url": "http://www.zenvoce.com",
        "ceo": "李篤誠",
        "pe_ratio": 56,
        "report_year_from": 2007,
        "report_year_to": 2023,
        "age": 17,
        "eps_negative_percentage": 9,
        "eps_growth_avg": {
            "last_all": -1.65,
            "last_2y": -19.01,
            "last_4y": 6.75,
            "last_8y": -1.65,
            "last_12y": null,
            "last_16y": null,
            "last_20y": null,
            "at_2006_last_3y": null,
            "at_2007_last_3y": null,
            "at_2008_last_3y": null,
            "at_2009_last_3y": null,
            "at_2010_last_3y": null,
            "at_2011_last_3y": null,
            "at_2012_last_3y": null,
            "at_2013_last_3y": null,
            "at_2014_last_3y": null,
            "at_2015_last_3y": null,
            "at_2016_last_3y": null,
            "at_2017_last_3y": 1.35,
            "at_2018_last_3y": -12.15,
            "at_2019_last_3y": 13.2,
            "at_2020_last_3y": 20.93,
            "at_2021_last_3y": 19.69,
            "at_2022_last_3y": 22.54,
            "at_2023_last_3y": -3.54,
            "at_2024_last_3y": -3.54,
            "at_2006_last_all": null,
            "at_2007_last_all": null,
            "at_2008_last_all": null,
            "at_2009_last_all": null,
            "at_2010_last_all": null,
            "at_2011_last_all": null,
            "at_2012_last_all": null,
            "at_2013_last_all": null,
            "at_2014_last_all": null,
            "at_2015_last_all": -53.54,
            "at_2016_last_all": -20.79,
            "at_2017_last_all": 1.35,
            "at_2018_last_all": -12.15,
            "at_2019_last_all": -0.15,
            "at_2020_last_all": 7.02,
            "at_2021_last_all": 11.83,
            "at_2022_last_all": 5.2,
            "at_2023_last_all": -1.65,
            "at_2024_last_all": -1.65
        },
        "latest_eps": 0.55,
        "latest_price": 30.6,
        "latest_roe": 6.16,
        "latest_gross_margin": 26.4,
        "latest_equity": 977989,
        "latest_revenue": 362028,
        "latest_gross_profit": 95566,
        "latest_net_income": 5380,
        "latest_debt_ratio": 50.18,
        "latest_current_ratio": 172.06,
        "latest_account_receivable_turnover_ratio": 1.52,
        "latest_inventory_turnover_ratio": 0.46,
        "latest_reinvestment_rate": 6.47,
        "latest_research_to_sale_ratio": 6.33
    },
    "eps_dividends": {
        "2001": {
            "cash": 0,
            "stock": 0,
            "eps": 0
        },
        "2002": {
            "cash": 0,
            "stock": 0,
            "eps": 0
        },
        "2003": {
            "cash": 0,
            "stock": 0,
            "eps": 0
        },
        "2004": {
            "cash": 0,
            "stock": 0,
            "eps": 0
        },
        "2005": {
            "cash": 0,
            "stock": 0,
            "eps": 0
        },
        "2006": {
            "cash": 0,
            "stock": 0,
            "eps": 0
        },
        "2007": {
            "cash": 0,
            "stock": 0,
            "eps": 0
        },
        "2008": {
            "cash": 1,
            "stock": 0,
            "eps": 0
        },
        "2009": {
            "cash": 0,
            "stock": 0,
            "eps": 0
        },
        "2010": {
            "cash": 0,
            "stock": 0,
            "eps": 0
        },
        "2011": {
            "cash": 0,
            "stock": 0,
            "eps": 0
        },
        "2012": {
            "cash": 0,
            "stock": 0,
            "eps": 0
        },
        "2013": {
            "cash": 0,
            "stock": 0,
            "eps": -0.82
        },
        "2014": {
            "cash": 1,
            "stock": 0,
            "eps": 1.98
        },
        "2015": {
            "cash": 1.1,
            "stock": 0,
            "eps": 0.92
        },
        "2016": {
            "cash": 1,
            "stock": 0,
            "eps": 1.03
        },
        "2017": {
            "cash": 1,
            "stock": 0,
            "eps": 1.5
        },
        "2018": {
            "cash": 1,
            "stock": 0,
            "eps": 0.71
        },
        "2019": {
            "cash": 0.7,
            "stock": 0,
            "eps": 1.05
        },
        "2020": {
            "cash": 0.7,
            "stock": 0,
            "eps": 1.5
        },
        "2021": {
            "cash": 0.9,
            "stock": 0,
            "eps": 2.11
        },
        "2022": {
            "cash": 1,
            "stock": 0,
            "eps": 1.24
        },
        "2023": {
            "cash": 0.8,
            "stock": 0,
            "eps": 0.54
        },
        "2024": {
            "cash": 0.5,
            "stock": 0,
            "eps": 0
        }
    },
    "dividends": {
        "2008-04-25": {
            "cash": 1,
            "stock": 0
        },
        "2014-09-25": {
            "cash": 1,
            "stock": 0
        },
        "2015-09-30": {
            "cash": 1.1,
            "stock": 0
        },
        "2016-09-28": {
            "cash": 1,
            "stock": 0
        },
        "2017-08-09": {
            "cash": 1,
            "stock": 0
        },
        "2018-07-20": {
            "cash": 1,
            "stock": 0
        },
        "2019-08-16": {
            "cash": 0.7,
            "stock": 0
        },
        "2020-08-07": {
            "cash": 0.7,
            "stock": 0
        },
        "2021-08-11": {
            "cash": 0.9,
            "stock": 0
        },
        "2022-09-02": {
            "cash": 1,
            "stock": 0
        },
        "2023-08-08": {
            "cash": 0.8,
            "stock": 0
        },
        "2024-03-07": {
            "cash": 0.5,
            "stock": 0
        }
    },
    "prices": {
        "200101": "無",
        "200102": "無",
        "200103": "無",
        "200104": "無",
        "200105": "無",
        "200106": "無",
        "200107": "無",
        "200108": "無",
        "200109": "無",
        "200110": "無",
        "200111": "無",
        "200112": "無",
        "200201": "無",
        "200202": "無",
        "200203": "無",
        "200204": "無",
        "200205": "無",
        "200206": "無",
        "200207": "無",
        "200208": "無",
        "200209": "無",
        "200210": "無",
        "200211": "無",
        "200212": "無",
        "200301": "無",
        "200302": "無",
        "200303": "無",
        "200304": "無",
        "200305": "無",
        "200306": "無",
        "200307": "無",
        "200308": "無",
        "200309": "無",
        "200310": "無",
        "200311": "無",
        "200312": "無",
        "200401": "無",
        "200402": "無",
        "200403": "無",
        "200404": "無",
        "200405": "無",
        "200406": "無",
        "200407": "無",
        "200408": "無",
        "200409": "無",
        "200410": "無",
        "200411": "無",
        "200412": "無",
        "200501": "無",
        "200502": "無",
        "200503": "無",
        "200504": "無",
        "200505": "無",
        "200506": "無",
        "200507": "無",
        "200508": "無",
        "200509": "無",
        "200510": "無",
        "200511": "無",
        "200512": "無",
        "200601": "無",
        "200602": "無",
        "200603": "無",
        "200604": "無",
        "200605": "無",
        "200606": "無",
        "200607": "無",
        "200608": "無",
        "200609": "無",
        "200610": "無",
        "200611": "無",
        "200612": "無",
        "200701": "無",
        "200702": "無",
        "200703": "無",
        "200704": "無",
        "200705": "無",
        "200706": "無",
        "200707": "無",
        "200708": "無",
        "200709": "無",
        "200710": "28.61",
        "200711": "22.69",
        "200712": "20.70",
        "200801": "17.21",
        "200802": "16.22",
        "200803": "17.59",
        "200804": "17.36",
        "200805": "16.74",
        "200806": "15.49",
        "200807": "11.87",
        "200808": "8.83",
        "200809": "7.06",
        "200810": "5.73",
        "200811": "3.81",
        "200812": "3.26",
        "200901": "3.14",
        "200902": "2.85",
        "200903": "3.09",
        "200904": "3.66",
        "200905": "4.07",
        "200906": "3.43",
        "200907": "3.15",
        "200908": "3.43",
        "200909": "5.93",
        "200910": "7.19",
        "200911": "5.80",
        "200912": "5.57",
        "201001": "6.23",
        "201002": "5.65",
        "201003": "7.11",
        "201004": "9.10",
        "201005": "7.66",
        "201006": "7.34",
        "201007": "6.98",
        "201008": "7.06",
        "201009": "6.90",
        "201010": "6.59",
        "201011": "5.93",
        "201012": "5.27",
        "201101": "5.10",
        "201102": "5.53",
        "201103": "7.04",
        "201104": "7.13",
        "201105": "5.62",
        "201106": "5.07",
        "201107": "5.85",
        "201108": "5.30",
        "201109": "5.34",
        "201110": "5.27",
        "201111": "5.23",
        "201112": "5.06",
        "201201": "5.06",
        "201202": "5.55",
        "201203": "5.01",
        "201204": "6.10",
        "201205": "7.09",
        "201206": "7.33",
        "201207": "8.56",
        "201208": "9.55",
        "201209": "10.04",
        "201210": "9.24",
        "201211": "9.01",
        "201212": "9.17",
        "201301": "11.21",
        "201302": "13.60",
        "201303": "18.27",
        "201304": "18.13",
        "201305": "17.38",
        "201306": "18.29",
        "201307": "19.86",
        "201308": "20.63",
        "201309": "20.71",
        "201310": "22.62",
        "201311": "24.64",
        "201312": "23.89",
        "201401": "22.04",
        "201402": "25.79",
        "201403": "27.27",
        "201404": "29.06",
        "201405": "28.32",
        "201406": "29.93",
        "201407": "34.02",
        "201408": "31.07",
        "201409": "30.66",
        "201410": "29.98",
        "201411": "28.11",
        "201412": "27.96",
        "201501": "23.87",
        "201502": "21.75",
        "201503": "21.29",
        "201504": "25.13",
        "201505": "22.37",
        "201506": "19.62",
        "201507": "17.48",
        "201508": "14.25",
        "201509": "14.11",
        "201510": "14.95",
        "201511": "14.77",
        "201512": "13.38",
        "201601": "12.91",
        "201602": "13.65",
        "201603": "16.05",
        "201604": "18.91",
        "201605": "16.77",
        "201606": "16.21",
        "201607": "16.84",
        "201608": "18.13",
        "201609": "17.25",
        "201610": "17.00",
        "201611": "15.56",
        "201612": "15.98",
        "201701": "16.68",
        "201702": "16.44",
        "201703": "17.72",
        "201704": "22.53",
        "201705": "23.28",
        "201706": "23.37",
        "201707": "21.38",
        "201708": "19.79",
        "201709": "20.02",
        "201710": "19.89",
        "201711": "23.95",
        "201712": "23.02",
        "201801": "24.51",
        "201802": "22.16",
        "201803": "20.92",
        "201804": "20.67",
        "201805": "21.33",
        "201806": "23.80",
        "201807": "23.04",
        "201808": "21.29",
        "201809": "18.51",
        "201810": "14.71",
        "201811": "14.04",
        "201812": "14.74",
        "201901": "14.84",
        "201902": "15.32",
        "201903": "16.46",
        "201904": "15.46",
        "201905": "14.64",
        "201906": "14.47",
        "201907": "14.90",
        "201908": "14.78",
        "201909": "16.00",
        "201910": "17.54",
        "201911": "17.06",
        "201912": "17.72",
        "202001": "16.96",
        "202002": "16.13",
        "202003": "13.90",
        "202004": "13.80",
        "202005": "14.59",
        "202006": "14.84",
        "202007": "15.40",
        "202008": "18.61",
        "202009": "21.11",
        "202010": "19.83",
        "202011": "18.88",
        "202012": "21.87",
        "202101": "23.34",
        "202102": "23.22",
        "202103": "25.70",
        "202104": "30.79",
        "202105": "25.33",
        "202106": "23.90",
        "202107": "25.58",
        "202108": "25.72",
        "202109": "25.73",
        "202110": "24.58",
        "202111": "27.63",
        "202112": "27.90",
        "202201": "27.20",
        "202202": "26.52",
        "202203": "25.89",
        "202204": "25.11",
        "202205": "23.72",
        "202206": "22.97",
        "202207": "20.87",
        "202208": "21.90",
        "202209": "22.05",
        "202210": "19.44",
        "202211": "20.23",
        "202212": "22.28",
        "202301": "21.49",
        "202302": "22.65",
        "202303": "22.56",
        "202304": "22.61",
        "202305": "23.04",
        "202306": "23.66",
        "202307": "25.37",
        "202308": "31.69",
        "202309": "27.86",
        "202310": "25.96",
        "202311": "25.77",
        "202312": "25.69"
    },
    "quarters": {
        "20011": {
            "year_quarter": 20011,
            "year": 2001,
            "quarter": 1,
            "eps": null,
            "eps_growth_year": null,
            "eps_4q": null,
            "eps_4q_growth_year": null,
            "roe": null,
            "roe_4q": 0,
            "gross_profit": null,
            "gross_margin": null,
            "gross_margin_4q_avg": 0,
            "net_income": null,
            "net_income_4q": null,
            "revenue": null,
            "revenue_4q": null,
            "common_shares": null,
            "book_valuer_per_share": null,
            "book_valuer_per_share_4q_avg": 0,
            "equity": null,
            "current_ratio": null,
            "debt_ratio": null,
            "inventory_turnover_ratio": null,
            "account_receivable_turnover_ratio": null,
            "reinvestment_rate": null,
            "research_to_sale_ratio": null,
            "price_fair": 0,
            "eps_avg_yearly": 0,
            "eps_latest_yearly": 0,
            "eps_growth_yearly": 0
        },
        "20012": {
            "year_quarter": 20012,
            "year": 2001,
            "quarter": 2,
            "eps": null,
            "eps_growth_year": null,
            "eps_4q": null,
            "eps_4q_growth_year": null,
            "roe": null,
            "roe_4q": 0,
            "gross_profit": null,
            "gross_margin": null,
            "gross_margin_4q_avg": 0,
            "net_income": null,
            "net_income_4q": null,
            "revenue": null,
            "revenue_4q": null,
            "common_shares": null,
            "book_valuer_per_share": null,
            "book_valuer_per_share_4q_avg": 0,
            "equity": null,
            "current_ratio": null,
            "debt_ratio": null,
            "inventory_turnover_ratio": null,
            "account_receivable_turnover_ratio": null,
            "reinvestment_rate": null,
            "research_to_sale_ratio": null,
            "price_fair": 0,
            "eps_avg_yearly": 0,
            "eps_latest_yearly": 0,
            "eps_growth_yearly": 0
        },
        "20013": {
            "year_quarter": 20013,
            "year": 2001,
            "quarter": 3,
            "eps": null,
            "eps_growth_year": null,
            "eps_4q": null,
            "eps_4q_growth_year": null,
            "roe": null,
            "roe_4q": 0,
            "gross_profit": null,
            "gross_margin": null,
            "gross_margin_4q_avg": 0,
            "net_income": null,
            "net_income_4q": null,
            "revenue": null,
            "revenue_4q": null,
            "common_shares": null,
            "book_valuer_per_share": null,
            "book_valuer_per_share_4q_avg": 0,
            "equity": null,
            "current_ratio": null,
            "debt_ratio": null,
            "inventory_turnover_ratio": null,
            "account_receivable_turnover_ratio": null,
            "reinvestment_rate": null,
            "research_to_sale_ratio": null,
            "price_fair": 0,
            "eps_avg_yearly": 0,
            "eps_latest_yearly": 0,
            "eps_growth_yearly": 0
        },
        "20014": {
            "year_quarter": 20014,
            "year": 2001,
            "quarter": 4,
            "eps": null,
            "eps_growth_year": null,
            "eps_4q": null,
            "eps_4q_growth_year": null,
            "roe": null,
            "roe_4q": 0,
            "gross_profit": null,
            "gross_margin": null,
            "gross_margin_4q_avg": 0,
            "net_income": null,
            "net_income_4q": null,
            "revenue": null,
            "revenue_4q": null,
            "common_shares": null,
            "book_valuer_per_share": null,
            "book_valuer_per_share_4q_avg": 0,
            "equity": null,
            "current_ratio": null,
            "debt_ratio": null,
            "inventory_turnover_ratio": null,
            "account_receivable_turnover_ratio": null,
            "reinvestment_rate": null,
            "research_to_sale_ratio": null,
            "price_fair": 0,
            "eps_avg_yearly": 0,
            "eps_latest_yearly": 0,
            "eps_growth_yearly": 0
        },
        "20021": {
            "year_quarter": 20021,
            "year": 2002,
            "quarter": 1,
            "eps": null,
            "eps_growth_year": null,
            "eps_4q": null,
            "eps_4q_growth_year": null,
            "roe": null,
            "roe_4q": 0,
            "gross_profit": null,
            "gross_margin": null,
            "gross_margin_4q_avg": 0,
            "net_income": null,
            "net_income_4q": null,
            "revenue": null,
            "revenue_4q": null,
            "common_shares": null,
            "book_valuer_per_share": null,
            "book_valuer_per_share_4q_avg": 0,
            "equity": null,
            "current_ratio": null,
            "debt_ratio": null,
            "inventory_turnover_ratio": null,
            "account_receivable_turnover_ratio": null,
            "reinvestment_rate": null,
            "research_to_sale_ratio": null,
            "price_fair": 0,
            "eps_avg_yearly": 0,
            "eps_latest_yearly": 0,
            "eps_growth_yearly": 0
        },
        "20022": {
            "year_quarter": 20022,
            "year": 2002,
            "quarter": 2,
            "eps": null,
            "eps_growth_year": null,
            "eps_4q": null,
            "eps_4q_growth_year": null,
            "roe": null,
            "roe_4q": 0,
            "gross_profit": null,
            "gross_margin": null,
            "gross_margin_4q_avg": 0,
            "net_income": null,
            "net_income_4q": null,
            "revenue": null,
            "revenue_4q": null,
            "common_shares": null,
            "book_valuer_per_share": null,
            "book_valuer_per_share_4q_avg": 0,
            "equity": null,
            "current_ratio": null,
            "debt_ratio": null,
            "inventory_turnover_ratio": null,
            "account_receivable_turnover_ratio": null,
            "reinvestment_rate": null,
            "research_to_sale_ratio": null,
            "price_fair": 0,
            "eps_avg_yearly": 0,
            "eps_latest_yearly": 0,
            "eps_growth_yearly": 0
        },
        "20023": {
            "year_quarter": 20023,
            "year": 2002,
            "quarter": 3,
            "eps": null,
            "eps_growth_year": null,
            "eps_4q": null,
            "eps_4q_growth_year": null,
            "roe": null,
            "roe_4q": 0,
            "gross_profit": null,
            "gross_margin": null,
            "gross_margin_4q_avg": 0,
            "net_income": null,
            "net_income_4q": null,
            "revenue": null,
            "revenue_4q": null,
            "common_shares": null,
            "book_valuer_per_share": null,
            "book_valuer_per_share_4q_avg": 0,
            "equity": null,
            "current_ratio": null,
            "debt_ratio": null,
            "inventory_turnover_ratio": null,
            "account_receivable_turnover_ratio": null,
            "reinvestment_rate": null,
            "research_to_sale_ratio": null,
            "price_fair": 0,
            "eps_avg_yearly": 0,
            "eps_latest_yearly": 0,
            "eps_growth_yearly": 0
        },
        "20024": {
            "year_quarter": 20024,
            "year": 2002,
            "quarter": 4,
            "eps": null,
            "eps_growth_year": null,
            "eps_4q": null,
            "eps_4q_growth_year": null,
            "roe": null,
            "roe_4q": 0,
            "gross_profit": null,
            "gross_margin": null,
            "gross_margin_4q_avg": 0,
            "net_income": null,
            "net_income_4q": null,
            "revenue": null,
            "revenue_4q": null,
            "common_shares": 63946,
            "book_valuer_per_share": 14.86,
            "book_valuer_per_share_4q_avg": 3.72,
            "equity": 95041,
            "current_ratio": 408.48,
            "debt_ratio": 31.76,
            "inventory_turnover_ratio": null,
            "account_receivable_turnover_ratio": null,
            "reinvestment_rate": null,
            "research_to_sale_ratio": null,
            "price_fair": 0,
            "eps_avg_yearly": 0,
            "eps_latest_yearly": 0,
            "eps_growth_yearly": 0
        },
        "20031": {
            "year_quarter": 20031,
            "year": 2003,
            "quarter": 1,
            "eps": null,
            "eps_growth_year": null,
            "eps_4q": null,
            "eps_4q_growth_year": null,
            "roe": null,
            "roe_4q": 0,
            "gross_profit": null,
            "gross_margin": null,
            "gross_margin_4q_avg": 0,
            "net_income": null,
            "net_income_4q": null,
            "revenue": null,
            "revenue_4q": null,
            "common_shares": null,
            "book_valuer_per_share": null,
            "book_valuer_per_share_4q_avg": 3.72,
            "equity": null,
            "current_ratio": null,
            "debt_ratio": null,
            "inventory_turnover_ratio": null,
            "account_receivable_turnover_ratio": null,
            "reinvestment_rate": null,
            "research_to_sale_ratio": null,
            "price_fair": 0,
            "eps_avg_yearly": 0,
            "eps_latest_yearly": 0,
            "eps_growth_yearly": 0
        },
        "20032": {
            "year_quarter": 20032,
            "year": 2003,
            "quarter": 2,
            "eps": null,
            "eps_growth_year": null,
            "eps_4q": null,
            "eps_4q_growth_year": null,
            "roe": null,
            "roe_4q": 0,
            "gross_profit": null,
            "gross_margin": null,
            "gross_margin_4q_avg": 0,
            "net_income": null,
            "net_income_4q": null,
            "revenue": null,
            "revenue_4q": null,
            "common_shares": null,
            "book_valuer_per_share": null,
            "book_valuer_per_share_4q_avg": 3.72,
            "equity": null,
            "current_ratio": null,
            "debt_ratio": null,
            "inventory_turnover_ratio": null,
            "account_receivable_turnover_ratio": null,
            "reinvestment_rate": null,
            "research_to_sale_ratio": null,
            "price_fair": 0,
            "eps_avg_yearly": 0,
            "eps_latest_yearly": 0,
            "eps_growth_yearly": 0
        },
        "20033": {
            "year_quarter": 20033,
            "year": 2003,
            "quarter": 3,
            "eps": null,
            "eps_growth_year": null,
            "eps_4q": null,
            "eps_4q_growth_year": null,
            "roe": null,
            "roe_4q": 0,
            "gross_profit": null,
            "gross_margin": null,
            "gross_margin_4q_avg": 0,
            "net_income": null,
            "net_income_4q": null,
            "revenue": null,
            "revenue_4q": null,
            "common_shares": null,
            "book_valuer_per_share": null,
            "book_valuer_per_share_4q_avg": 3.72,
            "equity": null,
            "current_ratio": null,
            "debt_ratio": null,
            "inventory_turnover_ratio": null,
            "account_receivable_turnover_ratio": null,
            "reinvestment_rate": null,
            "research_to_sale_ratio": null,
            "price_fair": 0,
            "eps_avg_yearly": 0,
            "eps_latest_yearly": 0,
            "eps_growth_yearly": 0
        },
        "20034": {
            "year_quarter": 20034,
            "year": 2003,
            "quarter": 4,
            "eps": null,
            "eps_growth_year": null,
            "eps_4q": null,
            "eps_4q_growth_year": null,
            "roe": null,
            "roe_4q": 0,
            "gross_profit": null,
            "gross_margin": null,
            "gross_margin_4q_avg": 0,
            "net_income": null,
            "net_income_4q": null,
            "revenue": null,
            "revenue_4q": null,
            "common_shares": 110000,
            "book_valuer_per_share": 12.03,
            "book_valuer_per_share_4q_avg": 3.01,
            "equity": 132284,
            "current_ratio": 206.27,
            "debt_ratio": 39.38,
            "inventory_turnover_ratio": null,
            "account_receivable_turnover_ratio": null,
            "reinvestment_rate": null,
            "research_to_sale_ratio": null,
            "price_fair": 0,
            "eps_avg_yearly": 0,
            "eps_latest_yearly": 0,
            "eps_growth_yearly": 0
        },
        "20041": {
            "year_quarter": 20041,
            "year": 2004,
            "quarter": 1,
            "eps": null,
            "eps_growth_year": null,
            "eps_4q": null,
            "eps_4q_growth_year": null,
            "roe": null,
            "roe_4q": 0,
            "gross_profit": null,
            "gross_margin": null,
            "gross_margin_4q_avg": 0,
            "net_income": null,
            "net_income_4q": null,
            "revenue": null,
            "revenue_4q": null,
            "common_shares": null,
            "book_valuer_per_share": null,
            "book_valuer_per_share_4q_avg": 3.01,
            "equity": null,
            "current_ratio": null,
            "debt_ratio": null,
            "inventory_turnover_ratio": null,
            "account_receivable_turnover_ratio": null,
            "reinvestment_rate": null,
            "research_to_sale_ratio": null,
            "price_fair": 0,
            "eps_avg_yearly": 0,
            "eps_latest_yearly": 0,
            "eps_growth_yearly": 0
        },
        "20042": {
            "year_quarter": 20042,
            "year": 2004,
            "quarter": 2,
            "eps": null,
            "eps_growth_year": null,
            "eps_4q": null,
            "eps_4q_growth_year": null,
            "roe": null,
            "roe_4q": 0,
            "gross_profit": null,
            "gross_margin": null,
            "gross_margin_4q_avg": 0,
            "net_income": null,
            "net_income_4q": null,
            "revenue": null,
            "revenue_4q": null,
            "common_shares": null,
            "book_valuer_per_share": null,
            "book_valuer_per_share_4q_avg": 3.01,
            "equity": null,
            "current_ratio": null,
            "debt_ratio": null,
            "inventory_turnover_ratio": null,
            "account_receivable_turnover_ratio": null,
            "reinvestment_rate": null,
            "research_to_sale_ratio": null,
            "price_fair": 0,
            "eps_avg_yearly": 0,
            "eps_latest_yearly": 0,
            "eps_growth_yearly": 0
        },
        "20043": {
            "year_quarter": 20043,
            "year": 2004,
            "quarter": 3,
            "eps": null,
            "eps_growth_year": null,
            "eps_4q": null,
            "eps_4q_growth_year": null,
            "roe": null,
            "roe_4q": 0,
            "gross_profit": null,
            "gross_margin": null,
            "gross_margin_4q_avg": 0,
            "net_income": null,
            "net_income_4q": null,
            "revenue": null,
            "revenue_4q": null,
            "common_shares": null,
            "book_valuer_per_share": null,
            "book_valuer_per_share_4q_avg": 3.01,
            "equity": null,
            "current_ratio": null,
            "debt_ratio": null,
            "inventory_turnover_ratio": null,
            "account_receivable_turnover_ratio": null,
            "reinvestment_rate": null,
            "research_to_sale_ratio": null,
            "price_fair": 0,
            "eps_avg_yearly": 0,
            "eps_latest_yearly": 0,
            "eps_growth_yearly": 0
        },
        "20044": {
            "year_quarter": 20044,
            "year": 2004,
            "quarter": 4,
            "eps": null,
            "eps_growth_year": null,
            "eps_4q": null,
            "eps_4q_growth_year": null,
            "roe": null,
            "roe_4q": 0,
            "gross_profit": null,
            "gross_margin": null,
            "gross_margin_4q_avg": 0,
            "net_income": null,
            "net_income_4q": null,
            "revenue": null,
            "revenue_4q": null,
            "common_shares": 150000,
            "book_valuer_per_share": 13.71,
            "book_valuer_per_share_4q_avg": 3.43,
            "equity": 205599,
            "current_ratio": 201.64,
            "debt_ratio": 36.89,
            "inventory_turnover_ratio": null,
            "account_receivable_turnover_ratio": null,
            "reinvestment_rate": null,
            "research_to_sale_ratio": null,
            "price_fair": 0,
            "eps_avg_yearly": 0,
            "eps_latest_yearly": 0,
            "eps_growth_yearly": 0
        },
        "20051": {
            "year_quarter": 20051,
            "year": 2005,
            "quarter": 1,
            "eps": null,
            "eps_growth_year": null,
            "eps_4q": null,
            "eps_4q_growth_year": null,
            "roe": null,
            "roe_4q": 0,
            "gross_profit": null,
            "gross_margin": null,
            "gross_margin_4q_avg": 0,
            "net_income": null,
            "net_income_4q": null,
            "revenue": null,
            "revenue_4q": null,
            "common_shares": null,
            "book_valuer_per_share": null,
            "book_valuer_per_share_4q_avg": 3.43,
            "equity": null,
            "current_ratio": null,
            "debt_ratio": null,
            "inventory_turnover_ratio": null,
            "account_receivable_turnover_ratio": null,
            "reinvestment_rate": null,
            "research_to_sale_ratio": null,
            "price_fair": 0,
            "eps_avg_yearly": 0,
            "eps_latest_yearly": 0,
            "eps_growth_yearly": 0
        },
        "20052": {
            "year_quarter": 20052,
            "year": 2005,
            "quarter": 2,
            "eps": null,
            "eps_growth_year": null,
            "eps_4q": null,
            "eps_4q_growth_year": null,
            "roe": null,
            "roe_4q": 0,
            "gross_profit": null,
            "gross_margin": null,
            "gross_margin_4q_avg": 0,
            "net_income": null,
            "net_income_4q": null,
            "revenue": null,
            "revenue_4q": null,
            "common_shares": null,
            "book_valuer_per_share": null,
            "book_valuer_per_share_4q_avg": 3.43,
            "equity": null,
            "current_ratio": null,
            "debt_ratio": null,
            "inventory_turnover_ratio": null,
            "account_receivable_turnover_ratio": null,
            "reinvestment_rate": null,
            "research_to_sale_ratio": null,
            "price_fair": 0,
            "eps_avg_yearly": 0,
            "eps_latest_yearly": 0,
            "eps_growth_yearly": 0
        },
        "20053": {
            "year_quarter": 20053,
            "year": 2005,
            "quarter": 3,
            "eps": null,
            "eps_growth_year": null,
            "eps_4q": null,
            "eps_4q_growth_year": null,
            "roe": null,
            "roe_4q": 0,
            "gross_profit": null,
            "gross_margin": null,
            "gross_margin_4q_avg": 0,
            "net_income": null,
            "net_income_4q": null,
            "revenue": null,
            "revenue_4q": null,
            "common_shares": null,
            "book_valuer_per_share": null,
            "book_valuer_per_share_4q_avg": 3.43,
            "equity": null,
            "current_ratio": null,
            "debt_ratio": null,
            "inventory_turnover_ratio": null,
            "account_receivable_turnover_ratio": null,
            "reinvestment_rate": null,
            "research_to_sale_ratio": null,
            "price_fair": 0,
            "eps_avg_yearly": 0,
            "eps_latest_yearly": 0,
            "eps_growth_yearly": 0
        },
        "20054": {
            "year_quarter": 20054,
            "year": 2005,
            "quarter": 4,
            "eps": null,
            "eps_growth_year": null,
            "eps_4q": null,
            "eps_4q_growth_year": null,
            "roe": null,
            "roe_4q": 0,
            "gross_profit": null,
            "gross_margin": null,
            "gross_margin_4q_avg": 0,
            "net_income": null,
            "net_income_4q": null,
            "revenue": null,
            "revenue_4q": null,
            "common_shares": 170000,
            "book_valuer_per_share": 13.91,
            "book_valuer_per_share_4q_avg": 3.48,
            "equity": 236533,
            "current_ratio": 207.08,
            "debt_ratio": 49.96,
            "inventory_turnover_ratio": null,
            "account_receivable_turnover_ratio": null,
            "reinvestment_rate": null,
            "research_to_sale_ratio": null,
            "price_fair": 0,
            "eps_avg_yearly": 0,
            "eps_latest_yearly": 0,
            "eps_growth_yearly": 0
        },
        "20061": {
            "year_quarter": 20061,
            "year": 2006,
            "quarter": 1,
            "eps": null,
            "eps_growth_year": null,
            "eps_4q": null,
            "eps_4q_growth_year": null,
            "roe": null,
            "roe_4q": 0,
            "gross_profit": null,
            "gross_margin": null,
            "gross_margin_4q_avg": 0,
            "net_income": null,
            "net_income_4q": null,
            "revenue": null,
            "revenue_4q": null,
            "common_shares": null,
            "book_valuer_per_share": null,
            "book_valuer_per_share_4q_avg": 3.48,
            "equity": null,
            "current_ratio": null,
            "debt_ratio": null,
            "inventory_turnover_ratio": null,
            "account_receivable_turnover_ratio": null,
            "reinvestment_rate": null,
            "research_to_sale_ratio": null,
            "price_fair": 0,
            "eps_avg_yearly": 0,
            "eps_latest_yearly": 0,
            "eps_growth_yearly": 0
        },
        "20062": {
            "year_quarter": 20062,
            "year": 2006,
            "quarter": 2,
            "eps": null,
            "eps_growth_year": null,
            "eps_4q": null,
            "eps_4q_growth_year": null,
            "roe": null,
            "roe_4q": 0,
            "gross_profit": null,
            "gross_margin": null,
            "gross_margin_4q_avg": 0,
            "net_income": null,
            "net_income_4q": null,
            "revenue": null,
            "revenue_4q": null,
            "common_shares": null,
            "book_valuer_per_share": null,
            "book_valuer_per_share_4q_avg": 3.48,
            "equity": null,
            "current_ratio": null,
            "debt_ratio": null,
            "inventory_turnover_ratio": null,
            "account_receivable_turnover_ratio": null,
            "reinvestment_rate": null,
            "research_to_sale_ratio": null,
            "price_fair": 0,
            "eps_avg_yearly": 0,
            "eps_latest_yearly": 0,
            "eps_growth_yearly": 0
        },
        "20063": {
            "year_quarter": 20063,
            "year": 2006,
            "quarter": 3,
            "eps": null,
            "eps_growth_year": null,
            "eps_4q": null,
            "eps_4q_growth_year": null,
            "roe": null,
            "roe_4q": 0,
            "gross_profit": null,
            "gross_margin": null,
            "gross_margin_4q_avg": 0,
            "net_income": null,
            "net_income_4q": null,
            "revenue": null,
            "revenue_4q": null,
            "common_shares": null,
            "book_valuer_per_share": null,
            "book_valuer_per_share_4q_avg": 3.48,
            "equity": null,
            "current_ratio": null,
            "debt_ratio": null,
            "inventory_turnover_ratio": null,
            "account_receivable_turnover_ratio": null,
            "reinvestment_rate": null,
            "research_to_sale_ratio": null,
            "price_fair": 0,
            "eps_avg_yearly": 0,
            "eps_latest_yearly": 0,
            "eps_growth_yearly": 0
        },
        "20064": {
            "year_quarter": 20064,
            "year": 2006,
            "quarter": 4,
            "eps": null,
            "eps_growth_year": null,
            "eps_4q": null,
            "eps_4q_growth_year": null,
            "roe": null,
            "roe_4q": 0,
            "gross_profit": null,
            "gross_margin": null,
            "gross_margin_4q_avg": 0,
            "net_income": null,
            "net_income_4q": null,
            "revenue": null,
            "revenue_4q": null,
            "common_shares": 400000,
            "book_valuer_per_share": 19.41,
            "book_valuer_per_share_4q_avg": 4.85,
            "equity": 776561,
            "current_ratio": 177.13,
            "debt_ratio": 47.71,
            "inventory_turnover_ratio": null,
            "account_receivable_turnover_ratio": null,
            "reinvestment_rate": null,
            "research_to_sale_ratio": null,
            "price_fair": 0,
            "eps_avg_yearly": 0,
            "eps_latest_yearly": 0,
            "eps_growth_yearly": 0
        },
        "20071": {
            "year_quarter": 20071,
            "year": 2007,
            "quarter": 1,
            "eps": null,
            "eps_growth_year": null,
            "eps_4q": null,
            "eps_4q_growth_year": null,
            "roe": null,
            "roe_4q": 0,
            "gross_profit": null,
            "gross_margin": null,
            "gross_margin_4q_avg": 0,
            "net_income": null,
            "net_income_4q": null,
            "revenue": null,
            "revenue_4q": null,
            "common_shares": null,
            "book_valuer_per_share": null,
            "book_valuer_per_share_4q_avg": 4.85,
            "equity": null,
            "current_ratio": null,
            "debt_ratio": null,
            "inventory_turnover_ratio": null,
            "account_receivable_turnover_ratio": null,
            "reinvestment_rate": null,
            "research_to_sale_ratio": null,
            "price_fair": 0,
            "eps_avg_yearly": 0,
            "eps_latest_yearly": 0,
            "eps_growth_yearly": 0
        },
        "20072": {
            "year_quarter": 20072,
            "year": 2007,
            "quarter": 2,
            "eps": null,
            "eps_growth_year": null,
            "eps_4q": null,
            "eps_4q_growth_year": null,
            "roe": null,
            "roe_4q": 0,
            "gross_profit": null,
            "gross_margin": null,
            "gross_margin_4q_avg": 0,
            "net_income": null,
            "net_income_4q": null,
            "revenue": null,
            "revenue_4q": null,
            "common_shares": null,
            "book_valuer_per_share": null,
            "book_valuer_per_share_4q_avg": 4.85,
            "equity": null,
            "current_ratio": null,
            "debt_ratio": null,
            "inventory_turnover_ratio": null,
            "account_receivable_turnover_ratio": null,
            "reinvestment_rate": null,
            "research_to_sale_ratio": null,
            "price_fair": 0,
            "eps_avg_yearly": 0,
            "eps_latest_yearly": 0,
            "eps_growth_yearly": 0
        },
        "20073": {
            "year_quarter": 20073,
            "year": 2007,
            "quarter": 3,
            "eps": null,
            "eps_growth_year": null,
            "eps_4q": null,
            "eps_4q_growth_year": null,
            "roe": null,
            "roe_4q": 0,
            "gross_profit": null,
            "gross_margin": null,
            "gross_margin_4q_avg": 0,
            "net_income": null,
            "net_income_4q": null,
            "revenue": null,
            "revenue_4q": null,
            "common_shares": null,
            "book_valuer_per_share": null,
            "book_valuer_per_share_4q_avg": 4.85,
            "equity": null,
            "current_ratio": null,
            "debt_ratio": null,
            "inventory_turnover_ratio": null,
            "account_receivable_turnover_ratio": null,
            "reinvestment_rate": null,
            "research_to_sale_ratio": null,
            "price_fair": 0,
            "eps_avg_yearly": 0,
            "eps_latest_yearly": 0,
            "eps_growth_yearly": 0
        },
        "20074": {
            "year_quarter": 20074,
            "year": 2007,
            "quarter": 4,
            "eps": null,
            "eps_growth_year": null,
            "eps_4q": null,
            "eps_4q_growth_year": null,
            "roe": null,
            "roe_4q": 0,
            "gross_profit": null,
            "gross_margin": null,
            "gross_margin_4q_avg": 0,
            "net_income": null,
            "net_income_4q": null,
            "revenue": null,
            "revenue_4q": null,
            "common_shares": 601000,
            "book_valuer_per_share": 14.57,
            "book_valuer_per_share_4q_avg": 3.64,
            "equity": 875478,
            "current_ratio": 182.85,
            "debt_ratio": 45.99,
            "inventory_turnover_ratio": null,
            "account_receivable_turnover_ratio": null,
            "reinvestment_rate": null,
            "research_to_sale_ratio": null,
            "price_fair": 0,
            "eps_avg_yearly": 0,
            "eps_latest_yearly": 0,
            "eps_growth_yearly": 0
        },
        "20081": {
            "year_quarter": 20081,
            "year": 2008,
            "quarter": 1,
            "eps": null,
            "eps_growth_year": null,
            "eps_4q": null,
            "eps_4q_growth_year": null,
            "roe": null,
            "roe_4q": 0,
            "gross_profit": null,
            "gross_margin": null,
            "gross_margin_4q_avg": 0,
            "net_income": null,
            "net_income_4q": null,
            "revenue": null,
            "revenue_4q": null,
            "common_shares": null,
            "book_valuer_per_share": null,
            "book_valuer_per_share_4q_avg": 3.64,
            "equity": null,
            "current_ratio": null,
            "debt_ratio": null,
            "inventory_turnover_ratio": null,
            "account_receivable_turnover_ratio": null,
            "reinvestment_rate": null,
            "research_to_sale_ratio": null,
            "price_fair": 0,
            "eps_avg_yearly": 0,
            "eps_latest_yearly": 0,
            "eps_growth_yearly": 0
        },
        "20082": {
            "year_quarter": 20082,
            "year": 2008,
            "quarter": 2,
            "eps": null,
            "eps_growth_year": null,
            "eps_4q": null,
            "eps_4q_growth_year": null,
            "roe": null,
            "roe_4q": 0,
            "gross_profit": null,
            "gross_margin": null,
            "gross_margin_4q_avg": 0,
            "net_income": null,
            "net_income_4q": null,
            "revenue": null,
            "revenue_4q": null,
            "common_shares": null,
            "book_valuer_per_share": null,
            "book_valuer_per_share_4q_avg": 3.64,
            "equity": null,
            "current_ratio": null,
            "debt_ratio": null,
            "inventory_turnover_ratio": null,
            "account_receivable_turnover_ratio": null,
            "reinvestment_rate": null,
            "research_to_sale_ratio": null,
            "price_fair": 0,
            "eps_avg_yearly": 0,
            "eps_latest_yearly": 0,
            "eps_growth_yearly": 0
        },
        "20083": {
            "year_quarter": 20083,
            "year": 2008,
            "quarter": 3,
            "eps": null,
            "eps_growth_year": null,
            "eps_4q": null,
            "eps_4q_growth_year": null,
            "roe": null,
            "roe_4q": 0,
            "gross_profit": null,
            "gross_margin": null,
            "gross_margin_4q_avg": 0,
            "net_income": null,
            "net_income_4q": null,
            "revenue": null,
            "revenue_4q": null,
            "common_shares": null,
            "book_valuer_per_share": null,
            "book_valuer_per_share_4q_avg": 3.64,
            "equity": null,
            "current_ratio": null,
            "debt_ratio": null,
            "inventory_turnover_ratio": null,
            "account_receivable_turnover_ratio": null,
            "reinvestment_rate": null,
            "research_to_sale_ratio": null,
            "price_fair": 0,
            "eps_avg_yearly": 0,
            "eps_latest_yearly": 0,
            "eps_growth_yearly": 0
        },
        "20084": {
            "year_quarter": 20084,
            "year": 2008,
            "quarter": 4,
            "eps": null,
            "eps_growth_year": null,
            "eps_4q": null,
            "eps_4q_growth_year": null,
            "roe": null,
            "roe_4q": 0,
            "gross_profit": null,
            "gross_margin": null,
            "gross_margin_4q_avg": 0,
            "net_income": null,
            "net_income_4q": null,
            "revenue": null,
            "revenue_4q": null,
            "common_shares": 601000,
            "book_valuer_per_share": 11.2,
            "book_valuer_per_share_4q_avg": 2.8,
            "equity": 672989,
            "current_ratio": 275.73,
            "debt_ratio": 28.98,
            "inventory_turnover_ratio": null,
            "account_receivable_turnover_ratio": null,
            "reinvestment_rate": null,
            "research_to_sale_ratio": null,
            "price_fair": 0,
            "eps_avg_yearly": 0,
            "eps_latest_yearly": 0,
            "eps_growth_yearly": 0
        },
        "20091": {
            "year_quarter": 20091,
            "year": 2009,
            "quarter": 1,
            "eps": null,
            "eps_growth_year": null,
            "eps_4q": null,
            "eps_4q_growth_year": null,
            "roe": null,
            "roe_4q": 0,
            "gross_profit": null,
            "gross_margin": null,
            "gross_margin_4q_avg": 0,
            "net_income": null,
            "net_income_4q": null,
            "revenue": null,
            "revenue_4q": null,
            "common_shares": null,
            "book_valuer_per_share": null,
            "book_valuer_per_share_4q_avg": 2.8,
            "equity": null,
            "current_ratio": null,
            "debt_ratio": null,
            "inventory_turnover_ratio": null,
            "account_receivable_turnover_ratio": null,
            "reinvestment_rate": null,
            "research_to_sale_ratio": null,
            "price_fair": 0,
            "eps_avg_yearly": 0,
            "eps_latest_yearly": 0,
            "eps_growth_yearly": 0
        },
        "20092": {
            "year_quarter": 20092,
            "year": 2009,
            "quarter": 2,
            "eps": null,
            "eps_growth_year": null,
            "eps_4q": null,
            "eps_4q_growth_year": null,
            "roe": null,
            "roe_4q": 0,
            "gross_profit": null,
            "gross_margin": null,
            "gross_margin_4q_avg": 0,
            "net_income": null,
            "net_income_4q": null,
            "revenue": null,
            "revenue_4q": null,
            "common_shares": 601000,
            "book_valuer_per_share": null,
            "book_valuer_per_share_4q_avg": 2.8,
            "equity": 628207,
            "current_ratio": null,
            "debt_ratio": null,
            "inventory_turnover_ratio": null,
            "account_receivable_turnover_ratio": null,
            "reinvestment_rate": null,
            "research_to_sale_ratio": null,
            "price_fair": 0,
            "eps_avg_yearly": 0,
            "eps_latest_yearly": 0,
            "eps_growth_yearly": 0
        },
        "20093": {
            "year_quarter": 20093,
            "year": 2009,
            "quarter": 3,
            "eps": null,
            "eps_growth_year": null,
            "eps_4q": null,
            "eps_4q_growth_year": null,
            "roe": null,
            "roe_4q": 0,
            "gross_profit": null,
            "gross_margin": null,
            "gross_margin_4q_avg": 0,
            "net_income": null,
            "net_income_4q": null,
            "revenue": null,
            "revenue_4q": null,
            "common_shares": null,
            "book_valuer_per_share": null,
            "book_valuer_per_share_4q_avg": 2.8,
            "equity": null,
            "current_ratio": null,
            "debt_ratio": null,
            "inventory_turnover_ratio": null,
            "account_receivable_turnover_ratio": null,
            "reinvestment_rate": null,
            "research_to_sale_ratio": null,
            "price_fair": 0,
            "eps_avg_yearly": 0,
            "eps_latest_yearly": 0,
            "eps_growth_yearly": 0
        },
        "20094": {
            "year_quarter": 20094,
            "year": 2009,
            "quarter": 4,
            "eps": null,
            "eps_growth_year": null,
            "eps_4q": null,
            "eps_4q_growth_year": null,
            "roe": null,
            "roe_4q": 0,
            "gross_profit": null,
            "gross_margin": null,
            "gross_margin_4q_avg": 0,
            "net_income": null,
            "net_income_4q": null,
            "revenue": null,
            "revenue_4q": null,
            "common_shares": 601000,
            "book_valuer_per_share": 10.39,
            "book_valuer_per_share_4q_avg": 2.6,
            "equity": 593112,
            "current_ratio": 244.8,
            "debt_ratio": 32.79,
            "inventory_turnover_ratio": null,
            "account_receivable_turnover_ratio": null,
            "reinvestment_rate": null,
            "research_to_sale_ratio": null,
            "price_fair": 0,
            "eps_avg_yearly": 0,
            "eps_latest_yearly": 0,
            "eps_growth_yearly": 0
        },
        "20101": {
            "year_quarter": 20101,
            "year": 2010,
            "quarter": 1,
            "eps": null,
            "eps_growth_year": null,
            "eps_4q": null,
            "eps_4q_growth_year": null,
            "roe": null,
            "roe_4q": 0,
            "gross_profit": null,
            "gross_margin": null,
            "gross_margin_4q_avg": 0,
            "net_income": null,
            "net_income_4q": null,
            "revenue": null,
            "revenue_4q": null,
            "common_shares": null,
            "book_valuer_per_share": null,
            "book_valuer_per_share_4q_avg": 2.6,
            "equity": null,
            "current_ratio": null,
            "debt_ratio": null,
            "inventory_turnover_ratio": null,
            "account_receivable_turnover_ratio": null,
            "reinvestment_rate": null,
            "research_to_sale_ratio": null,
            "price_fair": 0,
            "eps_avg_yearly": 0,
            "eps_latest_yearly": 0,
            "eps_growth_yearly": 0
        },
        "20102": {
            "year_quarter": 20102,
            "year": 2010,
            "quarter": 2,
            "eps": null,
            "eps_growth_year": null,
            "eps_4q": null,
            "eps_4q_growth_year": null,
            "roe": null,
            "roe_4q": 0,
            "gross_profit": null,
            "gross_margin": null,
            "gross_margin_4q_avg": 0,
            "net_income": null,
            "net_income_4q": null,
            "revenue": null,
            "revenue_4q": null,
            "common_shares": 601000,
            "book_valuer_per_share": 10.42,
            "book_valuer_per_share_4q_avg": 5.2,
            "equity": 595062,
            "current_ratio": 206.08,
            "debt_ratio": 37.84,
            "inventory_turnover_ratio": null,
            "account_receivable_turnover_ratio": null,
            "reinvestment_rate": null,
            "research_to_sale_ratio": null,
            "price_fair": 0,
            "eps_avg_yearly": 0,
            "eps_latest_yearly": 0,
            "eps_growth_yearly": 0
        },
        "20103": {
            "year_quarter": 20103,
            "year": 2010,
            "quarter": 3,
            "eps": null,
            "eps_growth_year": null,
            "eps_4q": null,
            "eps_4q_growth_year": null,
            "roe": null,
            "roe_4q": 0,
            "gross_profit": null,
            "gross_margin": null,
            "gross_margin_4q_avg": 0,
            "net_income": null,
            "net_income_4q": null,
            "revenue": null,
            "revenue_4q": null,
            "common_shares": null,
            "book_valuer_per_share": null,
            "book_valuer_per_share_4q_avg": 5.2,
            "equity": null,
            "current_ratio": null,
            "debt_ratio": null,
            "inventory_turnover_ratio": null,
            "account_receivable_turnover_ratio": null,
            "reinvestment_rate": null,
            "research_to_sale_ratio": null,
            "price_fair": 0,
            "eps_avg_yearly": 0,
            "eps_latest_yearly": 0,
            "eps_growth_yearly": 0
        },
        "20104": {
            "year_quarter": 20104,
            "year": 2010,
            "quarter": 4,
            "eps": null,
            "eps_growth_year": null,
            "eps_4q": null,
            "eps_4q_growth_year": null,
            "roe": null,
            "roe_4q": 0,
            "gross_profit": null,
            "gross_margin": null,
            "gross_margin_4q_avg": 0,
            "net_income": null,
            "net_income_4q": null,
            "revenue": null,
            "revenue_4q": null,
            "common_shares": 601000,
            "book_valuer_per_share": 10.12,
            "book_valuer_per_share_4q_avg": 5.14,
            "equity": 578005,
            "current_ratio": 222.17,
            "debt_ratio": 35.34,
            "inventory_turnover_ratio": null,
            "account_receivable_turnover_ratio": null,
            "reinvestment_rate": null,
            "research_to_sale_ratio": null,
            "price_fair": 0,
            "eps_avg_yearly": 0,
            "eps_latest_yearly": 0,
            "eps_growth_yearly": 0
        },
        "20111": {
            "year_quarter": 20111,
            "year": 2011,
            "quarter": 1,
            "eps": null,
            "eps_growth_year": null,
            "eps_4q": null,
            "eps_4q_growth_year": null,
            "roe": null,
            "roe_4q": 0,
            "gross_profit": null,
            "gross_margin": null,
            "gross_margin_4q_avg": 0,
            "net_income": null,
            "net_income_4q": null,
            "revenue": null,
            "revenue_4q": null,
            "common_shares": null,
            "book_valuer_per_share": null,
            "book_valuer_per_share_4q_avg": 5.14,
            "equity": null,
            "current_ratio": null,
            "debt_ratio": null,
            "inventory_turnover_ratio": null,
            "account_receivable_turnover_ratio": null,
            "reinvestment_rate": null,
            "research_to_sale_ratio": null,
            "price_fair": 0,
            "eps_avg_yearly": 0,
            "eps_latest_yearly": 0,
            "eps_growth_yearly": 0
        },
        "20112": {
            "year_quarter": 20112,
            "year": 2011,
            "quarter": 2,
            "eps": null,
            "eps_growth_year": null,
            "eps_4q": null,
            "eps_4q_growth_year": null,
            "roe": null,
            "roe_4q": 0,
            "gross_profit": null,
            "gross_margin": null,
            "gross_margin_4q_avg": 0,
            "net_income": null,
            "net_income_4q": null,
            "revenue": null,
            "revenue_4q": null,
            "common_shares": 601000,
            "book_valuer_per_share": 10.33,
            "book_valuer_per_share_4q_avg": 5.11,
            "equity": 590019,
            "current_ratio": 217.14,
            "debt_ratio": 35.32,
            "inventory_turnover_ratio": null,
            "account_receivable_turnover_ratio": null,
            "reinvestment_rate": null,
            "research_to_sale_ratio": null,
            "price_fair": 0,
            "eps_avg_yearly": 0,
            "eps_latest_yearly": 0,
            "eps_growth_yearly": 0
        },
        "20113": {
            "year_quarter": 20113,
            "year": 2011,
            "quarter": 3,
            "eps": null,
            "eps_growth_year": null,
            "eps_4q": null,
            "eps_4q_growth_year": null,
            "roe": null,
            "roe_4q": 0,
            "gross_profit": null,
            "gross_margin": null,
            "gross_margin_4q_avg": 0,
            "net_income": null,
            "net_income_4q": null,
            "revenue": null,
            "revenue_4q": null,
            "common_shares": null,
            "book_valuer_per_share": null,
            "book_valuer_per_share_4q_avg": 5.11,
            "equity": null,
            "current_ratio": null,
            "debt_ratio": null,
            "inventory_turnover_ratio": null,
            "account_receivable_turnover_ratio": null,
            "reinvestment_rate": null,
            "research_to_sale_ratio": null,
            "price_fair": 0,
            "eps_avg_yearly": 0,
            "eps_latest_yearly": 0,
            "eps_growth_yearly": 0
        },
        "20114": {
            "year_quarter": 20114,
            "year": 2011,
            "quarter": 4,
            "eps": null,
            "eps_growth_year": null,
            "eps_4q": null,
            "eps_4q_growth_year": null,
            "roe": null,
            "roe_4q": 0,
            "gross_profit": null,
            "gross_margin": null,
            "gross_margin_4q_avg": 0,
            "net_income": null,
            "net_income_4q": null,
            "revenue": null,
            "revenue_4q": null,
            "common_shares": 601000,
            "book_valuer_per_share": 10.71,
            "book_valuer_per_share_4q_avg": 5.26,
            "equity": 611631,
            "current_ratio": 208.27,
            "debt_ratio": 36.16,
            "inventory_turnover_ratio": null,
            "account_receivable_turnover_ratio": null,
            "reinvestment_rate": null,
            "research_to_sale_ratio": null,
            "price_fair": 0,
            "eps_avg_yearly": 0,
            "eps_latest_yearly": 0,
            "eps_growth_yearly": 0
        },
        "20121": {
            "year_quarter": 20121,
            "year": 2012,
            "quarter": 1,
            "eps": null,
            "eps_growth_year": null,
            "eps_4q": null,
            "eps_4q_growth_year": null,
            "roe": null,
            "roe_4q": 0,
            "gross_profit": null,
            "gross_margin": null,
            "gross_margin_4q_avg": 0,
            "net_income": null,
            "net_income_4q": null,
            "revenue": null,
            "revenue_4q": null,
            "common_shares": null,
            "book_valuer_per_share": null,
            "book_valuer_per_share_4q_avg": 5.26,
            "equity": null,
            "current_ratio": null,
            "debt_ratio": null,
            "inventory_turnover_ratio": null,
            "account_receivable_turnover_ratio": null,
            "reinvestment_rate": null,
            "research_to_sale_ratio": null,
            "price_fair": 0,
            "eps_avg_yearly": 0,
            "eps_latest_yearly": 0,
            "eps_growth_yearly": 0
        },
        "20122": {
            "year_quarter": 20122,
            "year": 2012,
            "quarter": 2,
            "eps": null,
            "eps_growth_year": null,
            "eps_4q": null,
            "eps_4q_growth_year": null,
            "roe": null,
            "roe_4q": 0,
            "gross_profit": null,
            "gross_margin": null,
            "gross_margin_4q_avg": 0,
            "net_income": null,
            "net_income_4q": null,
            "revenue": null,
            "revenue_4q": null,
            "common_shares": 601000,
            "book_valuer_per_share": 11.39,
            "book_valuer_per_share_4q_avg": 5.53,
            "equity": 650218,
            "current_ratio": 224.05,
            "debt_ratio": 33.27,
            "inventory_turnover_ratio": null,
            "account_receivable_turnover_ratio": null,
            "reinvestment_rate": null,
            "research_to_sale_ratio": null,
            "price_fair": 0,
            "eps_avg_yearly": 0,
            "eps_latest_yearly": 0,
            "eps_growth_yearly": 0
        },
        "20123": {
            "year_quarter": 20123,
            "year": 2012,
            "quarter": 3,
            "eps": null,
            "eps_growth_year": null,
            "eps_4q": null,
            "eps_4q_growth_year": null,
            "roe": null,
            "roe_4q": 0,
            "gross_profit": null,
            "gross_margin": null,
            "gross_margin_4q_avg": 0,
            "net_income": null,
            "net_income_4q": null,
            "revenue": null,
            "revenue_4q": null,
            "common_shares": null,
            "book_valuer_per_share": null,
            "book_valuer_per_share_4q_avg": 5.53,
            "equity": null,
            "current_ratio": null,
            "debt_ratio": null,
            "inventory_turnover_ratio": null,
            "account_receivable_turnover_ratio": null,
            "reinvestment_rate": null,
            "research_to_sale_ratio": null,
            "price_fair": 0,
            "eps_avg_yearly": 0,
            "eps_latest_yearly": 0,
            "eps_growth_yearly": 0
        },
        "20124": {
            "year_quarter": 20124,
            "year": 2012,
            "quarter": 4,
            "eps": null,
            "eps_growth_year": null,
            "eps_4q": null,
            "eps_4q_growth_year": null,
            "roe": null,
            "roe_4q": 0,
            "gross_profit": null,
            "gross_margin": null,
            "gross_margin_4q_avg": 0,
            "net_income": null,
            "net_income_4q": null,
            "revenue": null,
            "revenue_4q": null,
            "common_shares": 570950,
            "book_valuer_per_share": 11.45,
            "book_valuer_per_share_4q_avg": 5.71,
            "equity": 653658,
            "current_ratio": 209.24,
            "debt_ratio": 38.01,
            "inventory_turnover_ratio": null,
            "account_receivable_turnover_ratio": null,
            "reinvestment_rate": null,
            "research_to_sale_ratio": null,
            "price_fair": 0,
            "eps_avg_yearly": 0,
            "eps_latest_yearly": 0,
            "eps_growth_yearly": 0
        },
        "20131": {
            "year_quarter": 20131,
            "year": 2013,
            "quarter": 1,
            "eps": null,
            "eps_growth_year": null,
            "eps_4q": null,
            "eps_4q_growth_year": null,
            "roe": null,
            "roe_4q": 0,
            "gross_profit": 146254,
            "gross_margin": null,
            "gross_margin_4q_avg": 0,
            "net_income": 72221,
            "net_income_4q": null,
            "revenue": 361724,
            "revenue_4q": null,
            "common_shares": 570950,
            "book_valuer_per_share": 12.74,
            "book_valuer_per_share_4q_avg": 8.9,
            "equity": 727635,
            "current_ratio": 317.57,
            "debt_ratio": 24.62,
            "inventory_turnover_ratio": null,
            "account_receivable_turnover_ratio": null,
            "reinvestment_rate": null,
            "research_to_sale_ratio": null,
            "price_fair": 0,
            "eps_avg_yearly": 0,
            "eps_latest_yearly": 0,
            "eps_growth_yearly": 0
        },
        "20132": {
            "year_quarter": 20132,
            "year": 2013,
            "quarter": 2,
            "eps": -0.82,
            "eps_growth_year": null,
            "eps_4q": null,
            "eps_4q_growth_year": null,
            "roe": -6.65,
            "roe_4q": -6.65,
            "gross_profit": 115292,
            "gross_margin": 41.47,
            "gross_margin_4q_avg": 10.37,
            "net_income": -46769,
            "net_income_4q": null,
            "revenue": 278011,
            "revenue_4q": null,
            "common_shares": 570950,
            "book_valuer_per_share": 11.89,
            "book_valuer_per_share_4q_avg": 9.02,
            "equity": 679113,
            "current_ratio": 376.41,
            "debt_ratio": 22.67,
            "inventory_turnover_ratio": 0.87,
            "account_receivable_turnover_ratio": 2.5,
            "reinvestment_rate": null,
            "research_to_sale_ratio": null,
            "price_fair": 0,
            "eps_avg_yearly": 0,
            "eps_latest_yearly": 0,
            "eps_growth_yearly": 0
        },
        "20133": {
            "year_quarter": 20133,
            "year": 2013,
            "quarter": 3,
            "eps": null,
            "eps_growth_year": null,
            "eps_4q": null,
            "eps_4q_growth_year": null,
            "roe": null,
            "roe_4q": -6.65,
            "gross_profit": 76236,
            "gross_margin": null,
            "gross_margin_4q_avg": 10.37,
            "net_income": 17223,
            "net_income_4q": null,
            "revenue": 244908,
            "revenue_4q": null,
            "common_shares": 456760,
            "book_valuer_per_share": 12.71,
            "book_valuer_per_share_4q_avg": 12.2,
            "equity": 580335,
            "current_ratio": 236.37,
            "debt_ratio": 35.11,
            "inventory_turnover_ratio": null,
            "account_receivable_turnover_ratio": null,
            "reinvestment_rate": null,
            "research_to_sale_ratio": null,
            "price_fair": 0,
            "eps_avg_yearly": 0,
            "eps_latest_yearly": 0,
            "eps_growth_yearly": 0
        },
        "20134": {
            "year_quarter": 20134,
            "year": 2013,
            "quarter": 4,
            "eps": null,
            "eps_growth_year": null,
            "eps_4q": null,
            "eps_4q_growth_year": null,
            "roe": null,
            "roe_4q": -6.65,
            "gross_profit": 66728,
            "gross_margin": null,
            "gross_margin_4q_avg": 10.37,
            "net_income": 9757,
            "net_income_4q": null,
            "revenue": 209590,
            "revenue_4q": null,
            "common_shares": 456760,
            "book_valuer_per_share": 12.95,
            "book_valuer_per_share_4q_avg": 12.57,
            "equity": 591431,
            "current_ratio": 264.64,
            "debt_ratio": 30.18,
            "inventory_turnover_ratio": null,
            "account_receivable_turnover_ratio": null,
            "reinvestment_rate": null,
            "research_to_sale_ratio": null,
            "price_fair": 0,
            "eps_avg_yearly": 0,
            "eps_latest_yearly": 0,
            "eps_growth_yearly": 0
        },
        "20141": {
            "year_quarter": 20141,
            "year": 2014,
            "quarter": 1,
            "eps": null,
            "eps_growth_year": null,
            "eps_4q": null,
            "eps_4q_growth_year": null,
            "roe": null,
            "roe_4q": -6.65,
            "gross_profit": 56937,
            "gross_margin": null,
            "gross_margin_4q_avg": 10.37,
            "net_income": 2952,
            "net_income_4q": null,
            "revenue": 186638,
            "revenue_4q": null,
            "common_shares": 456760,
            "book_valuer_per_share": 13.11,
            "book_valuer_per_share_4q_avg": 12.67,
            "equity": 598934,
            "current_ratio": 270.38,
            "debt_ratio": 29.42,
            "inventory_turnover_ratio": null,
            "account_receivable_turnover_ratio": null,
            "reinvestment_rate": null,
            "research_to_sale_ratio": null,
            "price_fair": 0,
            "eps_avg_yearly": 0,
            "eps_latest_yearly": 0,
            "eps_growth_yearly": 0
        },
        "20142": {
            "year_quarter": 20142,
            "year": 2014,
            "quarter": 2,
            "eps": 1.1,
            "eps_growth_year": null,
            "eps_4q": 1.1,
            "eps_4q_growth_year": null,
            "roe": 8.36,
            "roe_4q": 8.36,
            "gross_profit": 76031,
            "gross_margin": 33.3,
            "gross_margin_4q_avg": 8.33,
            "net_income": 50118,
            "net_income_4q": null,
            "revenue": 228315,
            "revenue_4q": null,
            "common_shares": 456760,
            "book_valuer_per_share": 13.15,
            "book_valuer_per_share_4q_avg": 12.98,
            "equity": 600424,
            "current_ratio": 214.78,
            "debt_ratio": 37.93,
            "inventory_turnover_ratio": 0.98,
            "account_receivable_turnover_ratio": 1.45,
            "reinvestment_rate": null,
            "research_to_sale_ratio": 6.38,
            "price_fair": 0,
            "eps_avg_yearly": 0,
            "eps_latest_yearly": 0,
            "eps_growth_yearly": 0
        },
        "20143": {
            "year_quarter": 20143,
            "year": 2014,
            "quarter": 3,
            "eps": 0.18,
            "eps_growth_year": null,
            "eps_4q": 1.28,
            "eps_4q_growth_year": null,
            "roe": 1.34,
            "roe_4q": 9.7,
            "gross_profit": 79690,
            "gross_margin": 35.36,
            "gross_margin_4q_avg": 17.17,
            "net_income": 8120,
            "net_income_4q": null,
            "revenue": 225345,
            "revenue_4q": null,
            "common_shares": 456760,
            "book_valuer_per_share": 13.36,
            "book_valuer_per_share_4q_avg": 13.14,
            "equity": 610039,
            "current_ratio": 235.2,
            "debt_ratio": 34.43,
            "inventory_turnover_ratio": 0.86,
            "account_receivable_turnover_ratio": 0.72,
            "reinvestment_rate": null,
            "research_to_sale_ratio": 6.41,
            "price_fair": 2.16,
            "eps_avg_yearly": 0.72,
            "eps_latest_yearly": 0.72,
            "eps_growth_yearly": -334.55
        },
        "20144": {
            "year_quarter": 20144,
            "year": 2014,
            "quarter": 4,
            "eps": 0.7,
            "eps_growth_year": null,
            "eps_4q": 1.97,
            "eps_4q_growth_year": null,
            "roe": 5.07,
            "roe_4q": 14.77,
            "gross_profit": 96588,
            "gross_margin": 40.24,
            "gross_margin_4q_avg": 27.23,
            "net_income": 31791,
            "net_income_4q": null,
            "revenue": 240014,
            "revenue_4q": null,
            "common_shares": 456760,
            "book_valuer_per_share": 14.08,
            "book_valuer_per_share_4q_avg": 13.43,
            "equity": 643344,
            "current_ratio": 259.14,
            "debt_ratio": 34.1,
            "inventory_turnover_ratio": 0.78,
            "account_receivable_turnover_ratio": 0.75,
            "reinvestment_rate": null,
            "research_to_sale_ratio": 7.59,
            "price_fair": 61.6,
            "eps_avg_yearly": 1.76,
            "eps_latest_yearly": 2.8,
            "eps_growth_yearly": 410.51
        },
        "20151": {
            "year_quarter": 20151,
            "year": 2015,
            "quarter": 1,
            "eps": 0.18,
            "eps_growth_year": null,
            "eps_4q": 1.91,
            "eps_4q_growth_year": null,
            "roe": 1.27,
            "roe_4q": 16.04,
            "gross_profit": 81309,
            "gross_margin": 38.41,
            "gross_margin_4q_avg": 36.83,
            "net_income": 9014,
            "net_income_4q": null,
            "revenue": 211664,
            "revenue_4q": null,
            "common_shares": 517760,
            "book_valuer_per_share": 15.07,
            "book_valuer_per_share_4q_avg": 13.92,
            "equity": 780266,
            "current_ratio": 441.92,
            "debt_ratio": 20.99,
            "inventory_turnover_ratio": 0.7,
            "account_receivable_turnover_ratio": 0.66,
            "reinvestment_rate": null,
            "research_to_sale_ratio": 7.88,
            "price_fair": 49.47,
            "eps_avg_yearly": 1.41,
            "eps_latest_yearly": 0.72,
            "eps_growth_yearly": 174.62
        },
        "20152": {
            "year_quarter": 20152,
            "year": 2015,
            "quarter": 2,
            "eps": 0.03,
            "eps_growth_year": -97.27,
            "eps_4q": 0.97,
            "eps_4q_growth_year": -11.35,
            "roe": 0.19,
            "roe_4q": 7.87,
            "gross_profit": 101094,
            "gross_margin": 40.26,
            "gross_margin_4q_avg": 38.57,
            "net_income": 1438,
            "net_income_4q": null,
            "revenue": 251111,
            "revenue_4q": null,
            "common_shares": 517760,
            "book_valuer_per_share": 14.01,
            "book_valuer_per_share_4q_avg": 14.13,
            "equity": 725429,
            "current_ratio": 333.87,
            "debt_ratio": 26.53,
            "inventory_turnover_ratio": 0.8,
            "account_receivable_turnover_ratio": 0.78,
            "reinvestment_rate": null,
            "research_to_sale_ratio": 6.54,
            "price_fair": 38.15,
            "eps_avg_yearly": 1.09,
            "eps_latest_yearly": 0.12,
            "eps_growth_yearly": 47.63
        },
        "20153": {
            "year_quarter": 20153,
            "year": 2015,
            "quarter": 3,
            "eps": 0.22,
            "eps_growth_year": 22.22,
            "eps_4q": 1.04,
            "eps_4q_growth_year": -18.26,
            "roe": 1.54,
            "roe_4q": 8.07,
            "gross_profit": 65109,
            "gross_margin": 37.16,
            "gross_margin_4q_avg": 39.02,
            "net_income": 11211,
            "net_income_4q": null,
            "revenue": 175219,
            "revenue_4q": null,
            "common_shares": 517760,
            "book_valuer_per_share": 14.29,
            "book_valuer_per_share_4q_avg": 14.36,
            "equity": 732769,
            "current_ratio": 395.82,
            "debt_ratio": 22.46,
            "inventory_turnover_ratio": 0.59,
            "account_receivable_turnover_ratio": 0.58,
            "reinvestment_rate": null,
            "research_to_sale_ratio": 7.95,
            "price_fair": 36.68,
            "eps_avg_yearly": 1.05,
            "eps_latest_yearly": 0.88,
            "eps_growth_yearly": 544.77
        },
        "20154": {
            "year_quarter": 20154,
            "year": 2015,
            "quarter": 4,
            "eps": 0.49,
            "eps_growth_year": -29.99,
            "eps_4q": 0.91,
            "eps_4q_growth_year": -53.83,
            "roe": 3.36,
            "roe_4q": 6.360000000000001,
            "gross_profit": 93178,
            "gross_margin": 49.57,
            "gross_margin_4q_avg": 41.35,
            "net_income": 24975,
            "net_income_4q": null,
            "revenue": 187974,
            "revenue_4q": null,
            "common_shares": 517760,
            "book_valuer_per_share": 14.74,
            "book_valuer_per_share_4q_avg": 14.53,
            "equity": 755215,
            "current_ratio": 405.86,
            "debt_ratio": 22.19,
            "inventory_turnover_ratio": 0.47,
            "account_receivable_turnover_ratio": 0.73,
            "reinvestment_rate": null,
            "research_to_sale_ratio": 8.52,
            "price_fair": 42,
            "eps_avg_yearly": 1.2,
            "eps_latest_yearly": 1.96,
            "eps_growth_yearly": 535.8
        },
        "20161": {
            "year_quarter": 20161,
            "year": 2016,
            "quarter": 1,
            "eps": 0.1,
            "eps_growth_year": -44.44,
            "eps_4q": 0.83,
            "eps_4q_growth_year": -56.63,
            "roe": 0.64,
            "roe_4q": 5.73,
            "gross_profit": 73189,
            "gross_margin": 34.37,
            "gross_margin_4q_avg": 40.34,
            "net_income": 4894,
            "net_income_4q": null,
            "revenue": 212923,
            "revenue_4q": null,
            "common_shares": 517760,
            "book_valuer_per_share": 14.91,
            "book_valuer_per_share_4q_avg": 14.49,
            "equity": 764157,
            "current_ratio": 453.25,
            "debt_ratio": 19.96,
            "inventory_turnover_ratio": 0.64,
            "account_receivable_turnover_ratio": 0.9,
            "reinvestment_rate": null,
            "research_to_sale_ratio": 6.94,
            "price_fair": 38,
            "eps_avg_yearly": 1.09,
            "eps_latest_yearly": 0.4,
            "eps_growth_yearly": 413.77
        },
        "20162": {
            "year_quarter": 20162,
            "year": 2016,
            "quarter": 2,
            "eps": 0.39,
            "eps_growth_year": 1200,
            "eps_4q": 1.19,
            "eps_4q_growth_year": 22.1,
            "roe": 2.65,
            "roe_4q": 8.190000000000001,
            "gross_profit": 100025,
            "gross_margin": 39.12,
            "gross_margin_4q_avg": 40.06,
            "net_income": 19793,
            "net_income_4q": null,
            "revenue": 255717,
            "revenue_4q": null,
            "common_shares": 517760,
            "book_valuer_per_share": 14.27,
            "book_valuer_per_share_4q_avg": 14.55,
            "equity": 731596,
            "current_ratio": 317.1,
            "debt_ratio": 27.63,
            "inventory_turnover_ratio": 0.72,
            "account_receivable_turnover_ratio": 1,
            "reinvestment_rate": null,
            "research_to_sale_ratio": 8.1,
            "price_fair": 40.08,
            "eps_avg_yearly": 1.15,
            "eps_latest_yearly": 1.56,
            "eps_growth_yearly": 507.05
        },
        "20163": {
            "year_quarter": 20163,
            "year": 2016,
            "quarter": 3,
            "eps": 0.06,
            "eps_growth_year": -72.73,
            "eps_4q": 1.03,
            "eps_4q_growth_year": -1.45,
            "roe": 0.41,
            "roe_4q": 7.0600000000000005,
            "gross_profit": 70915,
            "gross_margin": 38.35,
            "gross_margin_4q_avg": 40.35,
            "net_income": 2980,
            "net_income_4q": null,
            "revenue": 184921,
            "revenue_4q": null,
            "common_shares": 517760,
            "book_valuer_per_share": 14.17,
            "book_valuer_per_share_4q_avg": 14.52,
            "equity": 726034,
            "current_ratio": 427.06,
            "debt_ratio": 20.73,
            "inventory_turnover_ratio": 0.54,
            "account_receivable_turnover_ratio": 0.73,
            "reinvestment_rate": null,
            "research_to_sale_ratio": 7.96,
            "price_fair": 36.56,
            "eps_avg_yearly": 1.04,
            "eps_latest_yearly": 0.24,
            "eps_growth_yearly": 413.11
        },
        "20164": {
            "year_quarter": 20164,
            "year": 2016,
            "quarter": 4,
            "eps": 0.48,
            "eps_growth_year": -1.82,
            "eps_4q": 1.02,
            "eps_4q_growth_year": 11.9,
            "roe": 3.57,
            "roe_4q": 7.27,
            "gross_profit": 97276,
            "gross_margin": 41.93,
            "gross_margin_4q_avg": 38.44,
            "net_income": 28995,
            "net_income_4q": null,
            "revenue": 231987,
            "revenue_4q": null,
            "common_shares": 517760,
            "book_valuer_per_share": 14.42,
            "book_valuer_per_share_4q_avg": 14.44,
            "equity": 900238,
            "current_ratio": 208.17,
            "debt_ratio": 43.25,
            "inventory_turnover_ratio": 0.58,
            "account_receivable_turnover_ratio": 0.74,
            "reinvestment_rate": -100.52,
            "research_to_sale_ratio": 6.54,
            "price_fair": 39.62,
            "eps_avg_yearly": 1.13,
            "eps_latest_yearly": 1.92,
            "eps_growth_yearly": 651.79
        },
        "20171": {
            "year_quarter": 20171,
            "year": 2017,
            "quarter": 1,
            "eps": 0.04,
            "eps_growth_year": -60,
            "eps_4q": 0.96,
            "eps_4q_growth_year": 15.85,
            "roe": 0.64,
            "roe_4q": 7.27,
            "gross_profit": 110255,
            "gross_margin": 40.21,
            "gross_margin_4q_avg": 39.9,
            "net_income": 5706,
            "net_income_4q": null,
            "revenue": 274209,
            "revenue_4q": null,
            "common_shares": 517760,
            "book_valuer_per_share": 14.27,
            "book_valuer_per_share_4q_avg": 14.28,
            "equity": 895964,
            "current_ratio": 214.17,
            "debt_ratio": 41.58,
            "inventory_turnover_ratio": 0.64,
            "account_receivable_turnover_ratio": 0.74,
            "reinvestment_rate": 48.56,
            "research_to_sale_ratio": 5.33,
            "price_fair": 36.53,
            "eps_avg_yearly": 1.04,
            "eps_latest_yearly": 0.16,
            "eps_growth_yearly": 559.21
        },
        "20172": {
            "year_quarter": 20172,
            "year": 2017,
            "quarter": 2,
            "eps": 0.26,
            "eps_growth_year": -33.33,
            "eps_4q": 0.84,
            "eps_4q_growth_year": -29.3,
            "roe": 1.96,
            "roe_4q": 6.58,
            "gross_profit": 97702,
            "gross_margin": 36.29,
            "gross_margin_4q_avg": 39.2,
            "net_income": 17009,
            "net_income_4q": null,
            "revenue": 269255,
            "revenue_4q": null,
            "common_shares": 517760,
            "book_valuer_per_share": 13.64,
            "book_valuer_per_share_4q_avg": 14.13,
            "equity": 837849,
            "current_ratio": 197.66,
            "debt_ratio": 44.3,
            "inventory_turnover_ratio": 0.65,
            "account_receivable_turnover_ratio": 0.75,
            "reinvestment_rate": 35.68,
            "research_to_sale_ratio": 5.59,
            "price_fair": 36.52,
            "eps_avg_yearly": 1.04,
            "eps_latest_yearly": 1.04,
            "eps_growth_yearly": 695.94
        },
        "20173": {
            "year_quarter": 20173,
            "year": 2017,
            "quarter": 3,
            "eps": 0.99,
            "eps_growth_year": 1550,
            "eps_4q": 1.77,
            "eps_4q_growth_year": 72.32,
            "roe": 6.62,
            "roe_4q": 12.790000000000001,
            "gross_profit": 113886,
            "gross_margin": 35.49,
            "gross_margin_4q_avg": 38.48,
            "net_income": 56491,
            "net_income_4q": null,
            "revenue": 320912,
            "revenue_4q": null,
            "common_shares": 517760,
            "book_valuer_per_share": 14.18,
            "book_valuer_per_share_4q_avg": 14.13,
            "equity": 868436,
            "current_ratio": 204.18,
            "debt_ratio": 43.03,
            "inventory_turnover_ratio": 0.75,
            "account_receivable_turnover_ratio": 0.84,
            "reinvestment_rate": 32.18,
            "research_to_sale_ratio": 4.61,
            "price_fair": 44.37,
            "eps_avg_yearly": 1.27,
            "eps_latest_yearly": 3.96,
            "eps_growth_yearly": 728.8
        },
        "20174": {
            "year_quarter": 20174,
            "year": 2017,
            "quarter": 4,
            "eps": 0.21,
            "eps_growth_year": -56.45,
            "eps_4q": 1.5,
            "eps_4q_growth_year": 47.3,
            "roe": 1.72,
            "roe_4q": 10.940000000000001,
            "gross_profit": 126829,
            "gross_margin": 35.46,
            "gross_margin_4q_avg": 36.86,
            "net_income": 15056,
            "net_income_4q": null,
            "revenue": 357642,
            "revenue_4q": null,
            "common_shares": 517760,
            "book_valuer_per_share": 14.4,
            "book_valuer_per_share_4q_avg": 14.12,
            "equity": 884061,
            "current_ratio": 199.28,
            "debt_ratio": 44.2,
            "inventory_turnover_ratio": 0.82,
            "account_receivable_turnover_ratio": 0.84,
            "reinvestment_rate": 21.07,
            "research_to_sale_ratio": 4.5,
            "price_fair": 43.3,
            "eps_avg_yearly": 1.24,
            "eps_latest_yearly": 0.84,
            "eps_growth_yearly": 654.23
        },
        "20181": {
            "year_quarter": 20181,
            "year": 2018,
            "quarter": 1,
            "eps": 0.26,
            "eps_growth_year": 550,
            "eps_4q": 1.72,
            "eps_4q_growth_year": 78.71,
            "roe": 1.72,
            "roe_4q": 12.02,
            "gross_profit": 86328,
            "gross_margin": 37.31,
            "gross_margin_4q_avg": 36.14,
            "net_income": 15324,
            "net_income_4q": null,
            "revenue": 231381,
            "revenue_4q": null,
            "common_shares": 517760,
            "book_valuer_per_share": 14.65,
            "book_valuer_per_share_4q_avg": 14.22,
            "equity": 898680,
            "current_ratio": 199.61,
            "debt_ratio": 43.99,
            "inventory_turnover_ratio": 0.49,
            "account_receivable_turnover_ratio": 0.57,
            "reinvestment_rate": 22.73,
            "research_to_sale_ratio": 7.29,
            "price_fair": 42.84,
            "eps_avg_yearly": 1.22,
            "eps_latest_yearly": 1.04,
            "eps_growth_yearly": 616.96
        },
        "20182": {
            "year_quarter": 20182,
            "year": 2018,
            "quarter": 2,
            "eps": 0.2,
            "eps_growth_year": -23.08,
            "eps_4q": 1.66,
            "eps_4q_growth_year": 97.19,
            "roe": 1.87,
            "roe_4q": 11.93,
            "gross_profit": 108347,
            "gross_margin": 35.02,
            "gross_margin_4q_avg": 35.82,
            "net_income": 16208,
            "net_income_4q": null,
            "revenue": 309360,
            "revenue_4q": null,
            "common_shares": 517760,
            "book_valuer_per_share": 13.76,
            "book_valuer_per_share_4q_avg": 14.25,
            "equity": 834054,
            "current_ratio": 177.27,
            "debt_ratio": 49.02,
            "inventory_turnover_ratio": 0.64,
            "account_receivable_turnover_ratio": 0.86,
            "reinvestment_rate": 19,
            "research_to_sale_ratio": 4.88,
            "price_fair": 41.91,
            "eps_avg_yearly": 1.2,
            "eps_latest_yearly": 0.8,
            "eps_growth_yearly": 572.63
        },
        "20183": {
            "year_quarter": 20183,
            "year": 2018,
            "quarter": 3,
            "eps": 0.09,
            "eps_growth_year": -90.91,
            "eps_4q": 0.75,
            "eps_4q_growth_year": -57.63,
            "roe": 1.02,
            "roe_4q": 6.33,
            "gross_profit": 111480,
            "gross_margin": 36.89,
            "gross_margin_4q_avg": 36.17,
            "net_income": 8591,
            "net_income_4q": null,
            "revenue": 302160,
            "revenue_4q": null,
            "common_shares": 517760,
            "book_valuer_per_share": 13.88,
            "book_valuer_per_share_4q_avg": 14.17,
            "equity": 851316,
            "current_ratio": 194.28,
            "debt_ratio": 44.56,
            "inventory_turnover_ratio": 0.6,
            "account_receivable_turnover_ratio": 0.88,
            "reinvestment_rate": 18.64,
            "research_to_sale_ratio": 6.97,
            "price_fair": 41.13,
            "eps_avg_yearly": 1.18,
            "eps_latest_yearly": 0.36,
            "eps_growth_yearly": 579.79
        },
        "20184": {
            "year_quarter": 20184,
            "year": 2018,
            "quarter": 4,
            "eps": 0.16,
            "eps_growth_year": -24.39,
            "eps_4q": 0.7,
            "eps_4q_growth_year": -53.11,
            "roe": 1.62,
            "roe_4q": 6.2299999999999995,
            "gross_profit": 126751,
            "gross_margin": 39.29,
            "gross_margin_4q_avg": 37.13,
            "net_income": 13873,
            "net_income_4q": null,
            "revenue": 322620,
            "revenue_4q": null,
            "common_shares": 517760,
            "book_valuer_per_share": 14.07,
            "book_valuer_per_share_4q_avg": 14.09,
            "equity": 864350,
            "current_ratio": 204.3,
            "debt_ratio": 45.11,
            "inventory_turnover_ratio": 0.57,
            "account_receivable_turnover_ratio": 0.96,
            "reinvestment_rate": -14.19,
            "research_to_sale_ratio": 6.4,
            "price_fair": 36.4,
            "eps_avg_yearly": 1.04,
            "eps_latest_yearly": 0.64,
            "eps_growth_yearly": 527.01
        },
        "20191": {
            "year_quarter": 20191,
            "year": 2019,
            "quarter": 1,
            "eps": 0.12,
            "eps_growth_year": -53.85,
            "eps_4q": 0.58,
            "eps_4q_growth_year": -66.28,
            "roe": 1,
            "roe_4q": 5.51,
            "gross_profit": 88575,
            "gross_margin": 31.71,
            "gross_margin_4q_avg": 35.73,
            "net_income": 8683,
            "net_income_4q": null,
            "revenue": 279344,
            "revenue_4q": null,
            "common_shares": 510060,
            "book_valuer_per_share": 14.23,
            "book_valuer_per_share_4q_avg": 13.99,
            "equity": 866934,
            "current_ratio": 199.61,
            "debt_ratio": 45.82,
            "inventory_turnover_ratio": 0.54,
            "account_receivable_turnover_ratio": 0.8,
            "reinvestment_rate": -14.44,
            "research_to_sale_ratio": 6.53,
            "price_fair": 35.88,
            "eps_avg_yearly": 1.03,
            "eps_latest_yearly": 0.48,
            "eps_growth_yearly": 539.34
        },
        "20192": {
            "year_quarter": 20192,
            "year": 2019,
            "quarter": 2,
            "eps": 0.36,
            "eps_growth_year": 80,
            "eps_4q": 0.74,
            "eps_4q_growth_year": -55.45,
            "roe": 2.82,
            "roe_4q": 6.459999999999999,
            "gross_profit": 132827,
            "gross_margin": 41.7,
            "gross_margin_4q_avg": 37.4,
            "net_income": 23603,
            "net_income_4q": null,
            "revenue": 318556,
            "revenue_4q": null,
            "common_shares": 510060,
            "book_valuer_per_share": 13.85,
            "book_valuer_per_share_4q_avg": 14.01,
            "equity": 807436,
            "current_ratio": 186.01,
            "debt_ratio": 48.45,
            "inventory_turnover_ratio": 0.56,
            "account_receivable_turnover_ratio": 0.9,
            "reinvestment_rate": -11.7,
            "research_to_sale_ratio": 5.7,
            "price_fair": 38.76,
            "eps_avg_yearly": 1.11,
            "eps_latest_yearly": 1.44,
            "eps_growth_yearly": 610.17
        },
        "20193": {
            "year_quarter": 20193,
            "year": 2019,
            "quarter": 3,
            "eps": 0.43,
            "eps_growth_year": 377.78,
            "eps_4q": 1.08,
            "eps_4q_growth_year": 43.6,
            "roe": 3.59,
            "roe_4q": 9.030000000000001,
            "gross_profit": 120823,
            "gross_margin": 39.7,
            "gross_margin_4q_avg": 38.1,
            "net_income": 29458,
            "net_income_4q": null,
            "revenue": 304330,
            "revenue_4q": null,
            "common_shares": 510060,
            "book_valuer_per_share": 14.21,
            "book_valuer_per_share_4q_avg": 14.09,
            "equity": 833295,
            "current_ratio": 193.15,
            "debt_ratio": 46.7,
            "inventory_turnover_ratio": 0.61,
            "account_receivable_turnover_ratio": 0.85,
            "reinvestment_rate": -14.86,
            "research_to_sale_ratio": 5.21,
            "price_fair": 40.6,
            "eps_avg_yearly": 1.16,
            "eps_latest_yearly": 1.72,
            "eps_growth_yearly": 456.7
        },
        "20194": {
            "year_quarter": 20194,
            "year": 2019,
            "quarter": 4,
            "eps": 0.14,
            "eps_growth_year": -14.22,
            "eps_4q": 1.05,
            "eps_4q_growth_year": 49.69,
            "roe": 1.26,
            "roe_4q": 8.67,
            "gross_profit": 119167,
            "gross_margin": 42.85,
            "gross_margin_4q_avg": 38.99,
            "net_income": 10516,
            "net_income_4q": null,
            "revenue": 278124,
            "revenue_4q": null,
            "common_shares": 510060,
            "book_valuer_per_share": 14.29,
            "book_valuer_per_share_4q_avg": 14.15,
            "equity": 841015,
            "current_ratio": 190.22,
            "debt_ratio": 45.06,
            "inventory_turnover_ratio": 0.53,
            "account_receivable_turnover_ratio": 0.79,
            "reinvestment_rate": -16.22,
            "research_to_sale_ratio": 6.09,
            "price_fair": 37.54,
            "eps_avg_yearly": 1.07,
            "eps_latest_yearly": 0.56,
            "eps_growth_yearly": 409.16
        },
        "20201": {
            "year_quarter": 20201,
            "year": 2020,
            "quarter": 1,
            "eps": -0.08,
            "eps_growth_year": -166.67,
            "eps_4q": 0.85,
            "eps_4q_growth_year": 45.98,
            "roe": -0.12,
            "roe_4q": 7.550000000000001,
            "gross_profit": 84550,
            "gross_margin": 33.75,
            "gross_margin_4q_avg": 39.5,
            "net_income": -1037,
            "net_income_4q": null,
            "revenue": 250508,
            "revenue_4q": null,
            "common_shares": 510060,
            "book_valuer_per_share": 14.13,
            "book_valuer_per_share_4q_avg": 14.12,
            "equity": 835827,
            "current_ratio": 182.59,
            "debt_ratio": 46.67,
            "inventory_turnover_ratio": 0.52,
            "account_receivable_turnover_ratio": 0.71,
            "reinvestment_rate": -15.23,
            "research_to_sale_ratio": 6.4,
            "price_fair": 39.11,
            "eps_avg_yearly": 1.12,
            "eps_latest_yearly": 0.56,
            "eps_growth_yearly": 457.66
        },
        "20202": {
            "year_quarter": 20202,
            "year": 2020,
            "quarter": 2,
            "eps": 0.87,
            "eps_growth_year": 141.67,
            "eps_4q": 1.36,
            "eps_4q_growth_year": 83.75,
            "roe": 6.02,
            "roe_4q": 10.75,
            "gross_profit": 135367,
            "gross_margin": 42.75,
            "gross_margin_4q_avg": 39.76,
            "net_income": 50318,
            "net_income_4q": null,
            "revenue": 316628,
            "revenue_4q": null,
            "common_shares": 510060,
            "book_valuer_per_share": 14.28,
            "book_valuer_per_share_4q_avg": 14.23,
            "equity": 836210,
            "current_ratio": 176.39,
            "debt_ratio": 47.92,
            "inventory_turnover_ratio": 0.55,
            "account_receivable_turnover_ratio": 0.86,
            "reinvestment_rate": -14.56,
            "research_to_sale_ratio": 5.26,
            "price_fair": 38,
            "eps_avg_yearly": 1.09,
            "eps_latest_yearly": 0.56,
            "eps_growth_yearly": 407.49
        },
        "20203": {
            "year_quarter": 20203,
            "year": 2020,
            "quarter": 3,
            "eps": 0.25,
            "eps_growth_year": -41.86,
            "eps_4q": 1.18,
            "eps_4q_growth_year": 9.18,
            "roe": 1.98,
            "roe_4q": 9.14,
            "gross_profit": 112488,
            "gross_margin": 38.28,
            "gross_margin_4q_avg": 39.41,
            "net_income": 16692,
            "net_income_4q": null,
            "revenue": 293864,
            "revenue_4q": null,
            "common_shares": 510060,
            "book_valuer_per_share": 14.52,
            "book_valuer_per_share_4q_avg": 14.31,
            "equity": 847843,
            "current_ratio": 197.24,
            "debt_ratio": 45.14,
            "inventory_turnover_ratio": 0.55,
            "account_receivable_turnover_ratio": 0.75,
            "reinvestment_rate": -13.7,
            "research_to_sale_ratio": 5.94,
            "price_fair": 39.9,
            "eps_avg_yearly": 1.14,
            "eps_latest_yearly": 1,
            "eps_growth_yearly": 411.3
        },
        "20204": {
            "year_quarter": 20204,
            "year": 2020,
            "quarter": 4,
            "eps": 0.46,
            "eps_growth_year": 241.59,
            "eps_4q": 1.5,
            "eps_4q_growth_year": 42.69,
            "roe": 5.8,
            "roe_4q": 13.68,
            "gross_profit": 142098,
            "gross_margin": 42.1,
            "gross_margin_4q_avg": 39.22,
            "net_income": 50555,
            "net_income_4q": null,
            "revenue": 337502,
            "revenue_4q": null,
            "common_shares": 510060,
            "book_valuer_per_share": 15,
            "book_valuer_per_share_4q_avg": 14.48,
            "equity": 896416,
            "current_ratio": 197.69,
            "debt_ratio": 46.02,
            "inventory_turnover_ratio": 0.61,
            "account_receivable_turnover_ratio": 0.79,
            "reinvestment_rate": -33.71,
            "research_to_sale_ratio": 5.44,
            "price_fair": 39.7,
            "eps_avg_yearly": 1.13,
            "eps_latest_yearly": 1.84,
            "eps_growth_yearly": 235.3
        },
        "20211": {
            "year_quarter": 20211,
            "year": 2021,
            "quarter": 1,
            "eps": 0.33,
            "eps_growth_year": null,
            "eps_4q": 1.92,
            "eps_4q_growth_year": 126.81,
            "roe": 2.23,
            "roe_4q": 16.03,
            "gross_profit": 114593,
            "gross_margin": 42.34,
            "gross_margin_4q_avg": 41.37,
            "net_income": 20215,
            "net_income_4q": null,
            "revenue": 270660,
            "revenue_4q": null,
            "common_shares": 510060,
            "book_valuer_per_share": 15.33,
            "book_valuer_per_share_4q_avg": 14.78,
            "equity": 916990,
            "current_ratio": 194.16,
            "debt_ratio": 46.79,
            "inventory_turnover_ratio": 0.44,
            "account_receivable_turnover_ratio": 0.64,
            "reinvestment_rate": -30.33,
            "research_to_sale_ratio": 7.2,
            "price_fair": 42.6,
            "eps_avg_yearly": 1.22,
            "eps_latest_yearly": 1.32,
            "eps_growth_yearly": 253.42
        },
        "20212": {
            "year_quarter": 20212,
            "year": 2021,
            "quarter": 2,
            "eps": 0.66,
            "eps_growth_year": -24.14,
            "eps_4q": 1.7,
            "eps_4q_growth_year": 25.57,
            "roe": 4.21,
            "roe_4q": 14.219999999999999,
            "gross_profit": 122324,
            "gross_margin": 38.71,
            "gross_margin_4q_avg": 40.36,
            "net_income": 37562,
            "net_income_4q": null,
            "revenue": 316002,
            "revenue_4q": null,
            "common_shares": 510060,
            "book_valuer_per_share": 15.03,
            "book_valuer_per_share_4q_avg": 14.97,
            "equity": 869140,
            "current_ratio": 178.23,
            "debt_ratio": 50.58,
            "inventory_turnover_ratio": 0.47,
            "account_receivable_turnover_ratio": 0.84,
            "reinvestment_rate": -29.11,
            "research_to_sale_ratio": 5.77,
            "price_fair": 46.6,
            "eps_avg_yearly": 1.33,
            "eps_latest_yearly": 2.64,
            "eps_growth_yearly": 124.85
        },
        "20213": {
            "year_quarter": 20213,
            "year": 2021,
            "quarter": 3,
            "eps": 0.72,
            "eps_growth_year": 188,
            "eps_4q": 2.17,
            "eps_4q_growth_year": 84.53,
            "roe": 4.93,
            "roe_4q": 17.17,
            "gross_profit": 156717,
            "gross_margin": 43.14,
            "gross_margin_4q_avg": 41.57,
            "net_income": 43935,
            "net_income_4q": null,
            "revenue": 363270,
            "revenue_4q": null,
            "common_shares": 510060,
            "book_valuer_per_share": 15.75,
            "book_valuer_per_share_4q_avg": 15.28,
            "equity": 913899,
            "current_ratio": 179.85,
            "debt_ratio": 50.35,
            "inventory_turnover_ratio": 0.45,
            "account_receivable_turnover_ratio": 0.99,
            "reinvestment_rate": -27.06,
            "research_to_sale_ratio": 7.2,
            "price_fair": 43.9,
            "eps_avg_yearly": 1.25,
            "eps_latest_yearly": 2.88,
            "eps_growth_yearly": 47.23
        },
        "20214": {
            "year_quarter": 20214,
            "year": 2021,
            "quarter": 4,
            "eps": 0.4,
            "eps_growth_year": -12.69,
            "eps_4q": 2.11,
            "eps_4q_growth_year": 40.53,
            "roe": 2.79,
            "roe_4q": 14.16,
            "gross_profit": 130041,
            "gross_margin": 36.34,
            "gross_margin_4q_avg": 40.13,
            "net_income": 25839,
            "net_income_4q": null,
            "revenue": 357852,
            "revenue_4q": null,
            "common_shares": 510060,
            "book_valuer_per_share": 16.1,
            "book_valuer_per_share_4q_avg": 15.55,
            "equity": 937420,
            "current_ratio": 179.78,
            "debt_ratio": 50.57,
            "inventory_turnover_ratio": 0.45,
            "account_receivable_turnover_ratio": 0.95,
            "reinvestment_rate": -22.19,
            "research_to_sale_ratio": 5.88,
            "price_fair": 45.8,
            "eps_avg_yearly": 1.31,
            "eps_latest_yearly": 1.6,
            "eps_growth_yearly": 57.04
        },
        "20221": {
            "year_quarter": 20221,
            "year": 2022,
            "quarter": 1,
            "eps": 0.31,
            "eps_growth_year": -6.06,
            "eps_4q": 2.09,
            "eps_4q_growth_year": 9.08,
            "roe": 2.4,
            "roe_4q": 14.329999999999998,
            "gross_profit": 143283,
            "gross_margin": 40.56,
            "gross_margin_4q_avg": 39.69,
            "net_income": 22811,
            "net_income_4q": null,
            "revenue": 353219,
            "revenue_4q": null,
            "common_shares": 510060,
            "book_valuer_per_share": 16.55,
            "book_valuer_per_share_4q_avg": 15.86,
            "equity": 967143,
            "current_ratio": 179.5,
            "debt_ratio": 50.61,
            "inventory_turnover_ratio": 0.39,
            "account_receivable_turnover_ratio": 0.87,
            "reinvestment_rate": -18.07,
            "research_to_sale_ratio": 7.23,
            "price_fair": 46.3,
            "eps_avg_yearly": 1.32,
            "eps_latest_yearly": 1.24,
            "eps_growth_yearly": 43.81
        },
        "20222": {
            "year_quarter": 20222,
            "year": 2022,
            "quarter": 2,
            "eps": 0,
            "eps_growth_year": -100,
            "eps_4q": 1.44,
            "eps_4q_growth_year": -15.61,
            "roe": 0.74,
            "roe_4q": 10.86,
            "gross_profit": 135882,
            "gross_margin": 37.72,
            "gross_margin_4q_avg": 39.44,
            "net_income": 6943,
            "net_income_4q": null,
            "revenue": 360250,
            "revenue_4q": null,
            "common_shares": 510060,
            "book_valuer_per_share": 15.56,
            "book_valuer_per_share_4q_avg": 15.99,
            "equity": 905167,
            "current_ratio": 172.13,
            "debt_ratio": 52.7,
            "inventory_turnover_ratio": 0.41,
            "account_receivable_turnover_ratio": 0.81,
            "reinvestment_rate": -18.07,
            "research_to_sale_ratio": 6.44,
            "price_fair": 47.71,
            "eps_avg_yearly": 1.36,
            "eps_latest_yearly": 1.24,
            "eps_growth_yearly": 54.28
        },
        "20223": {
            "year_quarter": 20223,
            "year": 2022,
            "quarter": 3,
            "eps": 0.6,
            "eps_growth_year": -16.67,
            "eps_4q": 1.33,
            "eps_4q_growth_year": -38.9,
            "roe": 4.2,
            "roe_4q": 10.129999999999999,
            "gross_profit": 139891,
            "gross_margin": 37.79,
            "gross_margin_4q_avg": 38.1,
            "net_income": 38968,
            "net_income_4q": null,
            "revenue": 370174,
            "revenue_4q": null,
            "common_shares": 510060,
            "book_valuer_per_share": 16.29,
            "book_valuer_per_share_4q_avg": 16.13,
            "equity": 950438,
            "current_ratio": 159.68,
            "debt_ratio": 54.19,
            "inventory_turnover_ratio": 0.39,
            "account_receivable_turnover_ratio": 0.92,
            "reinvestment_rate": -16.61,
            "research_to_sale_ratio": 5.71,
            "price_fair": 50.63,
            "eps_avg_yearly": 1.45,
            "eps_latest_yearly": 1.24,
            "eps_growth_yearly": 77.13
        },
        "20224": {
            "year_quarter": 20224,
            "year": 2022,
            "quarter": 4,
            "eps": 0.33,
            "eps_growth_year": -16.9,
            "eps_4q": 1.26,
            "eps_4q_growth_year": -40.43,
            "roe": 2.24,
            "roe_4q": 9.58,
            "gross_profit": 147512,
            "gross_margin": 34.63,
            "gross_margin_4q_avg": 37.68,
            "net_income": 21559,
            "net_income_4q": null,
            "revenue": 425950,
            "revenue_4q": null,
            "common_shares": 510060,
            "book_valuer_per_share": 16.73,
            "book_valuer_per_share_4q_avg": 16.28,
            "equity": 977446,
            "current_ratio": 164.04,
            "debt_ratio": 52.84,
            "inventory_turnover_ratio": 0.45,
            "account_receivable_turnover_ratio": 1.26,
            "reinvestment_rate": 6.1,
            "research_to_sale_ratio": 5.52,
            "price_fair": 52.62,
            "eps_avg_yearly": 1.5,
            "eps_latest_yearly": 1.32,
            "eps_growth_yearly": 36.21
        },
        "20231": {
            "year_quarter": 20231,
            "year": 2023,
            "quarter": 1,
            "eps": 0.28,
            "eps_growth_year": -9.68,
            "eps_4q": 1.23,
            "eps_4q_growth_year": -41.43,
            "roe": 2.62,
            "roe_4q": 9.8,
            "gross_profit": 128342,
            "gross_margin": 33.34,
            "gross_margin_4q_avg": 35.87,
            "net_income": 25979,
            "net_income_4q": null,
            "revenue": 384926,
            "revenue_4q": null,
            "common_shares": 510060,
            "book_valuer_per_share": 17.02,
            "book_valuer_per_share_4q_avg": 16.4,
            "equity": 1003830,
            "current_ratio": 165.98,
            "debt_ratio": 52.26,
            "inventory_turnover_ratio": 0.42,
            "account_receivable_turnover_ratio": 1.21,
            "reinvestment_rate": 5.84,
            "research_to_sale_ratio": 5.86,
            "price_fair": 54.48,
            "eps_avg_yearly": 1.56,
            "eps_latest_yearly": 1.12,
            "eps_growth_yearly": 39.49
        },
        "20232": {
            "year_quarter": 20232,
            "year": 2023,
            "quarter": 2,
            "eps": 0.02,
            "eps_growth_year": null,
            "eps_4q": 1.24,
            "eps_4q_growth_year": -13.35,
            "roe": 0.75,
            "roe_4q": 9.81,
            "gross_profit": 87522,
            "gross_margin": 25.64,
            "gross_margin_4q_avg": 32.85,
            "net_income": 7357,
            "net_income_4q": null,
            "revenue": 341350,
            "revenue_4q": null,
            "common_shares": 510060,
            "book_valuer_per_share": 16.19,
            "book_valuer_per_share_4q_avg": 16.56,
            "equity": 947207,
            "current_ratio": 167.63,
            "debt_ratio": 51.28,
            "inventory_turnover_ratio": 0.41,
            "account_receivable_turnover_ratio": 1.14,
            "reinvestment_rate": 5.67,
            "research_to_sale_ratio": 5.44,
            "price_fair": 4.33,
            "eps_avg_yearly": 1.44,
            "eps_latest_yearly": 0.08,
            "eps_growth_yearly": -58.13
        },
        "20233": {
            "year_quarter": 20233,
            "year": 2023,
            "quarter": 3,
            "eps": 0.22,
            "eps_growth_year": -63.33,
            "eps_4q": 0.86,
            "eps_4q_growth_year": -35.34,
            "roe": 2.24,
            "roe_4q": 7.8500000000000005,
            "gross_profit": 123190,
            "gross_margin": 33.08,
            "gross_margin_4q_avg": 31.67,
            "net_income": 21518,
            "net_income_4q": null,
            "revenue": 372447,
            "revenue_4q": null,
            "common_shares": 510060,
            "book_valuer_per_share": 16.54,
            "book_valuer_per_share_4q_avg": 16.62,
            "equity": 975704,
            "current_ratio": 169.63,
            "debt_ratio": 51.27,
            "inventory_turnover_ratio": 0.4,
            "account_receivable_turnover_ratio": 1.35,
            "reinvestment_rate": 6.32,
            "research_to_sale_ratio": 5.25,
            "price_fair": 48.07,
            "eps_avg_yearly": 1.37,
            "eps_latest_yearly": 0.88,
            "eps_growth_yearly": 268.72
        },
        "20234": {
            "year_quarter": 20234,
            "year": 2023,
            "quarter": 4,
            "eps": 0.02,
            "eps_growth_year": -92.58,
            "eps_4q": 0.55,
            "eps_4q_growth_year": -56.5,
            "roe": 0.55,
            "roe_4q": 6.16,
            "gross_profit": 95566,
            "gross_margin": 26.4,
            "gross_margin_4q_avg": 29.62,
            "net_income": 5380,
            "net_income_4q": null,
            "revenue": 362028,
            "revenue_4q": null,
            "common_shares": 510060,
            "book_valuer_per_share": 16.51,
            "book_valuer_per_share_4q_avg": 16.57,
            "equity": 977989,
            "current_ratio": 172.06,
            "debt_ratio": 50.18,
            "inventory_turnover_ratio": 0.46,
            "account_receivable_turnover_ratio": 1.52,
            "reinvestment_rate": 6.47,
            "research_to_sale_ratio": 6.33,
            "price_fair": 46.67,
            "eps_avg_yearly": 1.33,
            "eps_latest_yearly": 0.08,
            "eps_growth_yearly": 260.9
        }
    },
    "months": {
        "2007-10": {
            "month": "2007-10",
            "price": "28.61",
            "revenue": 46806
        },
        "2007-11": {
            "month": "2007-11",
            "price": "22.69",
            "revenue": 25353
        },
        "2007-12": {
            "month": "2007-12",
            "price": "20.70",
            "revenue": 46843
        },
        "2008-01": {
            "month": "2008-01",
            "price": "17.21",
            "revenue": 46828
        },
        "2008-02": {
            "month": "2008-02",
            "price": "16.22",
            "revenue": 36425
        },
        "2008-03": {
            "month": "2008-03",
            "price": "17.59",
            "revenue": 37078
        },
        "2008-04": {
            "month": "2008-04",
            "price": "17.36",
            "revenue": 45956
        },
        "2008-05": {
            "month": "2008-05",
            "price": "16.74",
            "revenue": 31628
        },
        "2008-06": {
            "month": "2008-06",
            "price": "15.49",
            "revenue": 23066
        },
        "2008-07": {
            "month": "2008-07",
            "price": "11.87",
            "revenue": 31248
        },
        "2008-08": {
            "month": "2008-08",
            "price": "8.83",
            "revenue": 35978
        },
        "2008-09": {
            "month": "2008-09",
            "price": "7.06",
            "revenue": 16260
        },
        "2008-10": {
            "month": "2008-10",
            "price": "5.73",
            "revenue": 18910
        },
        "2008-11": {
            "month": "2008-11",
            "price": "3.81",
            "revenue": 12323
        },
        "2008-12": {
            "month": "2008-12",
            "price": "3.26",
            "revenue": 6553
        },
        "2009-01": {
            "month": "2009-01",
            "price": "3.14",
            "revenue": 29409
        },
        "2009-02": {
            "month": "2009-02",
            "price": "2.85",
            "revenue": 11780
        },
        "2009-03": {
            "month": "2009-03",
            "price": "3.09",
            "revenue": 44159
        },
        "2009-04": {
            "month": "2009-04",
            "price": "3.66",
            "revenue": 25564
        },
        "2009-05": {
            "month": "2009-05",
            "price": "4.07",
            "revenue": 31165
        },
        "2009-06": {
            "month": "2009-06",
            "price": "3.43",
            "revenue": 44272
        },
        "2009-07": {
            "month": "2009-07",
            "price": "3.15",
            "revenue": 27630
        },
        "2009-08": {
            "month": "2009-08",
            "price": "3.43",
            "revenue": 38841
        },
        "2009-09": {
            "month": "2009-09",
            "price": "5.93",
            "revenue": 31901
        },
        "2009-10": {
            "month": "2009-10",
            "price": "7.19",
            "revenue": 25114
        },
        "2009-11": {
            "month": "2009-11",
            "price": "5.80",
            "revenue": 50377
        },
        "2009-12": {
            "month": "2009-12",
            "price": "5.57",
            "revenue": 36577
        },
        "2010-01": {
            "month": "2010-01",
            "price": "6.23",
            "revenue": 36802
        },
        "2010-02": {
            "month": "2010-02",
            "price": "5.65",
            "revenue": 35463
        },
        "2010-03": {
            "month": "2010-03",
            "price": "7.11",
            "revenue": 52925
        },
        "2010-04": {
            "month": "2010-04",
            "price": "9.10",
            "revenue": 51187
        },
        "2010-05": {
            "month": "2010-05",
            "price": "7.66",
            "revenue": 57825
        },
        "2010-06": {
            "month": "2010-06",
            "price": "7.34",
            "revenue": 74653
        },
        "2010-07": {
            "month": "2010-07",
            "price": "6.98",
            "revenue": 38826
        },
        "2010-08": {
            "month": "2010-08",
            "price": "7.06",
            "revenue": 76528
        },
        "2010-09": {
            "month": "2010-09",
            "price": "6.90",
            "revenue": 46405
        },
        "2010-10": {
            "month": "2010-10",
            "price": "6.59",
            "revenue": 45946
        },
        "2010-11": {
            "month": "2010-11",
            "price": "5.93",
            "revenue": 44386
        },
        "2010-12": {
            "month": "2010-12",
            "price": "5.27",
            "revenue": 72595
        },
        "2011-01": {
            "month": "2011-01",
            "price": "5.10",
            "revenue": 29571
        },
        "2011-02": {
            "month": "2011-02",
            "price": "5.53",
            "revenue": 35985
        },
        "2011-03": {
            "month": "2011-03",
            "price": "7.04",
            "revenue": 124075
        },
        "2011-04": {
            "month": "2011-04",
            "price": "7.13",
            "revenue": 30210
        },
        "2011-05": {
            "month": "2011-05",
            "price": "5.62",
            "revenue": 64002
        },
        "2011-06": {
            "month": "2011-06",
            "price": "5.07",
            "revenue": 83368
        },
        "2011-07": {
            "month": "2011-07",
            "price": "5.85",
            "revenue": 28179
        },
        "2011-08": {
            "month": "2011-08",
            "price": "5.30",
            "revenue": 84231
        },
        "2011-09": {
            "month": "2011-09",
            "price": "5.34",
            "revenue": 55443
        },
        "2011-10": {
            "month": "2011-10",
            "price": "5.27",
            "revenue": 51795
        },
        "2011-11": {
            "month": "2011-11",
            "price": "5.23",
            "revenue": 42987
        },
        "2011-12": {
            "month": "2011-12",
            "price": "5.06",
            "revenue": 63868
        },
        "2012-01": {
            "month": "2012-01",
            "price": "5.06",
            "revenue": 37297
        },
        "2012-02": {
            "month": "2012-02",
            "price": "5.55",
            "revenue": 56399
        },
        "2012-03": {
            "month": "2012-03",
            "price": "5.01",
            "revenue": 82196
        },
        "2012-04": {
            "month": "2012-04",
            "price": "6.10",
            "revenue": 103955
        },
        "2012-05": {
            "month": "2012-05",
            "price": "7.09",
            "revenue": 67335
        },
        "2012-06": {
            "month": "2012-06",
            "price": "7.33",
            "revenue": 77688
        },
        "2012-07": {
            "month": "2012-07",
            "price": "8.56",
            "revenue": 44479
        },
        "2012-08": {
            "month": "2012-08",
            "price": "9.55",
            "revenue": 53378
        },
        "2012-09": {
            "month": "2012-09",
            "price": "10.04",
            "revenue": 48888
        },
        "2012-10": {
            "month": "2012-10",
            "price": "9.24",
            "revenue": 160711
        },
        "2012-11": {
            "month": "2012-11",
            "price": "9.01",
            "revenue": 121038
        },
        "2012-12": {
            "month": "2012-12",
            "price": "9.17",
            "revenue": 147289
        },
        "2013-01": {
            "month": "2013-01",
            "price": "11.21",
            "revenue": 119844
        },
        "2013-02": {
            "month": "2013-02",
            "price": "13.60",
            "revenue": 110850
        },
        "2013-03": {
            "month": "2013-03",
            "price": "18.27",
            "revenue": 131237
        },
        "2013-04": {
            "month": "2013-04",
            "price": "18.13",
            "revenue": 113918
        },
        "2013-05": {
            "month": "2013-05",
            "price": "17.38",
            "revenue": 99014
        },
        "2013-06": {
            "month": "2013-06",
            "price": "18.29",
            "revenue": 64872
        },
        "2013-07": {
            "month": "2013-07",
            "price": "19.86",
            "revenue": 82201
        },
        "2013-08": {
            "month": "2013-08",
            "price": "20.63",
            "revenue": 100465
        },
        "2013-09": {
            "month": "2013-09",
            "price": "20.71",
            "revenue": 63154
        },
        "2013-10": {
            "month": "2013-10",
            "price": "22.62",
            "revenue": 82923
        },
        "2013-11": {
            "month": "2013-11",
            "price": "24.64",
            "revenue": 64541
        },
        "2013-12": {
            "month": "2013-12",
            "price": "23.89",
            "revenue": 66522
        },
        "2014-01": {
            "month": "2014-01",
            "price": "22.04",
            "revenue": 100953
        },
        "2014-02": {
            "month": "2014-02",
            "price": "25.79",
            "revenue": 33861
        },
        "2014-03": {
            "month": "2014-03",
            "price": "27.27",
            "revenue": 51825
        },
        "2014-04": {
            "month": "2014-04",
            "price": "29.06",
            "revenue": 60647
        },
        "2014-05": {
            "month": "2014-05",
            "price": "28.32",
            "revenue": 99896
        },
        "2014-06": {
            "month": "2014-06",
            "price": "29.93",
            "revenue": 67776
        },
        "2014-07": {
            "month": "2014-07",
            "price": "34.02",
            "revenue": 68550
        },
        "2014-08": {
            "month": "2014-08",
            "price": "31.07",
            "revenue": 86955
        },
        "2014-09": {
            "month": "2014-09",
            "price": "30.66",
            "revenue": 69871
        },
        "2014-10": {
            "month": "2014-10",
            "price": "29.98",
            "revenue": 70334
        },
        "2014-11": {
            "month": "2014-11",
            "price": "28.11",
            "revenue": 88293
        },
        "2014-12": {
            "month": "2014-12",
            "price": "27.96",
            "revenue": 81392
        },
        "2015-01": {
            "month": "2015-01",
            "price": "23.87",
            "revenue": 75240
        },
        "2015-02": {
            "month": "2015-02",
            "price": "21.75",
            "revenue": 43491
        },
        "2015-03": {
            "month": "2015-03",
            "price": "21.29",
            "revenue": 92930
        },
        "2015-04": {
            "month": "2015-04",
            "price": "25.13",
            "revenue": 80464
        },
        "2015-05": {
            "month": "2015-05",
            "price": "22.37",
            "revenue": 99960
        },
        "2015-06": {
            "month": "2015-06",
            "price": "19.62",
            "revenue": 70688
        },
        "2015-07": {
            "month": "2015-07",
            "price": "17.48",
            "revenue": 71711
        },
        "2015-08": {
            "month": "2015-08",
            "price": "14.25",
            "revenue": 48925
        },
        "2015-09": {
            "month": "2015-09",
            "price": "14.11",
            "revenue": 54168
        },
        "2015-10": {
            "month": "2015-10",
            "price": "14.95",
            "revenue": 66520
        },
        "2015-11": {
            "month": "2015-11",
            "price": "14.77",
            "revenue": 62850
        },
        "2015-12": {
            "month": "2015-12",
            "price": "13.38",
            "revenue": 59028
        },
        "2016-01": {
            "month": "2016-01",
            "price": "12.91",
            "revenue": 94721
        },
        "2016-02": {
            "month": "2016-02",
            "price": "13.65",
            "revenue": 47337
        },
        "2016-03": {
            "month": "2016-03",
            "price": "16.05",
            "revenue": 70873
        },
        "2016-04": {
            "month": "2016-04",
            "price": "18.91",
            "revenue": 63812
        },
        "2016-05": {
            "month": "2016-05",
            "price": "16.77",
            "revenue": 73636
        },
        "2016-06": {
            "month": "2016-06",
            "price": "16.21",
            "revenue": 118267
        },
        "2016-07": {
            "month": "2016-07",
            "price": "16.84",
            "revenue": 61717
        },
        "2016-08": {
            "month": "2016-08",
            "price": "18.13",
            "revenue": 60057
        },
        "2016-09": {
            "month": "2016-09",
            "price": "17.25",
            "revenue": 63140
        },
        "2016-10": {
            "month": "2016-10",
            "price": "17.00",
            "revenue": 50391
        },
        "2016-11": {
            "month": "2016-11",
            "price": "15.56",
            "revenue": 71943
        },
        "2016-12": {
            "month": "2016-12",
            "price": "15.98",
            "revenue": 111761
        },
        "2017-01": {
            "month": "2017-01",
            "price": "16.68",
            "revenue": 81577
        },
        "2017-02": {
            "month": "2017-02",
            "price": "16.44",
            "revenue": 82554
        },
        "2017-03": {
            "month": "2017-03",
            "price": "17.72",
            "revenue": 110460
        },
        "2017-04": {
            "month": "2017-04",
            "price": "22.53",
            "revenue": 80305
        },
        "2017-05": {
            "month": "2017-05",
            "price": "23.28",
            "revenue": 97227
        },
        "2017-06": {
            "month": "2017-06",
            "price": "23.37",
            "revenue": 91778
        },
        "2017-07": {
            "month": "2017-07",
            "price": "21.38",
            "revenue": 110676
        },
        "2017-08": {
            "month": "2017-08",
            "price": "19.79",
            "revenue": 91462
        },
        "2017-09": {
            "month": "2017-09",
            "price": "20.02",
            "revenue": 117896
        },
        "2017-10": {
            "month": "2017-10",
            "price": "19.89",
            "revenue": 109481
        },
        "2017-11": {
            "month": "2017-11",
            "price": "23.95",
            "revenue": 111247
        },
        "2017-12": {
            "month": "2017-12",
            "price": "23.02",
            "revenue": 136118
        },
        "2018-01": {
            "month": "2018-01",
            "price": "24.51",
            "revenue": 89575
        },
        "2018-02": {
            "month": "2018-02",
            "price": "22.16",
            "revenue": 52530
        },
        "2018-03": {
            "month": "2018-03",
            "price": "20.92",
            "revenue": 89774
        },
        "2018-04": {
            "month": "2018-04",
            "price": "20.67",
            "revenue": 85087
        },
        "2018-05": {
            "month": "2018-05",
            "price": "21.33",
            "revenue": 95487
        },
        "2018-06": {
            "month": "2018-06",
            "price": "23.80",
            "revenue": 128467
        },
        "2018-07": {
            "month": "2018-07",
            "price": "23.04",
            "revenue": 112693
        },
        "2018-08": {
            "month": "2018-08",
            "price": "21.29",
            "revenue": 86115
        },
        "2018-09": {
            "month": "2018-09",
            "price": "18.51",
            "revenue": 103929
        },
        "2018-10": {
            "month": "2018-10",
            "price": "14.71",
            "revenue": 93351
        },
        "2018-11": {
            "month": "2018-11",
            "price": "14.04",
            "revenue": 124248
        },
        "2018-12": {
            "month": "2018-12",
            "price": "14.74",
            "revenue": 104705
        },
        "2019-01": {
            "month": "2019-01",
            "price": "14.84",
            "revenue": 103426
        },
        "2019-02": {
            "month": "2019-02",
            "price": "15.32",
            "revenue": 80197
        },
        "2019-03": {
            "month": "2019-03",
            "price": "16.46",
            "revenue": 95717
        },
        "2019-04": {
            "month": "2019-04",
            "price": "15.46",
            "revenue": 94614
        },
        "2019-05": {
            "month": "2019-05",
            "price": "14.64",
            "revenue": 97404
        },
        "2019-06": {
            "month": "2019-06",
            "price": "14.47",
            "revenue": 126549
        },
        "2019-07": {
            "month": "2019-07",
            "price": "14.90",
            "revenue": 94606
        },
        "2019-08": {
            "month": "2019-08",
            "price": "14.78",
            "revenue": 101070
        },
        "2019-09": {
            "month": "2019-09",
            "price": "16.00",
            "revenue": 108558
        },
        "2019-10": {
            "month": "2019-10",
            "price": "17.54",
            "revenue": 90291
        },
        "2019-11": {
            "month": "2019-11",
            "price": "17.06",
            "revenue": 87866
        },
        "2019-12": {
            "month": "2019-12",
            "price": "17.72",
            "revenue": 98202
        },
        "2020-01": {
            "month": "2020-01",
            "price": "16.96",
            "revenue": 73855
        },
        "2020-02": {
            "month": "2020-02",
            "price": "16.13",
            "revenue": 64594
        },
        "2020-03": {
            "month": "2020-03",
            "price": "13.90",
            "revenue": 112052
        },
        "2020-04": {
            "month": "2020-04",
            "price": "13.80",
            "revenue": 99214
        },
        "2020-05": {
            "month": "2020-05",
            "price": "14.59",
            "revenue": 120999
        },
        "2020-06": {
            "month": "2020-06",
            "price": "14.84",
            "revenue": 96448
        },
        "2020-07": {
            "month": "2020-07",
            "price": "15.40",
            "revenue": 114849
        },
        "2020-08": {
            "month": "2020-08",
            "price": "18.61",
            "revenue": 93279
        },
        "2020-09": {
            "month": "2020-09",
            "price": "21.11",
            "revenue": 85742
        },
        "2020-10": {
            "month": "2020-10",
            "price": "19.83",
            "revenue": 89443
        },
        "2020-11": {
            "month": "2020-11",
            "price": "18.88",
            "revenue": 123042
        },
        "2020-12": {
            "month": "2020-12",
            "price": "21.87",
            "revenue": 125071
        },
        "2021-01": {
            "month": "2021-01",
            "price": "23.34",
            "revenue": 89758
        },
        "2021-02": {
            "month": "2021-02",
            "price": "23.22",
            "revenue": 88070
        },
        "2021-03": {
            "month": "2021-03",
            "price": "25.70",
            "revenue": 92829
        },
        "2021-04": {
            "month": "2021-04",
            "price": "30.79",
            "revenue": 123732
        },
        "2021-05": {
            "month": "2021-05",
            "price": "25.33",
            "revenue": 86697
        },
        "2021-06": {
            "month": "2021-06",
            "price": "23.90",
            "revenue": 105574
        },
        "2021-07": {
            "month": "2021-07",
            "price": "25.58",
            "revenue": 94490
        },
        "2021-08": {
            "month": "2021-08",
            "price": "25.72",
            "revenue": 132163
        },
        "2021-09": {
            "month": "2021-09",
            "price": "25.73",
            "revenue": 136653
        },
        "2021-10": {
            "month": "2021-10",
            "price": "24.58",
            "revenue": 118639
        },
        "2021-11": {
            "month": "2021-11",
            "price": "27.63",
            "revenue": 110196
        },
        "2021-12": {
            "month": "2021-12",
            "price": "27.90",
            "revenue": 134431
        },
        "2022-01": {
            "month": "2022-01",
            "price": "27.20",
            "revenue": 119421
        },
        "2022-02": {
            "month": "2022-02",
            "price": "26.52",
            "revenue": 111878
        },
        "2022-03": {
            "month": "2022-03",
            "price": "25.89",
            "revenue": 121940
        },
        "2022-04": {
            "month": "2022-04",
            "price": "25.11",
            "revenue": 121953
        },
        "2022-05": {
            "month": "2022-05",
            "price": "23.72",
            "revenue": 116655
        },
        "2022-06": {
            "month": "2022-06",
            "price": "22.97",
            "revenue": 121645
        },
        "2022-07": {
            "month": "2022-07",
            "price": "20.87",
            "revenue": 117555
        },
        "2022-08": {
            "month": "2022-08",
            "price": "21.90",
            "revenue": 117073
        },
        "2022-09": {
            "month": "2022-09",
            "price": "22.05",
            "revenue": 135556
        },
        "2022-10": {
            "month": "2022-10",
            "price": "19.44",
            "revenue": 138856
        },
        "2022-11": {
            "month": "2022-11",
            "price": "20.23",
            "revenue": 170098
        },
        "2022-12": {
            "month": "2022-12",
            "price": "22.28",
            "revenue": 117001
        },
        "2023-01": {
            "month": "2023-01",
            "price": "21.49",
            "revenue": 131161
        },
        "2023-02": {
            "month": "2023-02",
            "price": "22.65",
            "revenue": 118585
        },
        "2023-03": {
            "month": "2023-03",
            "price": "22.56",
            "revenue": 135187
        },
        "2023-04": {
            "month": "2023-04",
            "price": "22.61",
            "revenue": 100957
        },
        "2023-05": {
            "month": "2023-05",
            "price": "23.04",
            "revenue": 91449
        },
        "2023-06": {
            "month": "2023-06",
            "price": "23.66",
            "revenue": 148937
        },
        "2023-07": {
            "month": "2023-07",
            "price": "25.37",
            "revenue": 126195
        },
        "2023-08": {
            "month": "2023-08",
            "price": "31.69",
            "revenue": 121879
        },
        "2023-09": {
            "month": "2023-09",
            "price": "27.86",
            "revenue": 124468
        },
        "2023-10": {
            "month": "2023-10",
            "price": "25.96",
            "revenue": 115180
        },
        "2023-11": {
            "month": "2023-11",
            "price": "25.77",
            "revenue": 122523
        },
        "2023-12": {
            "month": "2023-12",
            "price": "25.69",
            "revenue": 124254
        }
    }
}
