{
    "summary": {
        "stock_name": "辛耘",
        "stock_id": "3583",
        "category": "半導體",
        "main_business": "半導體/LED/Solar/LCD等製程機台設備代理、研發與製造<br>晶圓再生技術研發與服務<br>化學分析儀器代理技術、研發與製造",
        "website_url": "http://www.scientech.com.tw",
        "ceo": "許明棋",
        "pe_ratio": 34,
        "report_year_from": 2007,
        "report_year_to": 2023,
        "age": 17,
        "eps_negative_percentage": 0,
        "eps_growth_avg": {
            "last_all": 15.69,
            "last_2y": 29.08,
            "last_4y": 11.9,
            "last_8y": 14.92,
            "last_12y": null,
            "last_16y": null,
            "last_20y": null,
            "at_2006_last_3y": null,
            "at_2007_last_3y": null,
            "at_2008_last_3y": null,
            "at_2009_last_3y": null,
            "at_2010_last_3y": null,
            "at_2011_last_3y": null,
            "at_2012_last_3y": null,
            "at_2013_last_3y": null,
            "at_2014_last_3y": null,
            "at_2015_last_3y": null,
            "at_2016_last_3y": 18.3,
            "at_2017_last_3y": 11.28,
            "at_2018_last_3y": 18.68,
            "at_2019_last_3y": 29.4,
            "at_2020_last_3y": 3.03,
            "at_2021_last_3y": 9.39,
            "at_2022_last_3y": 11.27,
            "at_2023_last_3y": 20.44,
            "at_2024_last_3y": 20.44,
            "at_2006_last_all": null,
            "at_2007_last_all": null,
            "at_2008_last_all": null,
            "at_2009_last_all": null,
            "at_2010_last_all": null,
            "at_2011_last_all": null,
            "at_2012_last_all": null,
            "at_2013_last_all": null,
            "at_2014_last_all": 19.17,
            "at_2015_last_all": -8.93,
            "at_2016_last_all": 18.3,
            "at_2017_last_all": 17.08,
            "at_2018_last_all": 18.84,
            "at_2019_last_all": 12.97,
            "at_2020_last_all": 10.67,
            "at_2021_last_all": 13.66,
            "at_2022_last_all": 15.81,
            "at_2023_last_all": 15.69,
            "at_2024_last_all": 15.69
        },
        "latest_eps": 8.1,
        "latest_price": 275,
        "latest_roe": 17.18,
        "latest_gross_margin": 34.61,
        "latest_equity": 3989253,
        "latest_revenue": 1939366,
        "latest_gross_profit": 671131,
        "latest_net_income": 182507,
        "latest_debt_ratio": 78.92,
        "latest_current_ratio": 111.41,
        "latest_account_receivable_turnover_ratio": 2.26,
        "latest_inventory_turnover_ratio": 0.14,
        "latest_reinvestment_rate": 32.85,
        "latest_research_to_sale_ratio": 4.66
    },
    "eps_dividends": {
        "2001": {
            "cash": 0,
            "stock": 0,
            "eps": 0
        },
        "2002": {
            "cash": 0,
            "stock": 0,
            "eps": 0
        },
        "2003": {
            "cash": 0,
            "stock": 0,
            "eps": 0
        },
        "2004": {
            "cash": 0,
            "stock": 0,
            "eps": 0
        },
        "2005": {
            "cash": 0,
            "stock": 0,
            "eps": 0
        },
        "2006": {
            "cash": 0,
            "stock": 0,
            "eps": 0
        },
        "2007": {
            "cash": 0,
            "stock": 0,
            "eps": 0
        },
        "2008": {
            "cash": 0.2,
            "stock": 0,
            "eps": 0
        },
        "2009": {
            "cash": 0,
            "stock": 0,
            "eps": 0
        },
        "2010": {
            "cash": 0,
            "stock": 0,
            "eps": 0
        },
        "2011": {
            "cash": 0.5,
            "stock": 0,
            "eps": 0
        },
        "2012": {
            "cash": 0,
            "stock": 0,
            "eps": 2.21
        },
        "2013": {
            "cash": 1.5,
            "stock": 0,
            "eps": 3.1
        },
        "2014": {
            "cash": 3,
            "stock": 0,
            "eps": 3.04
        },
        "2015": {
            "cash": 1.5,
            "stock": 0,
            "eps": 1.06
        },
        "2016": {
            "cash": 1,
            "stock": 0,
            "eps": 3.61
        },
        "2017": {
            "cash": 2,
            "stock": 0,
            "eps": 4.05
        },
        "2018": {
            "cash": 2,
            "stock": 0,
            "eps": 5.17
        },
        "2019": {
            "cash": 2.5,
            "stock": 0,
            "eps": 4.02
        },
        "2020": {
            "cash": 2,
            "stock": 0,
            "eps": 3.8
        },
        "2021": {
            "cash": 1.85,
            "stock": 0,
            "eps": 5.23
        },
        "2022": {
            "cash": 2.5,
            "stock": 0,
            "eps": 7.07
        },
        "2023": {
            "cash": 3.6,
            "stock": 0,
            "eps": 8.09
        },
        "2024": {
            "cash": 4,
            "stock": 0,
            "eps": 0
        }
    },
    "dividends": {
        "2008-04-08": {
            "cash": 0.2,
            "stock": 0
        },
        "2011-01-01": {
            "cash": 0.5,
            "stock": 0
        },
        "2013-03-15": {
            "cash": 1.5,
            "stock": 0
        },
        "2014-09-05": {
            "cash": 3,
            "stock": 0
        },
        "2015-09-17": {
            "cash": 1.5,
            "stock": 0
        },
        "2016-08-18": {
            "cash": 1,
            "stock": 0
        },
        "2017-08-11": {
            "cash": 2,
            "stock": 0
        },
        "2018-08-21": {
            "cash": 2,
            "stock": 0
        },
        "2019-08-19": {
            "cash": 2.5,
            "stock": 0
        },
        "2020-07-23": {
            "cash": 2,
            "stock": 0
        },
        "2021-07-23": {
            "cash": 1.85,
            "stock": 0
        },
        "2022-07-21": {
            "cash": 2.5,
            "stock": 0
        },
        "2023-07-20": {
            "cash": 3.6,
            "stock": 0
        },
        "2024-02-29": {
            "cash": 4,
            "stock": 0
        }
    },
    "prices": {
        "200101": "無",
        "200102": "無",
        "200103": "無",
        "200104": "無",
        "200105": "無",
        "200106": "無",
        "200107": "無",
        "200108": "無",
        "200109": "無",
        "200110": "無",
        "200111": "無",
        "200112": "無",
        "200201": "無",
        "200202": "無",
        "200203": "無",
        "200204": "無",
        "200205": "無",
        "200206": "無",
        "200207": "無",
        "200208": "無",
        "200209": "無",
        "200210": "無",
        "200211": "無",
        "200212": "無",
        "200301": "無",
        "200302": "無",
        "200303": "無",
        "200304": "無",
        "200305": "無",
        "200306": "無",
        "200307": "無",
        "200308": "無",
        "200309": "無",
        "200310": "無",
        "200311": "無",
        "200312": "無",
        "200401": "無",
        "200402": "無",
        "200403": "無",
        "200404": "無",
        "200405": "無",
        "200406": "無",
        "200407": "無",
        "200408": "無",
        "200409": "無",
        "200410": "無",
        "200411": "無",
        "200412": "無",
        "200501": "無",
        "200502": "無",
        "200503": "無",
        "200504": "無",
        "200505": "無",
        "200506": "無",
        "200507": "無",
        "200508": "無",
        "200509": "無",
        "200510": "無",
        "200511": "無",
        "200512": "無",
        "200601": "無",
        "200602": "無",
        "200603": "無",
        "200604": "無",
        "200605": "無",
        "200606": "無",
        "200607": "無",
        "200608": "無",
        "200609": "無",
        "200610": "無",
        "200611": "無",
        "200612": "無",
        "200701": "無",
        "200702": "無",
        "200703": "無",
        "200704": "無",
        "200705": "無",
        "200706": "無",
        "200707": "無",
        "200708": "無",
        "200709": "無",
        "200710": "無",
        "200711": "無",
        "200712": "無",
        "200801": "無",
        "200802": "無",
        "200803": "無",
        "200804": "無",
        "200805": "無",
        "200806": "無",
        "200807": "無",
        "200808": "無",
        "200809": "無",
        "200810": "無",
        "200811": "無",
        "200812": "無",
        "200901": "無",
        "200902": "無",
        "200903": "無",
        "200904": "無",
        "200905": "無",
        "200906": "無",
        "200907": "無",
        "200908": "無",
        "200909": "無",
        "200910": "無",
        "200911": "無",
        "200912": "無",
        "201001": "無",
        "201002": "無",
        "201003": "無",
        "201004": "無",
        "201005": "無",
        "201006": "無",
        "201007": "無",
        "201008": "無",
        "201009": "無",
        "201010": "無",
        "201011": "無",
        "201012": "無",
        "201101": "無",
        "201102": "無",
        "201103": "無",
        "201104": "無",
        "201105": "無",
        "201106": "無",
        "201107": "無",
        "201108": "無",
        "201109": "無",
        "201110": "無",
        "201111": "無",
        "201112": "無",
        "201201": "無",
        "201202": "無",
        "201203": "無",
        "201204": "27.14",
        "201205": "24.39",
        "201206": "22.14",
        "201207": "22.38",
        "201208": "22.38",
        "201209": "24.52",
        "201210": "27.61",
        "201211": "30.45",
        "201212": "34.75",
        "201301": "39.85",
        "201302": "46.60",
        "201303": "58.99",
        "201304": "54.62",
        "201305": "53.56",
        "201306": "49.57",
        "201307": "44.50",
        "201308": "46.16",
        "201309": "52.84",
        "201310": "51.73",
        "201311": "54.21",
        "201312": "57.30",
        "201401": "57.28",
        "201402": "54.22",
        "201403": "59.30",
        "201404": "59.81",
        "201405": "55.98",
        "201406": "56.28",
        "201407": "56.62",
        "201408": "57.45",
        "201409": "65.89",
        "201410": "66.09",
        "201411": "61.22",
        "201412": "62.13",
        "201501": "62.26",
        "201502": "62.87",
        "201503": "59.67",
        "201504": "59.04",
        "201505": "56.56",
        "201506": "57.57",
        "201507": "60.25",
        "201508": "57.10",
        "201509": "60.34",
        "201510": "63.52",
        "201511": "76.28",
        "201512": "78.64",
        "201601": "70.27",
        "201602": "70.41",
        "201603": "74.62",
        "201604": "76.65",
        "201605": "69.33",
        "201606": "69.08",
        "201607": "70.24",
        "201608": "67.37",
        "201609": "65.49",
        "201610": "61.66",
        "201611": "57.74",
        "201612": "57.90",
        "201701": "58.64",
        "201702": "58.70",
        "201703": "57.61",
        "201704": "54.91",
        "201705": "55.44",
        "201706": "57.80",
        "201707": "63.74",
        "201708": "62.57",
        "201709": "64.23",
        "201710": "78.55",
        "201711": "77.89",
        "201712": "83.67",
        "201801": "85.09",
        "201802": "76.98",
        "201803": "70.84",
        "201804": "62.58",
        "201805": "60.92",
        "201806": "64.46",
        "201807": "81.80",
        "201808": "78.66",
        "201809": "66.71",
        "201810": "57.29",
        "201811": "55.15",
        "201812": "53.53",
        "201901": "53.43",
        "201902": "69.85",
        "201903": "68.64",
        "201904": "72.51",
        "201905": "62.97",
        "201906": "62.26",
        "201907": "65.31",
        "201908": "61.84",
        "201909": "61.77",
        "201910": "56.17",
        "201911": "55.78",
        "201912": "64.55",
        "202001": "62.02",
        "202002": "55.85",
        "202003": "43.45",
        "202004": "44.55",
        "202005": "46.97",
        "202006": "48.25",
        "202007": "55.33",
        "202008": "58.20",
        "202009": "57.15",
        "202010": "58.91",
        "202011": "59.61",
        "202012": "65.50",
        "202101": "64.80",
        "202102": "62.71",
        "202103": "65.19",
        "202104": "71.87",
        "202105": "60.63",
        "202106": "62.43",
        "202107": "62.12",
        "202108": "62.99",
        "202109": "68.56",
        "202110": "66.31",
        "202111": "79.33",
        "202112": "83.05",
        "202201": "102.24",
        "202202": "92.41",
        "202203": "88.05",
        "202204": "82.64",
        "202205": "83.25",
        "202206": "84.48",
        "202207": "70.72",
        "202208": "77.11",
        "202209": "76.50",
        "202210": "64.96",
        "202211": "70.00",
        "202212": "74.23",
        "202301": "73.58",
        "202302": "76.24",
        "202303": "81.11",
        "202304": "87.11",
        "202305": "95.16",
        "202306": "145.18",
        "202307": "185.52",
        "202308": "229.77",
        "202309": "205.22",
        "202310": "196.80",
        "202311": "199.39",
        "202312": "214.14"
    },
    "quarters": {
        "20011": {
            "year_quarter": 20011,
            "year": 2001,
            "quarter": 1,
            "eps": null,
            "eps_growth_year": null,
            "eps_4q": null,
            "eps_4q_growth_year": null,
            "roe": null,
            "roe_4q": 0,
            "gross_profit": null,
            "gross_margin": null,
            "gross_margin_4q_avg": 0,
            "net_income": null,
            "net_income_4q": null,
            "revenue": null,
            "revenue_4q": null,
            "common_shares": null,
            "book_valuer_per_share": null,
            "book_valuer_per_share_4q_avg": 0,
            "equity": null,
            "current_ratio": null,
            "debt_ratio": null,
            "inventory_turnover_ratio": null,
            "account_receivable_turnover_ratio": null,
            "reinvestment_rate": null,
            "research_to_sale_ratio": null,
            "price_fair": 0,
            "eps_avg_yearly": 0,
            "eps_latest_yearly": 0,
            "eps_growth_yearly": 0
        },
        "20012": {
            "year_quarter": 20012,
            "year": 2001,
            "quarter": 2,
            "eps": null,
            "eps_growth_year": null,
            "eps_4q": null,
            "eps_4q_growth_year": null,
            "roe": null,
            "roe_4q": 0,
            "gross_profit": null,
            "gross_margin": null,
            "gross_margin_4q_avg": 0,
            "net_income": null,
            "net_income_4q": null,
            "revenue": null,
            "revenue_4q": null,
            "common_shares": null,
            "book_valuer_per_share": null,
            "book_valuer_per_share_4q_avg": 0,
            "equity": null,
            "current_ratio": null,
            "debt_ratio": null,
            "inventory_turnover_ratio": null,
            "account_receivable_turnover_ratio": null,
            "reinvestment_rate": null,
            "research_to_sale_ratio": null,
            "price_fair": 0,
            "eps_avg_yearly": 0,
            "eps_latest_yearly": 0,
            "eps_growth_yearly": 0
        },
        "20013": {
            "year_quarter": 20013,
            "year": 2001,
            "quarter": 3,
            "eps": null,
            "eps_growth_year": null,
            "eps_4q": null,
            "eps_4q_growth_year": null,
            "roe": null,
            "roe_4q": 0,
            "gross_profit": null,
            "gross_margin": null,
            "gross_margin_4q_avg": 0,
            "net_income": null,
            "net_income_4q": null,
            "revenue": null,
            "revenue_4q": null,
            "common_shares": null,
            "book_valuer_per_share": null,
            "book_valuer_per_share_4q_avg": 0,
            "equity": null,
            "current_ratio": null,
            "debt_ratio": null,
            "inventory_turnover_ratio": null,
            "account_receivable_turnover_ratio": null,
            "reinvestment_rate": null,
            "research_to_sale_ratio": null,
            "price_fair": 0,
            "eps_avg_yearly": 0,
            "eps_latest_yearly": 0,
            "eps_growth_yearly": 0
        },
        "20014": {
            "year_quarter": 20014,
            "year": 2001,
            "quarter": 4,
            "eps": null,
            "eps_growth_year": null,
            "eps_4q": null,
            "eps_4q_growth_year": null,
            "roe": null,
            "roe_4q": 0,
            "gross_profit": null,
            "gross_margin": null,
            "gross_margin_4q_avg": 0,
            "net_income": null,
            "net_income_4q": null,
            "revenue": null,
            "revenue_4q": null,
            "common_shares": null,
            "book_valuer_per_share": null,
            "book_valuer_per_share_4q_avg": 0,
            "equity": null,
            "current_ratio": null,
            "debt_ratio": null,
            "inventory_turnover_ratio": null,
            "account_receivable_turnover_ratio": null,
            "reinvestment_rate": null,
            "research_to_sale_ratio": null,
            "price_fair": 0,
            "eps_avg_yearly": 0,
            "eps_latest_yearly": 0,
            "eps_growth_yearly": 0
        },
        "20021": {
            "year_quarter": 20021,
            "year": 2002,
            "quarter": 1,
            "eps": null,
            "eps_growth_year": null,
            "eps_4q": null,
            "eps_4q_growth_year": null,
            "roe": null,
            "roe_4q": 0,
            "gross_profit": null,
            "gross_margin": null,
            "gross_margin_4q_avg": 0,
            "net_income": null,
            "net_income_4q": null,
            "revenue": null,
            "revenue_4q": null,
            "common_shares": null,
            "book_valuer_per_share": null,
            "book_valuer_per_share_4q_avg": 0,
            "equity": null,
            "current_ratio": null,
            "debt_ratio": null,
            "inventory_turnover_ratio": null,
            "account_receivable_turnover_ratio": null,
            "reinvestment_rate": null,
            "research_to_sale_ratio": null,
            "price_fair": 0,
            "eps_avg_yearly": 0,
            "eps_latest_yearly": 0,
            "eps_growth_yearly": 0
        },
        "20022": {
            "year_quarter": 20022,
            "year": 2002,
            "quarter": 2,
            "eps": null,
            "eps_growth_year": null,
            "eps_4q": null,
            "eps_4q_growth_year": null,
            "roe": null,
            "roe_4q": 0,
            "gross_profit": null,
            "gross_margin": null,
            "gross_margin_4q_avg": 0,
            "net_income": null,
            "net_income_4q": null,
            "revenue": null,
            "revenue_4q": null,
            "common_shares": null,
            "book_valuer_per_share": null,
            "book_valuer_per_share_4q_avg": 0,
            "equity": null,
            "current_ratio": null,
            "debt_ratio": null,
            "inventory_turnover_ratio": null,
            "account_receivable_turnover_ratio": null,
            "reinvestment_rate": null,
            "research_to_sale_ratio": null,
            "price_fair": 0,
            "eps_avg_yearly": 0,
            "eps_latest_yearly": 0,
            "eps_growth_yearly": 0
        },
        "20023": {
            "year_quarter": 20023,
            "year": 2002,
            "quarter": 3,
            "eps": null,
            "eps_growth_year": null,
            "eps_4q": null,
            "eps_4q_growth_year": null,
            "roe": null,
            "roe_4q": 0,
            "gross_profit": null,
            "gross_margin": null,
            "gross_margin_4q_avg": 0,
            "net_income": null,
            "net_income_4q": null,
            "revenue": null,
            "revenue_4q": null,
            "common_shares": null,
            "book_valuer_per_share": null,
            "book_valuer_per_share_4q_avg": 0,
            "equity": null,
            "current_ratio": null,
            "debt_ratio": null,
            "inventory_turnover_ratio": null,
            "account_receivable_turnover_ratio": null,
            "reinvestment_rate": null,
            "research_to_sale_ratio": null,
            "price_fair": 0,
            "eps_avg_yearly": 0,
            "eps_latest_yearly": 0,
            "eps_growth_yearly": 0
        },
        "20024": {
            "year_quarter": 20024,
            "year": 2002,
            "quarter": 4,
            "eps": null,
            "eps_growth_year": null,
            "eps_4q": null,
            "eps_4q_growth_year": null,
            "roe": null,
            "roe_4q": 0,
            "gross_profit": null,
            "gross_margin": null,
            "gross_margin_4q_avg": 0,
            "net_income": null,
            "net_income_4q": null,
            "revenue": null,
            "revenue_4q": null,
            "common_shares": 150000,
            "book_valuer_per_share": 10.72,
            "book_valuer_per_share_4q_avg": 2.68,
            "equity": 160868,
            "current_ratio": 76.53,
            "debt_ratio": 67.85,
            "inventory_turnover_ratio": null,
            "account_receivable_turnover_ratio": null,
            "reinvestment_rate": null,
            "research_to_sale_ratio": null,
            "price_fair": 0,
            "eps_avg_yearly": 0,
            "eps_latest_yearly": 0,
            "eps_growth_yearly": 0
        },
        "20031": {
            "year_quarter": 20031,
            "year": 2003,
            "quarter": 1,
            "eps": null,
            "eps_growth_year": null,
            "eps_4q": null,
            "eps_4q_growth_year": null,
            "roe": null,
            "roe_4q": 0,
            "gross_profit": null,
            "gross_margin": null,
            "gross_margin_4q_avg": 0,
            "net_income": null,
            "net_income_4q": null,
            "revenue": null,
            "revenue_4q": null,
            "common_shares": null,
            "book_valuer_per_share": null,
            "book_valuer_per_share_4q_avg": 2.68,
            "equity": null,
            "current_ratio": null,
            "debt_ratio": null,
            "inventory_turnover_ratio": null,
            "account_receivable_turnover_ratio": null,
            "reinvestment_rate": null,
            "research_to_sale_ratio": null,
            "price_fair": 0,
            "eps_avg_yearly": 0,
            "eps_latest_yearly": 0,
            "eps_growth_yearly": 0
        },
        "20032": {
            "year_quarter": 20032,
            "year": 2003,
            "quarter": 2,
            "eps": null,
            "eps_growth_year": null,
            "eps_4q": null,
            "eps_4q_growth_year": null,
            "roe": null,
            "roe_4q": 0,
            "gross_profit": null,
            "gross_margin": null,
            "gross_margin_4q_avg": 0,
            "net_income": null,
            "net_income_4q": null,
            "revenue": null,
            "revenue_4q": null,
            "common_shares": null,
            "book_valuer_per_share": null,
            "book_valuer_per_share_4q_avg": 2.68,
            "equity": null,
            "current_ratio": null,
            "debt_ratio": null,
            "inventory_turnover_ratio": null,
            "account_receivable_turnover_ratio": null,
            "reinvestment_rate": null,
            "research_to_sale_ratio": null,
            "price_fair": 0,
            "eps_avg_yearly": 0,
            "eps_latest_yearly": 0,
            "eps_growth_yearly": 0
        },
        "20033": {
            "year_quarter": 20033,
            "year": 2003,
            "quarter": 3,
            "eps": null,
            "eps_growth_year": null,
            "eps_4q": null,
            "eps_4q_growth_year": null,
            "roe": null,
            "roe_4q": 0,
            "gross_profit": null,
            "gross_margin": null,
            "gross_margin_4q_avg": 0,
            "net_income": null,
            "net_income_4q": null,
            "revenue": null,
            "revenue_4q": null,
            "common_shares": null,
            "book_valuer_per_share": null,
            "book_valuer_per_share_4q_avg": 2.68,
            "equity": null,
            "current_ratio": null,
            "debt_ratio": null,
            "inventory_turnover_ratio": null,
            "account_receivable_turnover_ratio": null,
            "reinvestment_rate": null,
            "research_to_sale_ratio": null,
            "price_fair": 0,
            "eps_avg_yearly": 0,
            "eps_latest_yearly": 0,
            "eps_growth_yearly": 0
        },
        "20034": {
            "year_quarter": 20034,
            "year": 2003,
            "quarter": 4,
            "eps": null,
            "eps_growth_year": null,
            "eps_4q": null,
            "eps_4q_growth_year": null,
            "roe": null,
            "roe_4q": 0,
            "gross_profit": null,
            "gross_margin": null,
            "gross_margin_4q_avg": 0,
            "net_income": null,
            "net_income_4q": null,
            "revenue": null,
            "revenue_4q": null,
            "common_shares": 200000,
            "book_valuer_per_share": 10.55,
            "book_valuer_per_share_4q_avg": 2.64,
            "equity": 210982,
            "current_ratio": 60.21,
            "debt_ratio": 66.23,
            "inventory_turnover_ratio": null,
            "account_receivable_turnover_ratio": null,
            "reinvestment_rate": null,
            "research_to_sale_ratio": null,
            "price_fair": 0,
            "eps_avg_yearly": 0,
            "eps_latest_yearly": 0,
            "eps_growth_yearly": 0
        },
        "20041": {
            "year_quarter": 20041,
            "year": 2004,
            "quarter": 1,
            "eps": null,
            "eps_growth_year": null,
            "eps_4q": null,
            "eps_4q_growth_year": null,
            "roe": null,
            "roe_4q": 0,
            "gross_profit": null,
            "gross_margin": null,
            "gross_margin_4q_avg": 0,
            "net_income": null,
            "net_income_4q": null,
            "revenue": null,
            "revenue_4q": null,
            "common_shares": null,
            "book_valuer_per_share": null,
            "book_valuer_per_share_4q_avg": 2.64,
            "equity": null,
            "current_ratio": null,
            "debt_ratio": null,
            "inventory_turnover_ratio": null,
            "account_receivable_turnover_ratio": null,
            "reinvestment_rate": null,
            "research_to_sale_ratio": null,
            "price_fair": 0,
            "eps_avg_yearly": 0,
            "eps_latest_yearly": 0,
            "eps_growth_yearly": 0
        },
        "20042": {
            "year_quarter": 20042,
            "year": 2004,
            "quarter": 2,
            "eps": null,
            "eps_growth_year": null,
            "eps_4q": null,
            "eps_4q_growth_year": null,
            "roe": null,
            "roe_4q": 0,
            "gross_profit": null,
            "gross_margin": null,
            "gross_margin_4q_avg": 0,
            "net_income": null,
            "net_income_4q": null,
            "revenue": null,
            "revenue_4q": null,
            "common_shares": null,
            "book_valuer_per_share": null,
            "book_valuer_per_share_4q_avg": 2.64,
            "equity": null,
            "current_ratio": null,
            "debt_ratio": null,
            "inventory_turnover_ratio": null,
            "account_receivable_turnover_ratio": null,
            "reinvestment_rate": null,
            "research_to_sale_ratio": null,
            "price_fair": 0,
            "eps_avg_yearly": 0,
            "eps_latest_yearly": 0,
            "eps_growth_yearly": 0
        },
        "20043": {
            "year_quarter": 20043,
            "year": 2004,
            "quarter": 3,
            "eps": null,
            "eps_growth_year": null,
            "eps_4q": null,
            "eps_4q_growth_year": null,
            "roe": null,
            "roe_4q": 0,
            "gross_profit": null,
            "gross_margin": null,
            "gross_margin_4q_avg": 0,
            "net_income": null,
            "net_income_4q": null,
            "revenue": null,
            "revenue_4q": null,
            "common_shares": null,
            "book_valuer_per_share": null,
            "book_valuer_per_share_4q_avg": 2.64,
            "equity": null,
            "current_ratio": null,
            "debt_ratio": null,
            "inventory_turnover_ratio": null,
            "account_receivable_turnover_ratio": null,
            "reinvestment_rate": null,
            "research_to_sale_ratio": null,
            "price_fair": 0,
            "eps_avg_yearly": 0,
            "eps_latest_yearly": 0,
            "eps_growth_yearly": 0
        },
        "20044": {
            "year_quarter": 20044,
            "year": 2004,
            "quarter": 4,
            "eps": null,
            "eps_growth_year": null,
            "eps_4q": null,
            "eps_4q_growth_year": null,
            "roe": null,
            "roe_4q": 0,
            "gross_profit": null,
            "gross_margin": null,
            "gross_margin_4q_avg": 0,
            "net_income": null,
            "net_income_4q": null,
            "revenue": null,
            "revenue_4q": null,
            "common_shares": 400000,
            "book_valuer_per_share": 11.06,
            "book_valuer_per_share_4q_avg": 2.77,
            "equity": 442540,
            "current_ratio": 109.46,
            "debt_ratio": 61.29,
            "inventory_turnover_ratio": null,
            "account_receivable_turnover_ratio": null,
            "reinvestment_rate": null,
            "research_to_sale_ratio": null,
            "price_fair": 0,
            "eps_avg_yearly": 0,
            "eps_latest_yearly": 0,
            "eps_growth_yearly": 0
        },
        "20051": {
            "year_quarter": 20051,
            "year": 2005,
            "quarter": 1,
            "eps": null,
            "eps_growth_year": null,
            "eps_4q": null,
            "eps_4q_growth_year": null,
            "roe": null,
            "roe_4q": 0,
            "gross_profit": null,
            "gross_margin": null,
            "gross_margin_4q_avg": 0,
            "net_income": null,
            "net_income_4q": null,
            "revenue": null,
            "revenue_4q": null,
            "common_shares": null,
            "book_valuer_per_share": null,
            "book_valuer_per_share_4q_avg": 2.77,
            "equity": null,
            "current_ratio": null,
            "debt_ratio": null,
            "inventory_turnover_ratio": null,
            "account_receivable_turnover_ratio": null,
            "reinvestment_rate": null,
            "research_to_sale_ratio": null,
            "price_fair": 0,
            "eps_avg_yearly": 0,
            "eps_latest_yearly": 0,
            "eps_growth_yearly": 0
        },
        "20052": {
            "year_quarter": 20052,
            "year": 2005,
            "quarter": 2,
            "eps": null,
            "eps_growth_year": null,
            "eps_4q": null,
            "eps_4q_growth_year": null,
            "roe": null,
            "roe_4q": 0,
            "gross_profit": null,
            "gross_margin": null,
            "gross_margin_4q_avg": 0,
            "net_income": null,
            "net_income_4q": null,
            "revenue": null,
            "revenue_4q": null,
            "common_shares": null,
            "book_valuer_per_share": null,
            "book_valuer_per_share_4q_avg": 2.77,
            "equity": null,
            "current_ratio": null,
            "debt_ratio": null,
            "inventory_turnover_ratio": null,
            "account_receivable_turnover_ratio": null,
            "reinvestment_rate": null,
            "research_to_sale_ratio": null,
            "price_fair": 0,
            "eps_avg_yearly": 0,
            "eps_latest_yearly": 0,
            "eps_growth_yearly": 0
        },
        "20053": {
            "year_quarter": 20053,
            "year": 2005,
            "quarter": 3,
            "eps": null,
            "eps_growth_year": null,
            "eps_4q": null,
            "eps_4q_growth_year": null,
            "roe": null,
            "roe_4q": 0,
            "gross_profit": null,
            "gross_margin": null,
            "gross_margin_4q_avg": 0,
            "net_income": null,
            "net_income_4q": null,
            "revenue": null,
            "revenue_4q": null,
            "common_shares": null,
            "book_valuer_per_share": null,
            "book_valuer_per_share_4q_avg": 2.77,
            "equity": null,
            "current_ratio": null,
            "debt_ratio": null,
            "inventory_turnover_ratio": null,
            "account_receivable_turnover_ratio": null,
            "reinvestment_rate": null,
            "research_to_sale_ratio": null,
            "price_fair": 0,
            "eps_avg_yearly": 0,
            "eps_latest_yearly": 0,
            "eps_growth_yearly": 0
        },
        "20054": {
            "year_quarter": 20054,
            "year": 2005,
            "quarter": 4,
            "eps": null,
            "eps_growth_year": null,
            "eps_4q": null,
            "eps_4q_growth_year": null,
            "roe": null,
            "roe_4q": 0,
            "gross_profit": null,
            "gross_margin": null,
            "gross_margin_4q_avg": 0,
            "net_income": null,
            "net_income_4q": null,
            "revenue": null,
            "revenue_4q": null,
            "common_shares": 500000,
            "book_valuer_per_share": 10.74,
            "book_valuer_per_share_4q_avg": 2.69,
            "equity": 537024,
            "current_ratio": 112.21,
            "debt_ratio": 59.79,
            "inventory_turnover_ratio": null,
            "account_receivable_turnover_ratio": null,
            "reinvestment_rate": null,
            "research_to_sale_ratio": null,
            "price_fair": 0,
            "eps_avg_yearly": 0,
            "eps_latest_yearly": 0,
            "eps_growth_yearly": 0
        },
        "20061": {
            "year_quarter": 20061,
            "year": 2006,
            "quarter": 1,
            "eps": null,
            "eps_growth_year": null,
            "eps_4q": null,
            "eps_4q_growth_year": null,
            "roe": null,
            "roe_4q": 0,
            "gross_profit": null,
            "gross_margin": null,
            "gross_margin_4q_avg": 0,
            "net_income": null,
            "net_income_4q": null,
            "revenue": null,
            "revenue_4q": null,
            "common_shares": null,
            "book_valuer_per_share": null,
            "book_valuer_per_share_4q_avg": 2.69,
            "equity": null,
            "current_ratio": null,
            "debt_ratio": null,
            "inventory_turnover_ratio": null,
            "account_receivable_turnover_ratio": null,
            "reinvestment_rate": null,
            "research_to_sale_ratio": null,
            "price_fair": 0,
            "eps_avg_yearly": 0,
            "eps_latest_yearly": 0,
            "eps_growth_yearly": 0
        },
        "20062": {
            "year_quarter": 20062,
            "year": 2006,
            "quarter": 2,
            "eps": null,
            "eps_growth_year": null,
            "eps_4q": null,
            "eps_4q_growth_year": null,
            "roe": null,
            "roe_4q": 0,
            "gross_profit": null,
            "gross_margin": null,
            "gross_margin_4q_avg": 0,
            "net_income": null,
            "net_income_4q": null,
            "revenue": null,
            "revenue_4q": null,
            "common_shares": null,
            "book_valuer_per_share": null,
            "book_valuer_per_share_4q_avg": 2.69,
            "equity": null,
            "current_ratio": null,
            "debt_ratio": null,
            "inventory_turnover_ratio": null,
            "account_receivable_turnover_ratio": null,
            "reinvestment_rate": null,
            "research_to_sale_ratio": null,
            "price_fair": 0,
            "eps_avg_yearly": 0,
            "eps_latest_yearly": 0,
            "eps_growth_yearly": 0
        },
        "20063": {
            "year_quarter": 20063,
            "year": 2006,
            "quarter": 3,
            "eps": null,
            "eps_growth_year": null,
            "eps_4q": null,
            "eps_4q_growth_year": null,
            "roe": null,
            "roe_4q": 0,
            "gross_profit": null,
            "gross_margin": null,
            "gross_margin_4q_avg": 0,
            "net_income": null,
            "net_income_4q": null,
            "revenue": null,
            "revenue_4q": null,
            "common_shares": null,
            "book_valuer_per_share": null,
            "book_valuer_per_share_4q_avg": 2.69,
            "equity": null,
            "current_ratio": null,
            "debt_ratio": null,
            "inventory_turnover_ratio": null,
            "account_receivable_turnover_ratio": null,
            "reinvestment_rate": null,
            "research_to_sale_ratio": null,
            "price_fair": 0,
            "eps_avg_yearly": 0,
            "eps_latest_yearly": 0,
            "eps_growth_yearly": 0
        },
        "20064": {
            "year_quarter": 20064,
            "year": 2006,
            "quarter": 4,
            "eps": null,
            "eps_growth_year": null,
            "eps_4q": null,
            "eps_4q_growth_year": null,
            "roe": null,
            "roe_4q": 0,
            "gross_profit": null,
            "gross_margin": null,
            "gross_margin_4q_avg": 0,
            "net_income": null,
            "net_income_4q": null,
            "revenue": null,
            "revenue_4q": null,
            "common_shares": 575000,
            "book_valuer_per_share": 16.25,
            "book_valuer_per_share_4q_avg": 4.06,
            "equity": 1259416,
            "current_ratio": 123.04,
            "debt_ratio": 45.19,
            "inventory_turnover_ratio": null,
            "account_receivable_turnover_ratio": null,
            "reinvestment_rate": null,
            "research_to_sale_ratio": null,
            "price_fair": 0,
            "eps_avg_yearly": 0,
            "eps_latest_yearly": 0,
            "eps_growth_yearly": 0
        },
        "20071": {
            "year_quarter": 20071,
            "year": 2007,
            "quarter": 1,
            "eps": null,
            "eps_growth_year": null,
            "eps_4q": null,
            "eps_4q_growth_year": null,
            "roe": null,
            "roe_4q": 0,
            "gross_profit": null,
            "gross_margin": null,
            "gross_margin_4q_avg": 0,
            "net_income": null,
            "net_income_4q": null,
            "revenue": null,
            "revenue_4q": null,
            "common_shares": null,
            "book_valuer_per_share": null,
            "book_valuer_per_share_4q_avg": 4.06,
            "equity": null,
            "current_ratio": null,
            "debt_ratio": null,
            "inventory_turnover_ratio": null,
            "account_receivable_turnover_ratio": null,
            "reinvestment_rate": null,
            "research_to_sale_ratio": null,
            "price_fair": 0,
            "eps_avg_yearly": 0,
            "eps_latest_yearly": 0,
            "eps_growth_yearly": 0
        },
        "20072": {
            "year_quarter": 20072,
            "year": 2007,
            "quarter": 2,
            "eps": null,
            "eps_growth_year": null,
            "eps_4q": null,
            "eps_4q_growth_year": null,
            "roe": null,
            "roe_4q": 0,
            "gross_profit": null,
            "gross_margin": null,
            "gross_margin_4q_avg": 0,
            "net_income": null,
            "net_income_4q": null,
            "revenue": null,
            "revenue_4q": null,
            "common_shares": null,
            "book_valuer_per_share": null,
            "book_valuer_per_share_4q_avg": 4.06,
            "equity": null,
            "current_ratio": null,
            "debt_ratio": null,
            "inventory_turnover_ratio": null,
            "account_receivable_turnover_ratio": null,
            "reinvestment_rate": null,
            "research_to_sale_ratio": null,
            "price_fair": 0,
            "eps_avg_yearly": 0,
            "eps_latest_yearly": 0,
            "eps_growth_yearly": 0
        },
        "20073": {
            "year_quarter": 20073,
            "year": 2007,
            "quarter": 3,
            "eps": null,
            "eps_growth_year": null,
            "eps_4q": null,
            "eps_4q_growth_year": null,
            "roe": null,
            "roe_4q": 0,
            "gross_profit": null,
            "gross_margin": null,
            "gross_margin_4q_avg": 0,
            "net_income": null,
            "net_income_4q": null,
            "revenue": null,
            "revenue_4q": null,
            "common_shares": null,
            "book_valuer_per_share": null,
            "book_valuer_per_share_4q_avg": 4.06,
            "equity": null,
            "current_ratio": null,
            "debt_ratio": null,
            "inventory_turnover_ratio": null,
            "account_receivable_turnover_ratio": null,
            "reinvestment_rate": null,
            "research_to_sale_ratio": null,
            "price_fair": 0,
            "eps_avg_yearly": 0,
            "eps_latest_yearly": 0,
            "eps_growth_yearly": 0
        },
        "20074": {
            "year_quarter": 20074,
            "year": 2007,
            "quarter": 4,
            "eps": null,
            "eps_growth_year": null,
            "eps_4q": null,
            "eps_4q_growth_year": null,
            "roe": null,
            "roe_4q": 0,
            "gross_profit": null,
            "gross_margin": null,
            "gross_margin_4q_avg": 0,
            "net_income": null,
            "net_income_4q": null,
            "revenue": null,
            "revenue_4q": null,
            "common_shares": 600000,
            "book_valuer_per_share": 16.57,
            "book_valuer_per_share_4q_avg": 4.14,
            "equity": 1394786,
            "current_ratio": 123.81,
            "debt_ratio": 55.67,
            "inventory_turnover_ratio": null,
            "account_receivable_turnover_ratio": null,
            "reinvestment_rate": null,
            "research_to_sale_ratio": null,
            "price_fair": 0,
            "eps_avg_yearly": 0,
            "eps_latest_yearly": 0,
            "eps_growth_yearly": 0
        },
        "20081": {
            "year_quarter": 20081,
            "year": 2008,
            "quarter": 1,
            "eps": null,
            "eps_growth_year": null,
            "eps_4q": null,
            "eps_4q_growth_year": null,
            "roe": null,
            "roe_4q": 0,
            "gross_profit": null,
            "gross_margin": null,
            "gross_margin_4q_avg": 0,
            "net_income": null,
            "net_income_4q": null,
            "revenue": null,
            "revenue_4q": null,
            "common_shares": null,
            "book_valuer_per_share": null,
            "book_valuer_per_share_4q_avg": 4.14,
            "equity": null,
            "current_ratio": null,
            "debt_ratio": null,
            "inventory_turnover_ratio": null,
            "account_receivable_turnover_ratio": null,
            "reinvestment_rate": null,
            "research_to_sale_ratio": null,
            "price_fair": 0,
            "eps_avg_yearly": 0,
            "eps_latest_yearly": 0,
            "eps_growth_yearly": 0
        },
        "20082": {
            "year_quarter": 20082,
            "year": 2008,
            "quarter": 2,
            "eps": null,
            "eps_growth_year": null,
            "eps_4q": null,
            "eps_4q_growth_year": null,
            "roe": null,
            "roe_4q": 0,
            "gross_profit": null,
            "gross_margin": null,
            "gross_margin_4q_avg": 0,
            "net_income": null,
            "net_income_4q": null,
            "revenue": null,
            "revenue_4q": null,
            "common_shares": null,
            "book_valuer_per_share": null,
            "book_valuer_per_share_4q_avg": 4.14,
            "equity": null,
            "current_ratio": null,
            "debt_ratio": null,
            "inventory_turnover_ratio": null,
            "account_receivable_turnover_ratio": null,
            "reinvestment_rate": null,
            "research_to_sale_ratio": null,
            "price_fair": 0,
            "eps_avg_yearly": 0,
            "eps_latest_yearly": 0,
            "eps_growth_yearly": 0
        },
        "20083": {
            "year_quarter": 20083,
            "year": 2008,
            "quarter": 3,
            "eps": null,
            "eps_growth_year": null,
            "eps_4q": null,
            "eps_4q_growth_year": null,
            "roe": null,
            "roe_4q": 0,
            "gross_profit": null,
            "gross_margin": null,
            "gross_margin_4q_avg": 0,
            "net_income": null,
            "net_income_4q": null,
            "revenue": null,
            "revenue_4q": null,
            "common_shares": null,
            "book_valuer_per_share": null,
            "book_valuer_per_share_4q_avg": 4.14,
            "equity": null,
            "current_ratio": null,
            "debt_ratio": null,
            "inventory_turnover_ratio": null,
            "account_receivable_turnover_ratio": null,
            "reinvestment_rate": null,
            "research_to_sale_ratio": null,
            "price_fair": 0,
            "eps_avg_yearly": 0,
            "eps_latest_yearly": 0,
            "eps_growth_yearly": 0
        },
        "20084": {
            "year_quarter": 20084,
            "year": 2008,
            "quarter": 4,
            "eps": null,
            "eps_growth_year": null,
            "eps_4q": null,
            "eps_4q_growth_year": null,
            "roe": null,
            "roe_4q": 0,
            "gross_profit": null,
            "gross_margin": null,
            "gross_margin_4q_avg": 0,
            "net_income": null,
            "net_income_4q": null,
            "revenue": null,
            "revenue_4q": null,
            "common_shares": 600000,
            "book_valuer_per_share": 16.28,
            "book_valuer_per_share_4q_avg": 4.07,
            "equity": 1383087,
            "current_ratio": 130.67,
            "debt_ratio": 56.63,
            "inventory_turnover_ratio": null,
            "account_receivable_turnover_ratio": null,
            "reinvestment_rate": null,
            "research_to_sale_ratio": null,
            "price_fair": 0,
            "eps_avg_yearly": 0,
            "eps_latest_yearly": 0,
            "eps_growth_yearly": 0
        },
        "20091": {
            "year_quarter": 20091,
            "year": 2009,
            "quarter": 1,
            "eps": null,
            "eps_growth_year": null,
            "eps_4q": null,
            "eps_4q_growth_year": null,
            "roe": null,
            "roe_4q": 0,
            "gross_profit": null,
            "gross_margin": null,
            "gross_margin_4q_avg": 0,
            "net_income": null,
            "net_income_4q": null,
            "revenue": null,
            "revenue_4q": null,
            "common_shares": null,
            "book_valuer_per_share": null,
            "book_valuer_per_share_4q_avg": 4.07,
            "equity": null,
            "current_ratio": null,
            "debt_ratio": null,
            "inventory_turnover_ratio": null,
            "account_receivable_turnover_ratio": null,
            "reinvestment_rate": null,
            "research_to_sale_ratio": null,
            "price_fair": 0,
            "eps_avg_yearly": 0,
            "eps_latest_yearly": 0,
            "eps_growth_yearly": 0
        },
        "20092": {
            "year_quarter": 20092,
            "year": 2009,
            "quarter": 2,
            "eps": null,
            "eps_growth_year": null,
            "eps_4q": null,
            "eps_4q_growth_year": null,
            "roe": null,
            "roe_4q": 0,
            "gross_profit": null,
            "gross_margin": null,
            "gross_margin_4q_avg": 0,
            "net_income": null,
            "net_income_4q": null,
            "revenue": null,
            "revenue_4q": null,
            "common_shares": 600000,
            "book_valuer_per_share": null,
            "book_valuer_per_share_4q_avg": 4.07,
            "equity": 1286854,
            "current_ratio": null,
            "debt_ratio": null,
            "inventory_turnover_ratio": null,
            "account_receivable_turnover_ratio": null,
            "reinvestment_rate": null,
            "research_to_sale_ratio": null,
            "price_fair": 0,
            "eps_avg_yearly": 0,
            "eps_latest_yearly": 0,
            "eps_growth_yearly": 0
        },
        "20093": {
            "year_quarter": 20093,
            "year": 2009,
            "quarter": 3,
            "eps": null,
            "eps_growth_year": null,
            "eps_4q": null,
            "eps_4q_growth_year": null,
            "roe": null,
            "roe_4q": 0,
            "gross_profit": null,
            "gross_margin": null,
            "gross_margin_4q_avg": 0,
            "net_income": null,
            "net_income_4q": null,
            "revenue": null,
            "revenue_4q": null,
            "common_shares": null,
            "book_valuer_per_share": null,
            "book_valuer_per_share_4q_avg": 4.07,
            "equity": null,
            "current_ratio": null,
            "debt_ratio": null,
            "inventory_turnover_ratio": null,
            "account_receivable_turnover_ratio": null,
            "reinvestment_rate": null,
            "research_to_sale_ratio": null,
            "price_fair": 0,
            "eps_avg_yearly": 0,
            "eps_latest_yearly": 0,
            "eps_growth_yearly": 0
        },
        "20094": {
            "year_quarter": 20094,
            "year": 2009,
            "quarter": 4,
            "eps": null,
            "eps_growth_year": null,
            "eps_4q": null,
            "eps_4q_growth_year": null,
            "roe": null,
            "roe_4q": 0,
            "gross_profit": null,
            "gross_margin": null,
            "gross_margin_4q_avg": 0,
            "net_income": null,
            "net_income_4q": null,
            "revenue": null,
            "revenue_4q": null,
            "common_shares": 600000,
            "book_valuer_per_share": 17.1,
            "book_valuer_per_share_4q_avg": 4.28,
            "equity": 1365006,
            "current_ratio": 96.22,
            "debt_ratio": 56.06,
            "inventory_turnover_ratio": null,
            "account_receivable_turnover_ratio": null,
            "reinvestment_rate": null,
            "research_to_sale_ratio": null,
            "price_fair": 0,
            "eps_avg_yearly": 0,
            "eps_latest_yearly": 0,
            "eps_growth_yearly": 0
        },
        "20101": {
            "year_quarter": 20101,
            "year": 2010,
            "quarter": 1,
            "eps": null,
            "eps_growth_year": null,
            "eps_4q": null,
            "eps_4q_growth_year": null,
            "roe": null,
            "roe_4q": 0,
            "gross_profit": null,
            "gross_margin": null,
            "gross_margin_4q_avg": 0,
            "net_income": null,
            "net_income_4q": null,
            "revenue": null,
            "revenue_4q": null,
            "common_shares": null,
            "book_valuer_per_share": null,
            "book_valuer_per_share_4q_avg": 4.28,
            "equity": null,
            "current_ratio": null,
            "debt_ratio": null,
            "inventory_turnover_ratio": null,
            "account_receivable_turnover_ratio": null,
            "reinvestment_rate": null,
            "research_to_sale_ratio": null,
            "price_fair": 0,
            "eps_avg_yearly": 0,
            "eps_latest_yearly": 0,
            "eps_growth_yearly": 0
        },
        "20102": {
            "year_quarter": 20102,
            "year": 2010,
            "quarter": 2,
            "eps": null,
            "eps_growth_year": null,
            "eps_4q": null,
            "eps_4q_growth_year": null,
            "roe": null,
            "roe_4q": 0,
            "gross_profit": null,
            "gross_margin": null,
            "gross_margin_4q_avg": 0,
            "net_income": null,
            "net_income_4q": null,
            "revenue": null,
            "revenue_4q": null,
            "common_shares": 600000,
            "book_valuer_per_share": 15.17,
            "book_valuer_per_share_4q_avg": 8.07,
            "equity": 1210335,
            "current_ratio": 94.89,
            "debt_ratio": 61.65,
            "inventory_turnover_ratio": null,
            "account_receivable_turnover_ratio": null,
            "reinvestment_rate": null,
            "research_to_sale_ratio": null,
            "price_fair": 0,
            "eps_avg_yearly": 0,
            "eps_latest_yearly": 0,
            "eps_growth_yearly": 0
        },
        "20103": {
            "year_quarter": 20103,
            "year": 2010,
            "quarter": 3,
            "eps": null,
            "eps_growth_year": null,
            "eps_4q": null,
            "eps_4q_growth_year": null,
            "roe": null,
            "roe_4q": 0,
            "gross_profit": null,
            "gross_margin": null,
            "gross_margin_4q_avg": 0,
            "net_income": null,
            "net_income_4q": null,
            "revenue": null,
            "revenue_4q": null,
            "common_shares": null,
            "book_valuer_per_share": null,
            "book_valuer_per_share_4q_avg": 8.07,
            "equity": null,
            "current_ratio": null,
            "debt_ratio": null,
            "inventory_turnover_ratio": null,
            "account_receivable_turnover_ratio": null,
            "reinvestment_rate": null,
            "research_to_sale_ratio": null,
            "price_fair": 0,
            "eps_avg_yearly": 0,
            "eps_latest_yearly": 0,
            "eps_growth_yearly": 0
        },
        "20104": {
            "year_quarter": 20104,
            "year": 2010,
            "quarter": 4,
            "eps": null,
            "eps_growth_year": null,
            "eps_4q": null,
            "eps_4q_growth_year": null,
            "roe": null,
            "roe_4q": 0,
            "gross_profit": null,
            "gross_margin": null,
            "gross_margin_4q_avg": 0,
            "net_income": null,
            "net_income_4q": null,
            "revenue": null,
            "revenue_4q": null,
            "common_shares": 600000,
            "book_valuer_per_share": 17.15,
            "book_valuer_per_share_4q_avg": 8.08,
            "equity": 1304003,
            "current_ratio": 93.95,
            "debt_ratio": 61.33,
            "inventory_turnover_ratio": null,
            "account_receivable_turnover_ratio": null,
            "reinvestment_rate": null,
            "research_to_sale_ratio": null,
            "price_fair": 0,
            "eps_avg_yearly": 0,
            "eps_latest_yearly": 0,
            "eps_growth_yearly": 0
        },
        "20111": {
            "year_quarter": 20111,
            "year": 2011,
            "quarter": 1,
            "eps": null,
            "eps_growth_year": null,
            "eps_4q": null,
            "eps_4q_growth_year": null,
            "roe": null,
            "roe_4q": 0,
            "gross_profit": null,
            "gross_margin": null,
            "gross_margin_4q_avg": 0,
            "net_income": null,
            "net_income_4q": null,
            "revenue": null,
            "revenue_4q": null,
            "common_shares": null,
            "book_valuer_per_share": null,
            "book_valuer_per_share_4q_avg": 8.08,
            "equity": null,
            "current_ratio": null,
            "debt_ratio": null,
            "inventory_turnover_ratio": null,
            "account_receivable_turnover_ratio": null,
            "reinvestment_rate": null,
            "research_to_sale_ratio": null,
            "price_fair": 0,
            "eps_avg_yearly": 0,
            "eps_latest_yearly": 0,
            "eps_growth_yearly": 0
        },
        "20112": {
            "year_quarter": 20112,
            "year": 2011,
            "quarter": 2,
            "eps": null,
            "eps_growth_year": null,
            "eps_4q": null,
            "eps_4q_growth_year": null,
            "roe": null,
            "roe_4q": 0,
            "gross_profit": null,
            "gross_margin": null,
            "gross_margin_4q_avg": 0,
            "net_income": null,
            "net_income_4q": null,
            "revenue": null,
            "revenue_4q": null,
            "common_shares": 600000,
            "book_valuer_per_share": 16.19,
            "book_valuer_per_share_4q_avg": 8.34,
            "equity": 1245798,
            "current_ratio": 100.84,
            "debt_ratio": 65.96,
            "inventory_turnover_ratio": null,
            "account_receivable_turnover_ratio": null,
            "reinvestment_rate": null,
            "research_to_sale_ratio": null,
            "price_fair": 0,
            "eps_avg_yearly": 0,
            "eps_latest_yearly": 0,
            "eps_growth_yearly": 0
        },
        "20113": {
            "year_quarter": 20113,
            "year": 2011,
            "quarter": 3,
            "eps": null,
            "eps_growth_year": null,
            "eps_4q": null,
            "eps_4q_growth_year": null,
            "roe": null,
            "roe_4q": 0,
            "gross_profit": 253778,
            "gross_margin": null,
            "gross_margin_4q_avg": 0,
            "net_income": 59356,
            "net_income_4q": null,
            "revenue": 939827,
            "revenue_4q": null,
            "common_shares": 749010,
            "book_valuer_per_share": 17.9,
            "book_valuer_per_share_4q_avg": 12.81,
            "equity": 1340661,
            "current_ratio": 109.94,
            "debt_ratio": 62.42,
            "inventory_turnover_ratio": null,
            "account_receivable_turnover_ratio": null,
            "reinvestment_rate": null,
            "research_to_sale_ratio": null,
            "price_fair": 0,
            "eps_avg_yearly": 0,
            "eps_latest_yearly": 0,
            "eps_growth_yearly": 0
        },
        "20114": {
            "year_quarter": 20114,
            "year": 2011,
            "quarter": 4,
            "eps": null,
            "eps_growth_year": null,
            "eps_4q": null,
            "eps_4q_growth_year": null,
            "roe": null,
            "roe_4q": 0,
            "gross_profit": 289173,
            "gross_margin": null,
            "gross_margin_4q_avg": 0,
            "net_income": 76894,
            "net_income_4q": null,
            "revenue": 818715,
            "revenue_4q": null,
            "common_shares": 749010,
            "book_valuer_per_share": 19.36,
            "book_valuer_per_share_4q_avg": 13.36,
            "equity": 1431496,
            "current_ratio": 132.49,
            "debt_ratio": 58.2,
            "inventory_turnover_ratio": null,
            "account_receivable_turnover_ratio": null,
            "reinvestment_rate": null,
            "research_to_sale_ratio": null,
            "price_fair": 0,
            "eps_avg_yearly": 0,
            "eps_latest_yearly": 0,
            "eps_growth_yearly": 0
        },
        "20121": {
            "year_quarter": 20121,
            "year": 2012,
            "quarter": 1,
            "eps": null,
            "eps_growth_year": null,
            "eps_4q": null,
            "eps_4q_growth_year": null,
            "roe": null,
            "roe_4q": 0,
            "gross_profit": 148067,
            "gross_margin": null,
            "gross_margin_4q_avg": 0,
            "net_income": 2734,
            "net_income_4q": null,
            "revenue": 460541,
            "revenue_4q": null,
            "common_shares": 741230,
            "book_valuer_per_share": null,
            "book_valuer_per_share_4q_avg": 13.36,
            "equity": 1419612,
            "current_ratio": null,
            "debt_ratio": null,
            "inventory_turnover_ratio": null,
            "account_receivable_turnover_ratio": null,
            "reinvestment_rate": null,
            "research_to_sale_ratio": null,
            "price_fair": 0,
            "eps_avg_yearly": 0,
            "eps_latest_yearly": 0,
            "eps_growth_yearly": 0
        },
        "20122": {
            "year_quarter": 20122,
            "year": 2012,
            "quarter": 2,
            "eps": null,
            "eps_growth_year": null,
            "eps_4q": null,
            "eps_4q_growth_year": null,
            "roe": null,
            "roe_4q": 0,
            "gross_profit": 196672,
            "gross_margin": null,
            "gross_margin_4q_avg": 0,
            "net_income": 9368,
            "net_income_4q": null,
            "revenue": 524993,
            "revenue_4q": null,
            "common_shares": 741230,
            "book_valuer_per_share": 19.01,
            "book_valuer_per_share_4q_avg": 14.07,
            "equity": 1409111,
            "current_ratio": 129.03,
            "debt_ratio": 56.22,
            "inventory_turnover_ratio": null,
            "account_receivable_turnover_ratio": null,
            "reinvestment_rate": null,
            "research_to_sale_ratio": null,
            "price_fair": 0,
            "eps_avg_yearly": 0,
            "eps_latest_yearly": 0,
            "eps_growth_yearly": 0
        },
        "20123": {
            "year_quarter": 20123,
            "year": 2012,
            "quarter": 3,
            "eps": 1.18,
            "eps_growth_year": null,
            "eps_4q": 1.18,
            "eps_4q_growth_year": null,
            "roe": 6.04,
            "roe_4q": 6.04,
            "gross_profit": 215994,
            "gross_margin": 32.88,
            "gross_margin_4q_avg": 8.22,
            "net_income": 87577,
            "net_income_4q": null,
            "revenue": 657016,
            "revenue_4q": null,
            "common_shares": 741230,
            "book_valuer_per_share": 20.11,
            "book_valuer_per_share_4q_avg": 14.62,
            "equity": 1490939,
            "current_ratio": 137.93,
            "debt_ratio": 53.17,
            "inventory_turnover_ratio": 0.67,
            "account_receivable_turnover_ratio": 1.96,
            "reinvestment_rate": null,
            "research_to_sale_ratio": 3.51,
            "price_fair": 0,
            "eps_avg_yearly": 0,
            "eps_latest_yearly": 0,
            "eps_growth_yearly": 0
        },
        "20124": {
            "year_quarter": 20124,
            "year": 2012,
            "quarter": 4,
            "eps": 1.03,
            "eps_growth_year": null,
            "eps_4q": 2.21,
            "eps_4q_growth_year": null,
            "roe": 5.01,
            "roe_4q": 11.05,
            "gross_profit": 232542,
            "gross_margin": 38.14,
            "gross_margin_4q_avg": 17.76,
            "net_income": 76537,
            "net_income_4q": null,
            "revenue": 609745,
            "revenue_4q": null,
            "common_shares": 741230,
            "book_valuer_per_share": 21.09,
            "book_valuer_per_share_4q_avg": 15.05,
            "equity": 1563363,
            "current_ratio": 159.73,
            "debt_ratio": 48.99,
            "inventory_turnover_ratio": 0.62,
            "account_receivable_turnover_ratio": 1.95,
            "reinvestment_rate": null,
            "research_to_sale_ratio": 5.5,
            "price_fair": 12.36,
            "eps_avg_yearly": 4.12,
            "eps_latest_yearly": 4.12,
            "eps_growth_yearly": -50.85
        },
        "20131": {
            "year_quarter": 20131,
            "year": 2013,
            "quarter": 1,
            "eps": 0.45,
            "eps_growth_year": null,
            "eps_4q": 2.44,
            "eps_4q_growth_year": null,
            "roe": 1.99,
            "roe_4q": 13.04,
            "gross_profit": 185232,
            "gross_margin": 30.21,
            "gross_margin_4q_avg": 25.31,
            "net_income": 33854,
            "net_income_4q": null,
            "revenue": 613076,
            "revenue_4q": null,
            "common_shares": 811390,
            "book_valuer_per_share": 22.7,
            "book_valuer_per_share_4q_avg": 20.73,
            "equity": 1842195,
            "current_ratio": 218,
            "debt_ratio": 41.13,
            "inventory_turnover_ratio": 0.79,
            "account_receivable_turnover_ratio": 1.96,
            "reinvestment_rate": null,
            "research_to_sale_ratio": 4.72,
            "price_fair": 8.88,
            "eps_avg_yearly": 2.96,
            "eps_latest_yearly": 1.8,
            "eps_growth_yearly": -138.05
        },
        "20132": {
            "year_quarter": 20132,
            "year": 2013,
            "quarter": 2,
            "eps": 0.62,
            "eps_growth_year": null,
            "eps_4q": 3.06,
            "eps_4q_growth_year": null,
            "roe": 2.8,
            "roe_4q": 15.84,
            "gross_profit": 228091,
            "gross_margin": 29.71,
            "gross_margin_4q_avg": 32.74,
            "net_income": 50530,
            "net_income_4q": null,
            "revenue": 767609,
            "revenue_4q": null,
            "common_shares": 811390,
            "book_valuer_per_share": 21.84,
            "book_valuer_per_share_4q_avg": 21.44,
            "equity": 1772127,
            "current_ratio": 155.33,
            "debt_ratio": 47.85,
            "inventory_turnover_ratio": 0.97,
            "account_receivable_turnover_ratio": 2.02,
            "reinvestment_rate": null,
            "research_to_sale_ratio": 4.3,
            "price_fair": 8.4,
            "eps_avg_yearly": 2.8,
            "eps_latest_yearly": 2.48,
            "eps_growth_yearly": -41.66
        },
        "20133": {
            "year_quarter": 20133,
            "year": 2013,
            "quarter": 3,
            "eps": 0.96,
            "eps_growth_year": -18.75,
            "eps_4q": 2.95,
            "eps_4q_growth_year": 149.28,
            "roe": 4.31,
            "roe_4q": 14.11,
            "gross_profit": 268409,
            "gross_margin": 34.59,
            "gross_margin_4q_avg": 33.16,
            "net_income": 78057,
            "net_income_4q": null,
            "revenue": 775875,
            "revenue_4q": null,
            "common_shares": 811390,
            "book_valuer_per_share": 22.77,
            "book_valuer_per_share_4q_avg": 22.1,
            "equity": 1847683,
            "current_ratio": 179.45,
            "debt_ratio": 42.73,
            "inventory_turnover_ratio": 0.87,
            "account_receivable_turnover_ratio": 1.78,
            "reinvestment_rate": null,
            "research_to_sale_ratio": 4.17,
            "price_fair": 102.8,
            "eps_avg_yearly": 3.06,
            "eps_latest_yearly": 3.84,
            "eps_growth_yearly": 23.59
        },
        "20134": {
            "year_quarter": 20134,
            "year": 2013,
            "quarter": 4,
            "eps": 1.07,
            "eps_growth_year": 3.81,
            "eps_4q": 3.07,
            "eps_4q_growth_year": 38.84,
            "roe": 4.6,
            "roe_4q": 13.700000000000001,
            "gross_profit": 301205,
            "gross_margin": 33.06,
            "gross_margin_4q_avg": 31.89,
            "net_income": 86976,
            "net_income_4q": null,
            "revenue": 911080,
            "revenue_4q": null,
            "common_shares": 811390,
            "book_valuer_per_share": 23.88,
            "book_valuer_per_share_4q_avg": 22.8,
            "equity": 1937962,
            "current_ratio": 209.42,
            "debt_ratio": 40.28,
            "inventory_turnover_ratio": 1.32,
            "account_receivable_turnover_ratio": 1.86,
            "reinvestment_rate": null,
            "research_to_sale_ratio": 4.02,
            "price_fair": 115.64,
            "eps_avg_yearly": 3.3,
            "eps_latest_yearly": 4.28,
            "eps_growth_yearly": 28.04
        },
        "20141": {
            "year_quarter": 20141,
            "year": 2014,
            "quarter": 1,
            "eps": 0.07,
            "eps_growth_year": -84.44,
            "eps_4q": 2.72,
            "eps_4q_growth_year": 11.65,
            "roe": 0.28,
            "roe_4q": 11.989999999999998,
            "gross_profit": 162886,
            "gross_margin": 29.74,
            "gross_margin_4q_avg": 31.78,
            "net_income": 5475,
            "net_income_4q": null,
            "revenue": 547630,
            "revenue_4q": null,
            "common_shares": 811390,
            "book_valuer_per_share": 23.97,
            "book_valuer_per_share_4q_avg": 23.12,
            "equity": 1945226,
            "current_ratio": 215.38,
            "debt_ratio": 38.52,
            "inventory_turnover_ratio": 1.01,
            "account_receivable_turnover_ratio": 1.16,
            "reinvestment_rate": null,
            "research_to_sale_ratio": 6.56,
            "price_fair": 8.4,
            "eps_avg_yearly": 2.8,
            "eps_latest_yearly": 0.28,
            "eps_growth_yearly": -38.94
        },
        "20142": {
            "year_quarter": 20142,
            "year": 2014,
            "quarter": 2,
            "eps": 0.4,
            "eps_growth_year": -35.48,
            "eps_4q": 2.5,
            "eps_4q_growth_year": -18.34,
            "roe": 1.76,
            "roe_4q": 10.95,
            "gross_profit": 201840,
            "gross_margin": 31.05,
            "gross_margin_4q_avg": 32.11,
            "net_income": 32423,
            "net_income_4q": null,
            "revenue": 649964,
            "revenue_4q": null,
            "common_shares": 811390,
            "book_valuer_per_share": 21.36,
            "book_valuer_per_share_4q_avg": 23,
            "equity": 1732736,
            "current_ratio": 164.51,
            "debt_ratio": 45,
            "inventory_turnover_ratio": 1.13,
            "account_receivable_turnover_ratio": 1.56,
            "reinvestment_rate": null,
            "research_to_sale_ratio": 5.89,
            "price_fair": 92,
            "eps_avg_yearly": 2.63,
            "eps_latest_yearly": 1.6,
            "eps_growth_yearly": 236.01
        },
        "20143": {
            "year_quarter": 20143,
            "year": 2014,
            "quarter": 3,
            "eps": 0.96,
            "eps_growth_year": 0,
            "eps_4q": 2.5,
            "eps_4q_growth_year": -15.17,
            "roe": 4.39,
            "roe_4q": 11.03,
            "gross_profit": 282968,
            "gross_margin": 41.56,
            "gross_margin_4q_avg": 33.85,
            "net_income": 77859,
            "net_income_4q": null,
            "revenue": 680904,
            "revenue_4q": null,
            "common_shares": 811390,
            "book_valuer_per_share": 22.34,
            "book_valuer_per_share_4q_avg": 22.89,
            "equity": 1812840,
            "current_ratio": 158.65,
            "debt_ratio": 46.13,
            "inventory_turnover_ratio": 0.87,
            "account_receivable_turnover_ratio": 1.48,
            "reinvestment_rate": null,
            "research_to_sale_ratio": 6.4,
            "price_fair": 97.3,
            "eps_avg_yearly": 2.78,
            "eps_latest_yearly": 3.84,
            "eps_growth_yearly": 276.51
        },
        "20144": {
            "year_quarter": 20144,
            "year": 2014,
            "quarter": 4,
            "eps": 1.61,
            "eps_growth_year": 50.06,
            "eps_4q": 3.04,
            "eps_4q_growth_year": -1.26,
            "roe": 6.92,
            "roe_4q": 13.349999999999998,
            "gross_profit": 322330,
            "gross_margin": 38.46,
            "gross_margin_4q_avg": 35.2,
            "net_income": 130520,
            "net_income_4q": null,
            "revenue": 838160,
            "revenue_4q": null,
            "common_shares": 811390,
            "book_valuer_per_share": 24.12,
            "book_valuer_per_share_4q_avg": 22.95,
            "equity": 1956702,
            "current_ratio": 172,
            "debt_ratio": 43.76,
            "inventory_turnover_ratio": 1,
            "account_receivable_turnover_ratio": 1.58,
            "reinvestment_rate": null,
            "research_to_sale_ratio": 5.03,
            "price_fair": 111.53,
            "eps_avg_yearly": 3.19,
            "eps_latest_yearly": 6.44,
            "eps_growth_yearly": 275.88
        },
        "20151": {
            "year_quarter": 20151,
            "year": 2015,
            "quarter": 1,
            "eps": 0.13,
            "eps_growth_year": 85.71,
            "eps_4q": 3.1,
            "eps_4q_growth_year": 13.64,
            "roe": 0.53,
            "roe_4q": 13.6,
            "gross_profit": 201212,
            "gross_margin": 29.99,
            "gross_margin_4q_avg": 35.27,
            "net_income": 10382,
            "net_income_4q": null,
            "revenue": 670983,
            "revenue_4q": null,
            "common_shares": 811390,
            "book_valuer_per_share": 24.18,
            "book_valuer_per_share_4q_avg": 23,
            "equity": 1962319,
            "current_ratio": 174.22,
            "debt_ratio": 44.9,
            "inventory_turnover_ratio": 0.81,
            "account_receivable_turnover_ratio": 1.14,
            "reinvestment_rate": null,
            "research_to_sale_ratio": 7.5,
            "price_fair": 102.2,
            "eps_avg_yearly": 2.92,
            "eps_latest_yearly": 0.52,
            "eps_growth_yearly": 211.52
        },
        "20152": {
            "year_quarter": 20152,
            "year": 2015,
            "quarter": 2,
            "eps": -0.01,
            "eps_growth_year": -102.5,
            "eps_4q": 2.7,
            "eps_4q_growth_year": 8.12,
            "roe": -0.04,
            "roe_4q": 11.8,
            "gross_profit": 210839,
            "gross_margin": 31.95,
            "gross_margin_4q_avg": 35.49,
            "net_income": -719,
            "net_income_4q": null,
            "revenue": 659880,
            "revenue_4q": null,
            "common_shares": 811390,
            "book_valuer_per_share": 22.41,
            "book_valuer_per_share_4q_avg": 23.26,
            "equity": 1806963,
            "current_ratio": 155.36,
            "debt_ratio": 48.54,
            "inventory_turnover_ratio": 0.71,
            "account_receivable_turnover_ratio": 1.04,
            "reinvestment_rate": -53.29,
            "research_to_sale_ratio": 7.18,
            "price_fair": 102.2,
            "eps_avg_yearly": 2.92,
            "eps_latest_yearly": 0.52,
            "eps_growth_yearly": 211.52
        },
        "20153": {
            "year_quarter": 20153,
            "year": 2015,
            "quarter": 3,
            "eps": 0.05,
            "eps_growth_year": -94.79,
            "eps_4q": 1.79,
            "eps_4q_growth_year": -28.23,
            "roe": 0.21,
            "roe_4q": 7.62,
            "gross_profit": 197585,
            "gross_margin": 24.79,
            "gross_margin_4q_avg": 31.3,
            "net_income": 3863,
            "net_income_4q": null,
            "revenue": 796960,
            "revenue_4q": null,
            "common_shares": 811390,
            "book_valuer_per_share": 22.49,
            "book_valuer_per_share_4q_avg": 23.3,
            "equity": 1806192,
            "current_ratio": 142.32,
            "debt_ratio": 48.82,
            "inventory_turnover_ratio": 0.94,
            "account_receivable_turnover_ratio": 1.27,
            "reinvestment_rate": -16.27,
            "research_to_sale_ratio": 6.17,
            "price_fair": 102.2,
            "eps_avg_yearly": 2.92,
            "eps_latest_yearly": 0.52,
            "eps_growth_yearly": 211.52
        },
        "20154": {
            "year_quarter": 20154,
            "year": 2015,
            "quarter": 4,
            "eps": 0.89,
            "eps_growth_year": -44.64,
            "eps_4q": 1.06,
            "eps_4q_growth_year": -65.17,
            "roe": 3.86,
            "roe_4q": 4.5600000000000005,
            "gross_profit": 293380,
            "gross_margin": 36.02,
            "gross_margin_4q_avg": 30.69,
            "net_income": 72254,
            "net_income_4q": null,
            "revenue": 814594,
            "revenue_4q": null,
            "common_shares": 811390,
            "book_valuer_per_share": 23.85,
            "book_valuer_per_share_4q_avg": 23.23,
            "equity": 1935232,
            "current_ratio": 161.71,
            "debt_ratio": 46.86,
            "inventory_turnover_ratio": 0.72,
            "account_receivable_turnover_ratio": 1.25,
            "reinvestment_rate": -50.46,
            "research_to_sale_ratio": 6.03,
            "price_fair": 104.24,
            "eps_avg_yearly": 2.98,
            "eps_latest_yearly": 3.56,
            "eps_growth_yearly": 803.2
        },
        "20161": {
            "year_quarter": 20161,
            "year": 2016,
            "quarter": 1,
            "eps": 1.02,
            "eps_growth_year": 684.62,
            "eps_4q": 1.95,
            "eps_4q_growth_year": -37.09,
            "roe": 4.18,
            "roe_4q": 8.21,
            "gross_profit": 303015,
            "gross_margin": 32.86,
            "gross_margin_4q_avg": 31.41,
            "net_income": 82613,
            "net_income_4q": null,
            "revenue": 922063,
            "revenue_4q": null,
            "common_shares": 811390,
            "book_valuer_per_share": 24.83,
            "book_valuer_per_share_4q_avg": 23.4,
            "equity": 2014338,
            "current_ratio": 175.06,
            "debt_ratio": 49.2,
            "inventory_turnover_ratio": 0.79,
            "account_receivable_turnover_ratio": 1.13,
            "reinvestment_rate": -20.03,
            "research_to_sale_ratio": 5.73,
            "price_fair": 107.45,
            "eps_avg_yearly": 3.07,
            "eps_latest_yearly": 4.08,
            "eps_growth_yearly": 741.14
        },
        "20162": {
            "year_quarter": 20162,
            "year": 2016,
            "quarter": 2,
            "eps": 0.99,
            "eps_growth_year": null,
            "eps_4q": 2.95,
            "eps_4q_growth_year": 8.97,
            "roe": 3.99,
            "roe_4q": 12.24,
            "gross_profit": 286885,
            "gross_margin": 34.23,
            "gross_margin_4q_avg": 31.98,
            "net_income": 80360,
            "net_income_4q": null,
            "revenue": 838195,
            "revenue_4q": null,
            "common_shares": 811390,
            "book_valuer_per_share": 24.79,
            "book_valuer_per_share_4q_avg": 23.99,
            "equity": 2011399,
            "current_ratio": 155.97,
            "debt_ratio": 48.61,
            "inventory_turnover_ratio": 0.71,
            "account_receivable_turnover_ratio": 0.94,
            "reinvestment_rate": -50.02,
            "research_to_sale_ratio": 7.46,
            "price_fair": 109.85,
            "eps_avg_yearly": 3.14,
            "eps_latest_yearly": 3.96,
            "eps_growth_yearly": 683.22
        },
        "20163": {
            "year_quarter": 20163,
            "year": 2016,
            "quarter": 3,
            "eps": 0.69,
            "eps_growth_year": 1280,
            "eps_4q": 3.59,
            "eps_4q_growth_year": 99.99,
            "roe": 2.74,
            "roe_4q": 14.77,
            "gross_profit": 260674,
            "gross_margin": 30.6,
            "gross_margin_4q_avg": 33.43,
            "net_income": 55766,
            "net_income_4q": null,
            "revenue": 851969,
            "revenue_4q": null,
            "common_shares": 811390,
            "book_valuer_per_share": 25.39,
            "book_valuer_per_share_4q_avg": 24.72,
            "equity": 2060378,
            "current_ratio": 221.7,
            "debt_ratio": 39.46,
            "inventory_turnover_ratio": 0.86,
            "account_receivable_turnover_ratio": 1.12,
            "reinvestment_rate": -51.61,
            "research_to_sale_ratio": 5.93,
            "price_fair": 108.9,
            "eps_avg_yearly": 3.11,
            "eps_latest_yearly": 2.76,
            "eps_growth_yearly": 625.76
        },
        "20164": {
            "year_quarter": 20164,
            "year": 2016,
            "quarter": 4,
            "eps": 0.91,
            "eps_growth_year": 1.93,
            "eps_4q": 3.6,
            "eps_4q_growth_year": 240.85,
            "roe": 3.51,
            "roe_4q": 14.42,
            "gross_profit": 327508,
            "gross_margin": 37.1,
            "gross_margin_4q_avg": 33.7,
            "net_income": 73646,
            "net_income_4q": null,
            "revenue": 882694,
            "revenue_4q": null,
            "common_shares": 811390,
            "book_valuer_per_share": 26.32,
            "book_valuer_per_share_4q_avg": 25.33,
            "equity": 2135775,
            "current_ratio": 178.36,
            "debt_ratio": 38.73,
            "inventory_turnover_ratio": 0.89,
            "account_receivable_turnover_ratio": 1.38,
            "reinvestment_rate": -50.41,
            "research_to_sale_ratio": 6.86,
            "price_fair": 107.7,
            "eps_avg_yearly": 3.08,
            "eps_latest_yearly": 3.64,
            "eps_growth_yearly": 638.5
        },
        "20171": {
            "year_quarter": 20171,
            "year": 2017,
            "quarter": 1,
            "eps": 0.21,
            "eps_growth_year": -79.41,
            "eps_4q": 2.79,
            "eps_4q_growth_year": 43.52,
            "roe": 0.8,
            "roe_4q": 11.04,
            "gross_profit": 240091,
            "gross_margin": 38.11,
            "gross_margin_4q_avg": 35.01,
            "net_income": 17007,
            "net_income_4q": null,
            "revenue": 629945,
            "revenue_4q": null,
            "common_shares": 811390,
            "book_valuer_per_share": 26.38,
            "book_valuer_per_share_4q_avg": 25.72,
            "equity": 2140156,
            "current_ratio": 216.65,
            "debt_ratio": 32.04,
            "inventory_turnover_ratio": 0.6,
            "account_receivable_turnover_ratio": 1.09,
            "reinvestment_rate": -25.65,
            "research_to_sale_ratio": 8.03,
            "price_fair": 105.3,
            "eps_avg_yearly": 3.01,
            "eps_latest_yearly": 0.84,
            "eps_growth_yearly": 632.61
        },
        "20172": {
            "year_quarter": 20172,
            "year": 2017,
            "quarter": 2,
            "eps": 0.91,
            "eps_growth_year": -8.08,
            "eps_4q": 2.74,
            "eps_4q_growth_year": -6.92,
            "roe": 3.56,
            "roe_4q": 10.61,
            "gross_profit": 288733,
            "gross_margin": 31.61,
            "gross_margin_4q_avg": 34.36,
            "net_income": 73892,
            "net_income_4q": null,
            "revenue": 913337,
            "revenue_4q": null,
            "common_shares": 811390,
            "book_valuer_per_share": 25,
            "book_valuer_per_share_4q_avg": 25.77,
            "equity": 2007921,
            "current_ratio": 190.63,
            "debt_ratio": 39.8,
            "inventory_turnover_ratio": 1.02,
            "account_receivable_turnover_ratio": 1.61,
            "reinvestment_rate": -30.19,
            "research_to_sale_ratio": 6.59,
            "price_fair": 108.2,
            "eps_avg_yearly": 3.09,
            "eps_latest_yearly": 3.64,
            "eps_growth_yearly": 717.06
        },
        "20173": {
            "year_quarter": 20173,
            "year": 2017,
            "quarter": 3,
            "eps": 1.06,
            "eps_growth_year": 53.62,
            "eps_4q": 3.09,
            "eps_4q_growth_year": -13.85,
            "roe": 4.15,
            "roe_4q": 12.020000000000001,
            "gross_profit": 335492,
            "gross_margin": 37.91,
            "gross_margin_4q_avg": 36.18,
            "net_income": 86151,
            "net_income_4q": null,
            "revenue": 884864,
            "revenue_4q": null,
            "common_shares": 811390,
            "book_valuer_per_share": 26.44,
            "book_valuer_per_share_4q_avg": 26.04,
            "equity": 2145587,
            "current_ratio": 226.58,
            "debt_ratio": 35.76,
            "inventory_turnover_ratio": 1.02,
            "account_receivable_turnover_ratio": 1.34,
            "reinvestment_rate": -37.91,
            "research_to_sale_ratio": 6.84,
            "price_fair": 109.2,
            "eps_avg_yearly": 3.12,
            "eps_latest_yearly": 4.24,
            "eps_growth_yearly": 706.1
        },
        "20174": {
            "year_quarter": 20174,
            "year": 2017,
            "quarter": 4,
            "eps": 1.87,
            "eps_growth_year": 105.59,
            "eps_4q": 4.05,
            "eps_4q_growth_year": 12.34,
            "roe": 6.82,
            "roe_4q": 15.330000000000002,
            "gross_profit": 386958,
            "gross_margin": 34.83,
            "gross_margin_4q_avg": 35.62,
            "net_income": 151409,
            "net_income_4q": null,
            "revenue": 1110985,
            "revenue_4q": null,
            "common_shares": 811390,
            "book_valuer_per_share": 28.28,
            "book_valuer_per_share_4q_avg": 26.53,
            "equity": 2294892,
            "current_ratio": 235.33,
            "debt_ratio": 35.72,
            "inventory_turnover_ratio": 1.57,
            "account_receivable_turnover_ratio": 1.45,
            "reinvestment_rate": -44.62,
            "research_to_sale_ratio": 5.08,
            "price_fair": 117.2,
            "eps_avg_yearly": 3.35,
            "eps_latest_yearly": 7.48,
            "eps_growth_yearly": 724.66
        },
        "20181": {
            "year_quarter": 20181,
            "year": 2018,
            "quarter": 1,
            "eps": 0.19,
            "eps_growth_year": -9.52,
            "eps_4q": 4.03,
            "eps_4q_growth_year": 44.3,
            "roe": 0.69,
            "roe_4q": 15.22,
            "gross_profit": 238603,
            "gross_margin": 34.39,
            "gross_margin_4q_avg": 34.69,
            "net_income": 15780,
            "net_income_4q": null,
            "revenue": 693868,
            "revenue_4q": null,
            "common_shares": 811390,
            "book_valuer_per_share": 28.47,
            "book_valuer_per_share_4q_avg": 27.05,
            "equity": 2309702,
            "current_ratio": 221.04,
            "debt_ratio": 31.57,
            "inventory_turnover_ratio": 0.91,
            "account_receivable_turnover_ratio": 0.98,
            "reinvestment_rate": -50.77,
            "research_to_sale_ratio": 7.36,
            "price_fair": 118.4,
            "eps_avg_yearly": 3.38,
            "eps_latest_yearly": 0.76,
            "eps_growth_yearly": 725.69
        },
        "20182": {
            "year_quarter": 20182,
            "year": 2018,
            "quarter": 2,
            "eps": 1.22,
            "eps_growth_year": 34.07,
            "eps_4q": 4.34,
            "eps_4q_growth_year": 58.24,
            "roe": 4.33,
            "roe_4q": 15.99,
            "gross_profit": 329749,
            "gross_margin": 31.72,
            "gross_margin_4q_avg": 34.71,
            "net_income": 98809,
            "net_income_4q": null,
            "revenue": 1039588,
            "revenue_4q": null,
            "common_shares": 811390,
            "book_valuer_per_share": 27.74,
            "book_valuer_per_share_4q_avg": 27.73,
            "equity": 2250843,
            "current_ratio": 175.98,
            "debt_ratio": 41.16,
            "inventory_turnover_ratio": 1.05,
            "account_receivable_turnover_ratio": 1.42,
            "reinvestment_rate": -46.14,
            "research_to_sale_ratio": 5.81,
            "price_fair": 126.6,
            "eps_avg_yearly": 3.62,
            "eps_latest_yearly": 4.88,
            "eps_growth_yearly": 745.89
        },
        "20183": {
            "year_quarter": 20183,
            "year": 2018,
            "quarter": 3,
            "eps": 1.61,
            "eps_growth_year": 51.89,
            "eps_4q": 4.89,
            "eps_4q_growth_year": 58.28,
            "roe": 5.65,
            "roe_4q": 17.490000000000002,
            "gross_profit": 424454,
            "gross_margin": 33.18,
            "gross_margin_4q_avg": 33.53,
            "net_income": 130813,
            "net_income_4q": null,
            "revenue": 1279139,
            "revenue_4q": null,
            "common_shares": 811390,
            "book_valuer_per_share": 29.33,
            "book_valuer_per_share_4q_avg": 28.46,
            "equity": 2379527,
            "current_ratio": 204.77,
            "debt_ratio": 38.66,
            "inventory_turnover_ratio": 1.18,
            "account_receivable_turnover_ratio": 1.39,
            "reinvestment_rate": -52.76,
            "research_to_sale_ratio": 4.71,
            "price_fair": 133.1,
            "eps_avg_yearly": 3.8,
            "eps_latest_yearly": 6.44,
            "eps_growth_yearly": 715.02
        },
        "20184": {
            "year_quarter": 20184,
            "year": 2018,
            "quarter": 4,
            "eps": 2.15,
            "eps_growth_year": 14.99,
            "eps_4q": 5.2,
            "eps_4q_growth_year": 28.48,
            "roe": 7.06,
            "roe_4q": 17.73,
            "gross_profit": 455562,
            "gross_margin": 46.7,
            "gross_margin_4q_avg": 36.5,
            "net_income": 172368,
            "net_income_4q": null,
            "revenue": 975438,
            "revenue_4q": null,
            "common_shares": 811390,
            "book_valuer_per_share": 31.15,
            "book_valuer_per_share_4q_avg": 29.17,
            "equity": 2502381,
            "current_ratio": 179.71,
            "debt_ratio": 35.84,
            "inventory_turnover_ratio": 0.74,
            "account_receivable_turnover_ratio": 1.07,
            "reinvestment_rate": -47.25,
            "research_to_sale_ratio": 7.65,
            "price_fair": 138.5,
            "eps_avg_yearly": 3.96,
            "eps_latest_yearly": 8.6,
            "eps_growth_yearly": 705.26
        },
        "20191": {
            "year_quarter": 20191,
            "year": 2019,
            "quarter": 1,
            "eps": 1.18,
            "eps_growth_year": 521.05,
            "eps_4q": 6.18,
            "eps_4q_growth_year": 53.27,
            "roe": 3.71,
            "roe_4q": 20.75,
            "gross_profit": 352519,
            "gross_margin": 33.63,
            "gross_margin_4q_avg": 36.31,
            "net_income": 94542,
            "net_income_4q": null,
            "revenue": 1048193,
            "revenue_4q": null,
            "common_shares": 811390,
            "book_valuer_per_share": 32.36,
            "book_valuer_per_share_4q_avg": 30.15,
            "equity": 2599151,
            "current_ratio": 203.61,
            "debt_ratio": 33.01,
            "inventory_turnover_ratio": 0.96,
            "account_receivable_turnover_ratio": 1.2,
            "reinvestment_rate": -43.26,
            "research_to_sale_ratio": 5.44,
            "price_fair": 149,
            "eps_avg_yearly": 4.26,
            "eps_latest_yearly": 4.72,
            "eps_growth_yearly": 718.63
        },
        "20192": {
            "year_quarter": 20192,
            "year": 2019,
            "quarter": 2,
            "eps": 1.22,
            "eps_growth_year": 0,
            "eps_4q": 6.18,
            "eps_4q_growth_year": 42.3,
            "roe": 3.86,
            "roe_4q": 20.28,
            "gross_profit": 398807,
            "gross_margin": 35.88,
            "gross_margin_4q_avg": 37.35,
            "net_income": 98385,
            "net_income_4q": null,
            "revenue": 1111536,
            "revenue_4q": null,
            "common_shares": 811390,
            "book_valuer_per_share": 31.09,
            "book_valuer_per_share_4q_avg": 30.98,
            "equity": 2497582,
            "current_ratio": 190.05,
            "debt_ratio": 35.2,
            "inventory_turnover_ratio": 0.96,
            "account_receivable_turnover_ratio": 1.38,
            "reinvestment_rate": -39.43,
            "research_to_sale_ratio": 5.29,
            "price_fair": 150.45,
            "eps_avg_yearly": 4.3,
            "eps_latest_yearly": 4.88,
            "eps_growth_yearly": 671.63
        },
        "20193": {
            "year_quarter": 20193,
            "year": 2019,
            "quarter": 3,
            "eps": 1.15,
            "eps_growth_year": -28.57,
            "eps_4q": 5.7,
            "eps_4q_growth_year": 16.47,
            "roe": 3.63,
            "roe_4q": 18.259999999999998,
            "gross_profit": 347432,
            "gross_margin": 33.24,
            "gross_margin_4q_avg": 37.36,
            "net_income": 92243,
            "net_income_4q": null,
            "revenue": 1045209,
            "revenue_4q": null,
            "common_shares": 811390,
            "book_valuer_per_share": 32.19,
            "book_valuer_per_share_4q_avg": 31.7,
            "equity": 2586076,
            "current_ratio": 219.21,
            "debt_ratio": 30.61,
            "inventory_turnover_ratio": 1.03,
            "account_receivable_turnover_ratio": 1.36,
            "reinvestment_rate": -21.74,
            "research_to_sale_ratio": 5.85,
            "price_fair": 151.11,
            "eps_avg_yearly": 4.32,
            "eps_latest_yearly": 4.6,
            "eps_growth_yearly": 628.22
        },
        "20194": {
            "year_quarter": 20194,
            "year": 2019,
            "quarter": 4,
            "eps": 0.47,
            "eps_growth_year": -78.23,
            "eps_4q": 4.02,
            "eps_4q_growth_year": -22.76,
            "roe": 1.44,
            "roe_4q": 12.64,
            "gross_profit": 285367,
            "gross_margin": 38.33,
            "gross_margin_4q_avg": 35.27,
            "net_income": 37529,
            "net_income_4q": null,
            "revenue": 744413,
            "revenue_4q": null,
            "common_shares": 811390,
            "book_valuer_per_share": 32.61,
            "book_valuer_per_share_4q_avg": 32.06,
            "equity": 2619225,
            "current_ratio": 243.12,
            "debt_ratio": 27.81,
            "inventory_turnover_ratio": 0.69,
            "account_receivable_turnover_ratio": 1.04,
            "reinvestment_rate": -19.27,
            "research_to_sale_ratio": 9.31,
            "price_fair": 147.44,
            "eps_avg_yearly": 4.21,
            "eps_latest_yearly": 1.88,
            "eps_growth_yearly": 193.43
        },
        "20201": {
            "year_quarter": 20201,
            "year": 2020,
            "quarter": 1,
            "eps": 0.03,
            "eps_growth_year": -97.46,
            "eps_4q": 2.87,
            "eps_4q_growth_year": -53.54,
            "roe": 0.1,
            "roe_4q": 9.03,
            "gross_profit": 242387,
            "gross_margin": 38.47,
            "gross_margin_4q_avg": 36.48,
            "net_income": 2526,
            "net_income_4q": null,
            "revenue": 630094,
            "revenue_4q": null,
            "common_shares": 811390,
            "book_valuer_per_share": 30.65,
            "book_valuer_per_share_4q_avg": 31.64,
            "equity": 2462388,
            "current_ratio": 219.55,
            "debt_ratio": 31.18,
            "inventory_turnover_ratio": 0.57,
            "account_receivable_turnover_ratio": 1.03,
            "reinvestment_rate": -13.77,
            "research_to_sale_ratio": 9.25,
            "price_fair": 138.78,
            "eps_avg_yearly": 3.97,
            "eps_latest_yearly": 0.12,
            "eps_growth_yearly": 166.38
        },
        "20202": {
            "year_quarter": 20202,
            "year": 2020,
            "quarter": 2,
            "eps": 1.29,
            "eps_growth_year": 5.74,
            "eps_4q": 2.93,
            "eps_4q_growth_year": -52.52,
            "roe": 4.11,
            "roe_4q": 9.280000000000001,
            "gross_profit": 355935,
            "gross_margin": 42.13,
            "gross_margin_4q_avg": 38.04,
            "net_income": 103234,
            "net_income_4q": null,
            "revenue": 844779,
            "revenue_4q": null,
            "common_shares": 811390,
            "book_valuer_per_share": 31.86,
            "book_valuer_per_share_4q_avg": 31.83,
            "equity": 2559360,
            "current_ratio": 186.22,
            "debt_ratio": 40.91,
            "inventory_turnover_ratio": 0.67,
            "account_receivable_turnover_ratio": 1.35,
            "reinvestment_rate": -12.25,
            "research_to_sale_ratio": 7.95,
            "price_fair": 141.4,
            "eps_avg_yearly": 4.04,
            "eps_latest_yearly": 5.16,
            "eps_growth_yearly": 1217.11
        },
        "20203": {
            "year_quarter": 20203,
            "year": 2020,
            "quarter": 3,
            "eps": 1.18,
            "eps_growth_year": 2.61,
            "eps_4q": 2.97,
            "eps_4q_growth_year": -47.93,
            "roe": 3.64,
            "roe_4q": 9.29,
            "gross_profit": 425001,
            "gross_margin": 43.97,
            "gross_margin_4q_avg": 40.73,
            "net_income": 94957,
            "net_income_4q": null,
            "revenue": 966462,
            "revenue_4q": null,
            "common_shares": 811390,
            "book_valuer_per_share": 33.09,
            "book_valuer_per_share_4q_avg": 32.05,
            "equity": 2657808,
            "current_ratio": 224.48,
            "debt_ratio": 38.46,
            "inventory_turnover_ratio": 0.67,
            "account_receivable_turnover_ratio": 1.39,
            "reinvestment_rate": -10.42,
            "research_to_sale_ratio": 5.88,
            "price_fair": 145.69,
            "eps_avg_yearly": 4.16,
            "eps_latest_yearly": 4.72,
            "eps_growth_yearly": 1222.56
        },
        "20204": {
            "year_quarter": 20204,
            "year": 2020,
            "quarter": 4,
            "eps": 1.3,
            "eps_growth_year": 179.11,
            "eps_4q": 3.8,
            "eps_4q_growth_year": -5.34,
            "roe": 3.81,
            "roe_4q": 11.66,
            "gross_profit": 432590,
            "gross_margin": 37.99,
            "gross_margin_4q_avg": 40.64,
            "net_income": 104746,
            "net_income_4q": null,
            "revenue": 1138668,
            "revenue_4q": null,
            "common_shares": 811390,
            "book_valuer_per_share": 35.43,
            "book_valuer_per_share_4q_avg": 32.76,
            "equity": 2846170,
            "current_ratio": 155.02,
            "debt_ratio": 40.61,
            "inventory_turnover_ratio": 0.83,
            "account_receivable_turnover_ratio": 1.54,
            "reinvestment_rate": 28.81,
            "research_to_sale_ratio": 5.77,
            "price_fair": 149.1,
            "eps_avg_yearly": 4.26,
            "eps_latest_yearly": 5.2,
            "eps_growth_yearly": 1217.13
        },
        "20211": {
            "year_quarter": 20211,
            "year": 2021,
            "quarter": 1,
            "eps": 0.25,
            "eps_growth_year": 733.33,
            "eps_4q": 4.02,
            "eps_4q_growth_year": 40.03,
            "roe": 0.72,
            "roe_4q": 12.280000000000001,
            "gross_profit": 266159,
            "gross_margin": 27.82,
            "gross_margin_4q_avg": 37.98,
            "net_income": 20098,
            "net_income_4q": null,
            "revenue": 956559,
            "revenue_4q": null,
            "common_shares": 811390,
            "book_valuer_per_share": 33.78,
            "book_valuer_per_share_4q_avg": 33.54,
            "equity": 2713460,
            "current_ratio": 134.73,
            "debt_ratio": 48.4,
            "inventory_turnover_ratio": 0.77,
            "account_receivable_turnover_ratio": 1.28,
            "reinvestment_rate": 27.17,
            "research_to_sale_ratio": 6.75,
            "price_fair": 149.45,
            "eps_avg_yearly": 4.27,
            "eps_latest_yearly": 1,
            "eps_growth_yearly": 1216.17
        },
        "20212": {
            "year_quarter": 20212,
            "year": 2021,
            "quarter": 2,
            "eps": 1.83,
            "eps_growth_year": 41.86,
            "eps_4q": 4.57,
            "eps_4q_growth_year": 55.85,
            "roe": 5.29,
            "roe_4q": 13.46,
            "gross_profit": 438033,
            "gross_margin": 43.72,
            "gross_margin_4q_avg": 38.38,
            "net_income": 147277,
            "net_income_4q": null,
            "revenue": 1002016,
            "revenue_4q": null,
            "common_shares": 811390,
            "book_valuer_per_share": 35.57,
            "book_valuer_per_share_4q_avg": 34.47,
            "equity": 2857299,
            "current_ratio": 132.84,
            "debt_ratio": 52.94,
            "inventory_turnover_ratio": 0.49,
            "account_receivable_turnover_ratio": 1.33,
            "reinvestment_rate": 24.94,
            "research_to_sale_ratio": 6.13,
            "price_fair": 157.5,
            "eps_avg_yearly": 4.5,
            "eps_latest_yearly": 7.32,
            "eps_growth_yearly": 1290.83
        },
        "20213": {
            "year_quarter": 20213,
            "year": 2021,
            "quarter": 3,
            "eps": 1.62,
            "eps_growth_year": 37.29,
            "eps_4q": 5,
            "eps_4q_growth_year": 68.72,
            "roe": 4.44,
            "roe_4q": 14.260000000000002,
            "gross_profit": 480010,
            "gross_margin": 37.22,
            "gross_margin_4q_avg": 36.69,
            "net_income": 129838,
            "net_income_4q": null,
            "revenue": 1289694,
            "revenue_4q": null,
            "common_shares": 811390,
            "book_valuer_per_share": 37.18,
            "book_valuer_per_share_4q_avg": 35.49,
            "equity": 2986621,
            "current_ratio": 126.97,
            "debt_ratio": 59.6,
            "inventory_turnover_ratio": 0.49,
            "account_receivable_turnover_ratio": 1.45,
            "reinvestment_rate": 26.74,
            "research_to_sale_ratio": 5.27,
            "price_fair": 162.4,
            "eps_avg_yearly": 4.64,
            "eps_latest_yearly": 6.48,
            "eps_growth_yearly": 1283.84
        },
        "20214": {
            "year_quarter": 20214,
            "year": 2021,
            "quarter": 4,
            "eps": 1.53,
            "eps_growth_year": 17.13,
            "eps_4q": 5.23,
            "eps_4q_growth_year": 37.47,
            "roe": 4.01,
            "roe_4q": 14.459999999999999,
            "gross_profit": 523002,
            "gross_margin": 36.43,
            "gross_margin_4q_avg": 36.3,
            "net_income": 122692,
            "net_income_4q": null,
            "revenue": 1435518,
            "revenue_4q": null,
            "common_shares": 811390,
            "book_valuer_per_share": 38.95,
            "book_valuer_per_share_4q_avg": 36.37,
            "equity": 3128956,
            "current_ratio": 123.12,
            "debt_ratio": 62.43,
            "inventory_turnover_ratio": 0.42,
            "account_receivable_turnover_ratio": 1.4,
            "reinvestment_rate": 27.27,
            "research_to_sale_ratio": 6,
            "price_fair": 159.43,
            "eps_avg_yearly": 4.56,
            "eps_latest_yearly": 6.12,
            "eps_growth_yearly": 1263.35
        },
        "20221": {
            "year_quarter": 20221,
            "year": 2022,
            "quarter": 1,
            "eps": 1.51,
            "eps_growth_year": 504,
            "eps_4q": 6.48,
            "eps_4q_growth_year": 61.24,
            "roe": 3.88,
            "roe_4q": 17.62,
            "gross_profit": 460347,
            "gross_margin": 36.7,
            "gross_margin_4q_avg": 38.52,
            "net_income": 121041,
            "net_income_4q": null,
            "revenue": 1254334,
            "revenue_4q": null,
            "common_shares": 811390,
            "book_valuer_per_share": 38.64,
            "book_valuer_per_share_4q_avg": 37.59,
            "equity": 3104064,
            "current_ratio": 115.71,
            "debt_ratio": 68.69,
            "inventory_turnover_ratio": 0.3,
            "account_receivable_turnover_ratio": 1.23,
            "reinvestment_rate": 52.22,
            "research_to_sale_ratio": 7.84,
            "price_fair": 170.98,
            "eps_avg_yearly": 4.89,
            "eps_latest_yearly": 6.04,
            "eps_growth_yearly": 1285.48
        },
        "20222": {
            "year_quarter": 20222,
            "year": 2022,
            "quarter": 2,
            "eps": 1.89,
            "eps_growth_year": 3.28,
            "eps_4q": 6.54,
            "eps_4q_growth_year": 43.19,
            "roe": 4.76,
            "roe_4q": 17.09,
            "gross_profit": 510688,
            "gross_margin": 36.93,
            "gross_margin_4q_avg": 36.82,
            "net_income": 152061,
            "net_income_4q": null,
            "revenue": 1382784,
            "revenue_4q": null,
            "common_shares": 811390,
            "book_valuer_per_share": 40.86,
            "book_valuer_per_share_4q_avg": 38.91,
            "equity": 3282363,
            "current_ratio": 112.56,
            "debt_ratio": 70.75,
            "inventory_turnover_ratio": 0.27,
            "account_receivable_turnover_ratio": 1.59,
            "reinvestment_rate": 54.02,
            "research_to_sale_ratio": 5.76,
            "price_fair": 176.84,
            "eps_avg_yearly": 5.05,
            "eps_latest_yearly": 7.56,
            "eps_growth_yearly": 1156.25
        },
        "20223": {
            "year_quarter": 20223,
            "year": 2022,
            "quarter": 3,
            "eps": 1.89,
            "eps_growth_year": 16.67,
            "eps_4q": 6.82,
            "eps_4q_growth_year": 36.31,
            "roe": 4.52,
            "roe_4q": 17.17,
            "gross_profit": 537184,
            "gross_margin": 37.28,
            "gross_margin_4q_avg": 36.84,
            "net_income": 152105,
            "net_income_4q": null,
            "revenue": 1440790,
            "revenue_4q": null,
            "common_shares": 811390,
            "book_valuer_per_share": 42.93,
            "book_valuer_per_share_4q_avg": 40.35,
            "equity": 3448190,
            "current_ratio": 112.64,
            "debt_ratio": 73.07,
            "inventory_turnover_ratio": 0.22,
            "account_receivable_turnover_ratio": 1.87,
            "reinvestment_rate": 54.08,
            "research_to_sale_ratio": 4.94,
            "price_fair": 179.29,
            "eps_avg_yearly": 5.12,
            "eps_latest_yearly": 7.56,
            "eps_growth_yearly": 1148.26
        },
        "20224": {
            "year_quarter": 20224,
            "year": 2022,
            "quarter": 4,
            "eps": 1.78,
            "eps_growth_year": 16.86,
            "eps_4q": 7.08,
            "eps_4q_growth_year": 35.41,
            "roe": 4.08,
            "roe_4q": 17.24,
            "gross_profit": 582032,
            "gross_margin": 37.02,
            "gross_margin_4q_avg": 36.98,
            "net_income": 143376,
            "net_income_4q": null,
            "revenue": 1572078,
            "revenue_4q": null,
            "common_shares": 811390,
            "book_valuer_per_share": 44.6,
            "book_valuer_per_share_4q_avg": 41.76,
            "equity": 3582486,
            "current_ratio": 112.07,
            "debt_ratio": 75.5,
            "inventory_turnover_ratio": 0.2,
            "account_receivable_turnover_ratio": 1.92,
            "reinvestment_rate": 52.9,
            "research_to_sale_ratio": 4.55,
            "price_fair": 176.05,
            "eps_avg_yearly": 5.03,
            "eps_latest_yearly": 7.12,
            "eps_growth_yearly": 1138.42
        },
        "20231": {
            "year_quarter": 20231,
            "year": 2023,
            "quarter": 1,
            "eps": 1.81,
            "eps_growth_year": 19.87,
            "eps_4q": 7.38,
            "eps_4q_growth_year": 13.86,
            "roe": 4.13,
            "roe_4q": 17.490000000000002,
            "gross_profit": 519998,
            "gross_margin": 32.12,
            "gross_margin_4q_avg": 35.84,
            "net_income": 145486,
            "net_income_4q": null,
            "revenue": 1618961,
            "revenue_4q": null,
            "common_shares": 811390,
            "book_valuer_per_share": 43.19,
            "book_valuer_per_share_4q_avg": 42.9,
            "equity": 3469073,
            "current_ratio": 109.96,
            "debt_ratio": 77.19,
            "inventory_turnover_ratio": 0.19,
            "account_receivable_turnover_ratio": 2.14,
            "reinvestment_rate": 52.42,
            "research_to_sale_ratio": 4.41,
            "price_fair": 181.56,
            "eps_avg_yearly": 5.19,
            "eps_latest_yearly": 7.24,
            "eps_growth_yearly": 1150.12
        },
        "20232": {
            "year_quarter": 20232,
            "year": 2023,
            "quarter": 2,
            "eps": 1.92,
            "eps_growth_year": 1.59,
            "eps_4q": 7.41,
            "eps_4q_growth_year": 13.26,
            "roe": 4.33,
            "roe_4q": 17.060000000000002,
            "gross_profit": 457230,
            "gross_margin": 28.38,
            "gross_margin_4q_avg": 33.7,
            "net_income": 154364,
            "net_income_4q": null,
            "revenue": 1611286,
            "revenue_4q": null,
            "common_shares": 811390,
            "book_valuer_per_share": 45.65,
            "book_valuer_per_share_4q_avg": 44.09,
            "equity": 3666933,
            "current_ratio": 111.31,
            "debt_ratio": 76.67,
            "inventory_turnover_ratio": 0.18,
            "account_receivable_turnover_ratio": 2.26,
            "reinvestment_rate": 48.3,
            "research_to_sale_ratio": 4.43,
            "price_fair": 187.69,
            "eps_avg_yearly": 5.36,
            "eps_latest_yearly": 7.68,
            "eps_growth_yearly": 1150.79
        },
        "20233": {
            "year_quarter": 20233,
            "year": 2023,
            "quarter": 3,
            "eps": 2.09,
            "eps_growth_year": 10.58,
            "eps_4q": 7.61,
            "eps_4q_growth_year": 11.55,
            "roe": 4.47,
            "roe_4q": 17.009999999999998,
            "gross_profit": 557764,
            "gross_margin": 32.01,
            "gross_margin_4q_avg": 32.38,
            "net_income": 167945,
            "net_income_4q": null,
            "revenue": 1742368,
            "revenue_4q": null,
            "common_shares": 811390,
            "book_valuer_per_share": 47.9,
            "book_valuer_per_share_4q_avg": 45.34,
            "equity": 3847358,
            "current_ratio": 111.81,
            "debt_ratio": 77.8,
            "inventory_turnover_ratio": 0.16,
            "account_receivable_turnover_ratio": 2.05,
            "reinvestment_rate": 35.23,
            "research_to_sale_ratio": 6.22,
            "price_fair": 195.91,
            "eps_avg_yearly": 5.6,
            "eps_latest_yearly": 8.36,
            "eps_growth_yearly": 1154.44
        },
        "20234": {
            "year_quarter": 20234,
            "year": 2023,
            "quarter": 4,
            "eps": 2.27,
            "eps_growth_year": 27.29,
            "eps_4q": 8.1,
            "eps_4q_growth_year": 14.37,
            "roe": 4.66,
            "roe_4q": 17.59,
            "gross_profit": 671131,
            "gross_margin": 34.61,
            "gross_margin_4q_avg": 31.78,
            "net_income": 182507,
            "net_income_4q": null,
            "revenue": 1939366,
            "revenue_4q": null,
            "common_shares": 803280,
            "book_valuer_per_share": 49.66,
            "book_valuer_per_share_4q_avg": 46.6,
            "equity": 3989253,
            "current_ratio": 111.41,
            "debt_ratio": 78.92,
            "inventory_turnover_ratio": 0.14,
            "account_receivable_turnover_ratio": 2.26,
            "reinvestment_rate": 32.85,
            "research_to_sale_ratio": 4.66,
            "price_fair": 211.66,
            "eps_avg_yearly": 6.05,
            "eps_latest_yearly": 9.08,
            "eps_growth_yearly": 1171.37
        }
    },
    "months": {
        "2012-04": {
            "month": "2012-04",
            "price": "27.14",
            "revenue": 113508
        },
        "2012-05": {
            "month": "2012-05",
            "price": "24.39",
            "revenue": 103546
        },
        "2012-06": {
            "month": "2012-06",
            "price": "22.14",
            "revenue": 177060
        },
        "2012-07": {
            "month": "2012-07",
            "price": "22.38",
            "revenue": 166465
        },
        "2012-08": {
            "month": "2012-08",
            "price": "22.38",
            "revenue": 173787
        },
        "2012-09": {
            "month": "2012-09",
            "price": "24.52",
            "revenue": 261286
        },
        "2012-10": {
            "month": "2012-10",
            "price": "27.61",
            "revenue": 165373
        },
        "2012-11": {
            "month": "2012-11",
            "price": "30.45",
            "revenue": 202129
        },
        "2012-12": {
            "month": "2012-12",
            "price": "34.75",
            "revenue": 152845
        },
        "2013-01": {
            "month": "2013-01",
            "price": "39.85",
            "revenue": 254466
        },
        "2013-02": {
            "month": "2013-02",
            "price": "46.60",
            "revenue": 191958
        },
        "2013-03": {
            "month": "2013-03",
            "price": "58.99",
            "revenue": 170358
        },
        "2013-04": {
            "month": "2013-04",
            "price": "54.62",
            "revenue": 246683
        },
        "2013-05": {
            "month": "2013-05",
            "price": "53.56",
            "revenue": 219468
        },
        "2013-06": {
            "month": "2013-06",
            "price": "49.57",
            "revenue": 297752
        },
        "2013-07": {
            "month": "2013-07",
            "price": "44.50",
            "revenue": 280673
        },
        "2013-08": {
            "month": "2013-08",
            "price": "46.16",
            "revenue": 235725
        },
        "2013-09": {
            "month": "2013-09",
            "price": "52.84",
            "revenue": 259477
        },
        "2013-10": {
            "month": "2013-10",
            "price": "51.73",
            "revenue": 269254
        },
        "2013-11": {
            "month": "2013-11",
            "price": "54.21",
            "revenue": 284622
        },
        "2013-12": {
            "month": "2013-12",
            "price": "57.30",
            "revenue": 357206
        },
        "2014-01": {
            "month": "2014-01",
            "price": "57.28",
            "revenue": 138270
        },
        "2014-02": {
            "month": "2014-02",
            "price": "54.22",
            "revenue": 219050
        },
        "2014-03": {
            "month": "2014-03",
            "price": "59.30",
            "revenue": 190311
        },
        "2014-04": {
            "month": "2014-04",
            "price": "59.81",
            "revenue": 195209
        },
        "2014-05": {
            "month": "2014-05",
            "price": "55.98",
            "revenue": 223093
        },
        "2014-06": {
            "month": "2014-06",
            "price": "56.28",
            "revenue": 231660
        },
        "2014-07": {
            "month": "2014-07",
            "price": "56.62",
            "revenue": 178511
        },
        "2014-08": {
            "month": "2014-08",
            "price": "57.45",
            "revenue": 296020
        },
        "2014-09": {
            "month": "2014-09",
            "price": "65.89",
            "revenue": 206375
        },
        "2014-10": {
            "month": "2014-10",
            "price": "66.09",
            "revenue": 229863
        },
        "2014-11": {
            "month": "2014-11",
            "price": "61.22",
            "revenue": 323974
        },
        "2014-12": {
            "month": "2014-12",
            "price": "62.13",
            "revenue": 284322
        },
        "2015-01": {
            "month": "2015-01",
            "price": "62.26",
            "revenue": 173580
        },
        "2015-02": {
            "month": "2015-02",
            "price": "62.87",
            "revenue": 184681
        },
        "2015-03": {
            "month": "2015-03",
            "price": "59.67",
            "revenue": 312738
        },
        "2015-04": {
            "month": "2015-04",
            "price": "59.04",
            "revenue": 177672
        },
        "2015-05": {
            "month": "2015-05",
            "price": "56.56",
            "revenue": 149173
        },
        "2015-06": {
            "month": "2015-06",
            "price": "57.57",
            "revenue": 333019
        },
        "2015-07": {
            "month": "2015-07",
            "price": "60.25",
            "revenue": 272986
        },
        "2015-08": {
            "month": "2015-08",
            "price": "57.10",
            "revenue": 227254
        },
        "2015-09": {
            "month": "2015-09",
            "price": "60.34",
            "revenue": 296721
        },
        "2015-10": {
            "month": "2015-10",
            "price": "63.52",
            "revenue": 225201
        },
        "2015-11": {
            "month": "2015-11",
            "price": "76.28",
            "revenue": 235334
        },
        "2015-12": {
            "month": "2015-12",
            "price": "78.64",
            "revenue": 354058
        },
        "2016-01": {
            "month": "2016-01",
            "price": "70.27",
            "revenue": 198024
        },
        "2016-02": {
            "month": "2016-02",
            "price": "70.41",
            "revenue": 271541
        },
        "2016-03": {
            "month": "2016-03",
            "price": "74.62",
            "revenue": 452736
        },
        "2016-04": {
            "month": "2016-04",
            "price": "76.65",
            "revenue": 230540
        },
        "2016-05": {
            "month": "2016-05",
            "price": "69.33",
            "revenue": 239000
        },
        "2016-06": {
            "month": "2016-06",
            "price": "69.08",
            "revenue": 368417
        },
        "2016-07": {
            "month": "2016-07",
            "price": "70.24",
            "revenue": 272965
        },
        "2016-08": {
            "month": "2016-08",
            "price": "67.37",
            "revenue": 236604
        },
        "2016-09": {
            "month": "2016-09",
            "price": "65.49",
            "revenue": 342400
        },
        "2016-10": {
            "month": "2016-10",
            "price": "61.66",
            "revenue": 273042
        },
        "2016-11": {
            "month": "2016-11",
            "price": "57.74",
            "revenue": 243849
        },
        "2016-12": {
            "month": "2016-12",
            "price": "57.90",
            "revenue": 365803
        },
        "2017-01": {
            "month": "2017-01",
            "price": "58.64",
            "revenue": 185345
        },
        "2017-02": {
            "month": "2017-02",
            "price": "58.70",
            "revenue": 214470
        },
        "2017-03": {
            "month": "2017-03",
            "price": "57.61",
            "revenue": 230130
        },
        "2017-04": {
            "month": "2017-04",
            "price": "54.91",
            "revenue": 328178
        },
        "2017-05": {
            "month": "2017-05",
            "price": "55.44",
            "revenue": 246264
        },
        "2017-06": {
            "month": "2017-06",
            "price": "57.80",
            "revenue": 338895
        },
        "2017-07": {
            "month": "2017-07",
            "price": "63.74",
            "revenue": 261738
        },
        "2017-08": {
            "month": "2017-08",
            "price": "62.57",
            "revenue": 335795
        },
        "2017-09": {
            "month": "2017-09",
            "price": "64.23",
            "revenue": 287330
        },
        "2017-10": {
            "month": "2017-10",
            "price": "78.55",
            "revenue": 290245
        },
        "2017-11": {
            "month": "2017-11",
            "price": "77.89",
            "revenue": 319946
        },
        "2017-12": {
            "month": "2017-12",
            "price": "83.67",
            "revenue": 500794
        },
        "2018-01": {
            "month": "2018-01",
            "price": "85.09",
            "revenue": 283378
        },
        "2018-02": {
            "month": "2018-02",
            "price": "76.98",
            "revenue": 158994
        },
        "2018-03": {
            "month": "2018-03",
            "price": "70.84",
            "revenue": 251496
        },
        "2018-04": {
            "month": "2018-04",
            "price": "62.58",
            "revenue": 340719
        },
        "2018-05": {
            "month": "2018-05",
            "price": "60.92",
            "revenue": 281614
        },
        "2018-06": {
            "month": "2018-06",
            "price": "64.46",
            "revenue": 417255
        },
        "2018-07": {
            "month": "2018-07",
            "price": "81.80",
            "revenue": 389882
        },
        "2018-08": {
            "month": "2018-08",
            "price": "78.66",
            "revenue": 344528
        },
        "2018-09": {
            "month": "2018-09",
            "price": "66.71",
            "revenue": 544729
        },
        "2018-10": {
            "month": "2018-10",
            "price": "57.29",
            "revenue": 332044
        },
        "2018-11": {
            "month": "2018-11",
            "price": "55.15",
            "revenue": 297037
        },
        "2018-12": {
            "month": "2018-12",
            "price": "53.53",
            "revenue": 346357
        },
        "2019-01": {
            "month": "2019-01",
            "price": "53.43",
            "revenue": 393980
        },
        "2019-02": {
            "month": "2019-02",
            "price": "69.85",
            "revenue": 234649
        },
        "2019-03": {
            "month": "2019-03",
            "price": "68.64",
            "revenue": 419564
        },
        "2019-04": {
            "month": "2019-04",
            "price": "72.51",
            "revenue": 318625
        },
        "2019-05": {
            "month": "2019-05",
            "price": "62.97",
            "revenue": 478076
        },
        "2019-06": {
            "month": "2019-06",
            "price": "62.26",
            "revenue": 314835
        },
        "2019-07": {
            "month": "2019-07",
            "price": "65.31",
            "revenue": 404010
        },
        "2019-08": {
            "month": "2019-08",
            "price": "61.84",
            "revenue": 372821
        },
        "2019-09": {
            "month": "2019-09",
            "price": "61.77",
            "revenue": 270434
        },
        "2019-10": {
            "month": "2019-10",
            "price": "56.17",
            "revenue": 181125
        },
        "2019-11": {
            "month": "2019-11",
            "price": "55.78",
            "revenue": 250762
        },
        "2019-12": {
            "month": "2019-12",
            "price": "64.55",
            "revenue": 310470
        },
        "2020-01": {
            "month": "2020-01",
            "price": "62.02",
            "revenue": 235752
        },
        "2020-02": {
            "month": "2020-02",
            "price": "55.85",
            "revenue": 167614
        },
        "2020-03": {
            "month": "2020-03",
            "price": "43.45",
            "revenue": 226728
        },
        "2020-04": {
            "month": "2020-04",
            "price": "44.55",
            "revenue": 248223
        },
        "2020-05": {
            "month": "2020-05",
            "price": "46.97",
            "revenue": 310003
        },
        "2020-06": {
            "month": "2020-06",
            "price": "48.25",
            "revenue": 286553
        },
        "2020-07": {
            "month": "2020-07",
            "price": "55.33",
            "revenue": 307322
        },
        "2020-08": {
            "month": "2020-08",
            "price": "58.20",
            "revenue": 295995
        },
        "2020-09": {
            "month": "2020-09",
            "price": "57.15",
            "revenue": 363145
        },
        "2020-10": {
            "month": "2020-10",
            "price": "58.91",
            "revenue": 315733
        },
        "2020-11": {
            "month": "2020-11",
            "price": "59.61",
            "revenue": 278851
        },
        "2020-12": {
            "month": "2020-12",
            "price": "65.50",
            "revenue": 544084
        },
        "2021-01": {
            "month": "2021-01",
            "price": "64.80",
            "revenue": 349679
        },
        "2021-02": {
            "month": "2021-02",
            "price": "62.71",
            "revenue": 247927
        },
        "2021-03": {
            "month": "2021-03",
            "price": "65.19",
            "revenue": 358953
        },
        "2021-04": {
            "month": "2021-04",
            "price": "71.87",
            "revenue": 404880
        },
        "2021-05": {
            "month": "2021-05",
            "price": "60.63",
            "revenue": 311097
        },
        "2021-06": {
            "month": "2021-06",
            "price": "62.43",
            "revenue": 286039
        },
        "2021-07": {
            "month": "2021-07",
            "price": "62.12",
            "revenue": 457502
        },
        "2021-08": {
            "month": "2021-08",
            "price": "62.99",
            "revenue": 408817
        },
        "2021-09": {
            "month": "2021-09",
            "price": "68.56",
            "revenue": 423375
        },
        "2021-10": {
            "month": "2021-10",
            "price": "66.31",
            "revenue": 396921
        },
        "2021-11": {
            "month": "2021-11",
            "price": "79.33",
            "revenue": 489543
        },
        "2021-12": {
            "month": "2021-12",
            "price": "83.05",
            "revenue": 549054
        },
        "2022-01": {
            "month": "2022-01",
            "price": "102.24",
            "revenue": 427217
        },
        "2022-02": {
            "month": "2022-02",
            "price": "92.41",
            "revenue": 439061
        },
        "2022-03": {
            "month": "2022-03",
            "price": "88.05",
            "revenue": 388056
        },
        "2022-04": {
            "month": "2022-04",
            "price": "82.64",
            "revenue": 464513
        },
        "2022-05": {
            "month": "2022-05",
            "price": "83.25",
            "revenue": 446199
        },
        "2022-06": {
            "month": "2022-06",
            "price": "84.48",
            "revenue": 472072
        },
        "2022-07": {
            "month": "2022-07",
            "price": "70.72",
            "revenue": 493879
        },
        "2022-08": {
            "month": "2022-08",
            "price": "77.11",
            "revenue": 470253
        },
        "2022-09": {
            "month": "2022-09",
            "price": "76.50",
            "revenue": 476658
        },
        "2022-10": {
            "month": "2022-10",
            "price": "64.96",
            "revenue": 499787
        },
        "2022-11": {
            "month": "2022-11",
            "price": "70.00",
            "revenue": 533424
        },
        "2022-12": {
            "month": "2022-12",
            "price": "74.23",
            "revenue": 538867
        },
        "2023-01": {
            "month": "2023-01",
            "price": "73.58",
            "revenue": 464080
        },
        "2023-02": {
            "month": "2023-02",
            "price": "76.24",
            "revenue": 566373
        },
        "2023-03": {
            "month": "2023-03",
            "price": "81.11",
            "revenue": 588506
        },
        "2023-04": {
            "month": "2023-04",
            "price": "87.11",
            "revenue": 530135
        },
        "2023-05": {
            "month": "2023-05",
            "price": "95.16",
            "revenue": 541708
        },
        "2023-06": {
            "month": "2023-06",
            "price": "145.18",
            "revenue": 539445
        },
        "2023-07": {
            "month": "2023-07",
            "price": "185.52",
            "revenue": 559721
        },
        "2023-08": {
            "month": "2023-08",
            "price": "229.77",
            "revenue": 560117
        },
        "2023-09": {
            "month": "2023-09",
            "price": "205.22",
            "revenue": 622528
        },
        "2023-10": {
            "month": "2023-10",
            "price": "196.80",
            "revenue": 607966
        },
        "2023-11": {
            "month": "2023-11",
            "price": "199.39",
            "revenue": 613745
        },
        "2023-12": {
            "month": "2023-12",
            "price": "214.14",
            "revenue": 717656
        }
    }
}
