{
    "summary": {
        "stock_name": "閎康",
        "stock_id": "3587",
        "category": "其他電子",
        "main_business": "檢測分析服務",
        "website_url": "http://www.ma-tek.com",
        "ceo": "謝詠芬",
        "pe_ratio": 27,
        "report_year_from": 2007,
        "report_year_to": 2023,
        "age": 17,
        "eps_negative_percentage": 6,
        "eps_growth_avg": {
            "last_all": 13.02,
            "last_2y": 22.37,
            "last_4y": 23.89,
            "last_8y": 12.96,
            "last_12y": 15.99,
            "last_16y": null,
            "last_20y": null,
            "at_2006_last_3y": null,
            "at_2007_last_3y": null,
            "at_2008_last_3y": null,
            "at_2009_last_3y": null,
            "at_2010_last_3y": null,
            "at_2011_last_3y": 11.06,
            "at_2012_last_3y": -3.88,
            "at_2013_last_3y": 34.13,
            "at_2014_last_3y": 22.82,
            "at_2015_last_3y": 7.57,
            "at_2016_last_3y": 3.6,
            "at_2017_last_3y": -5.17,
            "at_2018_last_3y": -0.7,
            "at_2019_last_3y": 2.06,
            "at_2020_last_3y": 9.5,
            "at_2021_last_3y": 28.08,
            "at_2022_last_3y": 28.16,
            "at_2023_last_3y": 30.89,
            "at_2024_last_3y": 30.89,
            "at_2006_last_all": null,
            "at_2007_last_all": null,
            "at_2008_last_all": null,
            "at_2009_last_all": -6.32,
            "at_2010_last_all": -6.32,
            "at_2011_last_all": 11.06,
            "at_2012_last_all": 18.93,
            "at_2013_last_all": 17.95,
            "at_2014_last_all": 13.1,
            "at_2015_last_all": 9.07,
            "at_2016_last_all": 11.27,
            "at_2017_last_all": 7.68,
            "at_2018_last_all": 7.58,
            "at_2019_last_all": 6.52,
            "at_2020_last_all": 10.68,
            "at_2021_last_all": 13.95,
            "at_2022_last_all": 13.46,
            "at_2023_last_all": 13.02,
            "at_2024_last_all": 13.02
        },
        "latest_eps": 10.44,
        "latest_price": 278.5,
        "latest_roe": 17.05,
        "latest_gross_margin": 31.59,
        "latest_equity": 4493766,
        "latest_revenue": 1231795,
        "latest_gross_profit": 389181,
        "latest_net_income": 154640,
        "latest_debt_ratio": 40.05,
        "latest_current_ratio": 194.67,
        "latest_account_receivable_turnover_ratio": 0.99,
        "latest_inventory_turnover_ratio": null,
        "latest_reinvestment_rate": 66.13,
        "latest_research_to_sale_ratio": 5.51
    },
    "eps_dividends": {
        "2001": {
            "cash": 0,
            "stock": 0,
            "eps": 0
        },
        "2002": {
            "cash": 0,
            "stock": 0,
            "eps": 0
        },
        "2003": {
            "cash": 0,
            "stock": 0,
            "eps": 0
        },
        "2004": {
            "cash": 0,
            "stock": 0,
            "eps": 0
        },
        "2005": {
            "cash": 0,
            "stock": 0,
            "eps": 0
        },
        "2006": {
            "cash": 0,
            "stock": 0,
            "eps": 0
        },
        "2007": {
            "cash": 0,
            "stock": 0,
            "eps": 0.87
        },
        "2008": {
            "cash": 0.48,
            "stock": 1.12,
            "eps": 1.63
        },
        "2009": {
            "cash": 0.3,
            "stock": 0.7,
            "eps": -0.14
        },
        "2010": {
            "cash": 0,
            "stock": 0,
            "eps": 2.16
        },
        "2011": {
            "cash": 1.4,
            "stock": 0.6,
            "eps": 3.15
        },
        "2012": {
            "cash": 2.5,
            "stock": 0,
            "eps": 4.49
        },
        "2013": {
            "cash": 3.5,
            "stock": 0,
            "eps": 5.12
        },
        "2014": {
            "cash": 4,
            "stock": 0,
            "eps": 4.55
        },
        "2015": {
            "cash": 4,
            "stock": 0,
            "eps": 3.86
        },
        "2016": {
            "cash": 3,
            "stock": 0,
            "eps": 4.89
        },
        "2017": {
            "cash": 3.5,
            "stock": 0,
            "eps": 3.86
        },
        "2018": {
            "cash": 2.5,
            "stock": 0,
            "eps": 4.12
        },
        "2019": {
            "cash": 3,
            "stock": 0,
            "eps": 3.95
        },
        "2020": {
            "cash": 3,
            "stock": 0,
            "eps": 6.18
        },
        "2021": {
            "cash": 4.5,
            "stock": 0,
            "eps": 9.47
        },
        "2022": {
            "cash": 5,
            "stock": 0,
            "eps": 10.14
        },
        "2023": {
            "cash": 8,
            "stock": 0,
            "eps": 10.83
        },
        "2024": {
            "cash": 9,
            "stock": 0,
            "eps": 0
        }
    },
    "dividends": {
        "2008-03-25": {
            "cash": 0.48,
            "stock": 1.12
        },
        "2009-03-20": {
            "cash": 0.3,
            "stock": 0.7
        },
        "2011-03-18": {
            "cash": 1.4,
            "stock": 0.6
        },
        "2012-06-12": {
            "cash": 2.5,
            "stock": 0
        },
        "2013-06-26": {
            "cash": 3.5,
            "stock": 0
        },
        "2014-05-20": {
            "cash": 4,
            "stock": 0
        },
        "2015-07-31": {
            "cash": 4,
            "stock": 0
        },
        "2016-08-05": {
            "cash": 3,
            "stock": 0
        },
        "2017-08-04": {
            "cash": 3.5,
            "stock": 0
        },
        "2018-08-03": {
            "cash": 2.5,
            "stock": 0
        },
        "2019-07-25": {
            "cash": 3,
            "stock": 0
        },
        "2020-07-30": {
            "cash": 3,
            "stock": 0
        },
        "2021-10-15": {
            "cash": 4.5,
            "stock": 0
        },
        "2022-05-20": {
            "cash": 5,
            "stock": 0
        },
        "2023-08-04": {
            "cash": 8,
            "stock": 0
        },
        "2024-03-08": {
            "cash": 9,
            "stock": 0
        }
    },
    "prices": {
        "200101": "無",
        "200102": "無",
        "200103": "無",
        "200104": "無",
        "200105": "無",
        "200106": "無",
        "200107": "無",
        "200108": "無",
        "200109": "無",
        "200110": "無",
        "200111": "無",
        "200112": "無",
        "200201": "無",
        "200202": "無",
        "200203": "無",
        "200204": "無",
        "200205": "無",
        "200206": "無",
        "200207": "無",
        "200208": "無",
        "200209": "無",
        "200210": "無",
        "200211": "無",
        "200212": "無",
        "200301": "無",
        "200302": "無",
        "200303": "無",
        "200304": "無",
        "200305": "無",
        "200306": "無",
        "200307": "無",
        "200308": "無",
        "200309": "無",
        "200310": "無",
        "200311": "無",
        "200312": "無",
        "200401": "無",
        "200402": "無",
        "200403": "無",
        "200404": "無",
        "200405": "無",
        "200406": "無",
        "200407": "無",
        "200408": "無",
        "200409": "無",
        "200410": "無",
        "200411": "無",
        "200412": "無",
        "200501": "無",
        "200502": "無",
        "200503": "無",
        "200504": "無",
        "200505": "無",
        "200506": "無",
        "200507": "無",
        "200508": "無",
        "200509": "無",
        "200510": "無",
        "200511": "無",
        "200512": "無",
        "200601": "無",
        "200602": "無",
        "200603": "無",
        "200604": "無",
        "200605": "無",
        "200606": "無",
        "200607": "無",
        "200608": "無",
        "200609": "無",
        "200610": "無",
        "200611": "無",
        "200612": "無",
        "200701": "無",
        "200702": "無",
        "200703": "無",
        "200704": "無",
        "200705": "無",
        "200706": "無",
        "200707": "無",
        "200708": "無",
        "200709": "無",
        "200710": "無",
        "200711": "無",
        "200712": "無",
        "200801": "31.46",
        "200802": "28.04",
        "200803": "28.89",
        "200804": "32.92",
        "200805": "34.32",
        "200806": "31.12",
        "200807": "26.60",
        "200808": "23.12",
        "200809": "21.93",
        "200810": "20.59",
        "200811": "16.13",
        "200812": "15.30",
        "200901": "14.40",
        "200902": "16.57",
        "200903": "21.57",
        "200904": "27.07",
        "200905": "30.29",
        "200906": "26.72",
        "200907": "30.56",
        "200908": "23.20",
        "200909": "24.38",
        "200910": "25.25",
        "200911": "22.90",
        "200912": "24.55",
        "201001": "25.40",
        "201002": "24.09",
        "201003": "28.15",
        "201004": "30.50",
        "201005": "28.10",
        "201006": "25.40",
        "201007": "26.12",
        "201008": "28.42",
        "201009": "28.32",
        "201010": "27.62",
        "201011": "26.57",
        "201012": "30.37",
        "201101": "31.00",
        "201102": "29.14",
        "201103": "28.88",
        "201104": "29.79",
        "201105": "31.37",
        "201106": "31.62",
        "201107": "30.58",
        "201108": "27.45",
        "201109": "25.23",
        "201110": "24.90",
        "201111": "24.78",
        "201112": "23.57",
        "201201": "25.12",
        "201202": "28.14",
        "201203": "29.78",
        "201204": "30.92",
        "201205": "30.23",
        "201206": "29.07",
        "201207": "30.12",
        "201208": "31.99",
        "201209": "34.22",
        "201210": "38.14",
        "201211": "44.85",
        "201212": "55.42",
        "201301": "57.27",
        "201302": "71.68",
        "201303": "78.34",
        "201304": "77.02",
        "201305": "72.76",
        "201306": "64.13",
        "201307": "65.61",
        "201308": "66.00",
        "201309": "65.20",
        "201310": "66.22",
        "201311": "68.09",
        "201312": "71.90",
        "201401": "72.13",
        "201402": "72.69",
        "201403": "82.58",
        "201404": "82.10",
        "201405": "80.50",
        "201406": "78.82",
        "201407": "72.50",
        "201408": "66.68",
        "201409": "66.92",
        "201410": "66.03",
        "201411": "63.70",
        "201412": "64.78",
        "201501": "64.23",
        "201502": "63.12",
        "201503": "63.08",
        "201504": "59.84",
        "201505": "48.74",
        "201506": "50.87",
        "201507": "46.96",
        "201508": "38.46",
        "201509": "42.43",
        "201510": "59.37",
        "201511": "57.44",
        "201512": "56.72",
        "201601": "58.59",
        "201602": "66.30",
        "201603": "77.87",
        "201604": "77.52",
        "201605": "72.98",
        "201606": "79.65",
        "201607": "89.12",
        "201608": "86.77",
        "201609": "81.67",
        "201610": "81.34",
        "201611": "73.41",
        "201612": "78.28",
        "201701": "89.16",
        "201702": "109.61",
        "201703": "116.22",
        "201704": "106.06",
        "201705": "109.85",
        "201706": "116.74",
        "201707": "123.74",
        "201708": "102.94",
        "201709": "96.77",
        "201710": "92.61",
        "201711": "85.89",
        "201712": "81.98",
        "201801": "81.27",
        "201802": "77.08",
        "201803": "78.05",
        "201804": "75.26",
        "201805": "73.47",
        "201806": "74.24",
        "201807": "70.79",
        "201808": "68.58",
        "201809": "59.82",
        "201810": "47.69",
        "201811": "45.79",
        "201812": "56.20",
        "201901": "62.03",
        "201902": "66.89",
        "201903": "74.38",
        "201904": "77.78",
        "201905": "67.81",
        "201906": "64.42",
        "201907": "73.05",
        "201908": "66.86",
        "201909": "68.36",
        "201910": "73.07",
        "201911": "79.06",
        "201912": "83.46",
        "202001": "79.26",
        "202002": "71.00",
        "202003": "58.80",
        "202004": "66.92",
        "202005": "75.62",
        "202006": "77.58",
        "202007": "90.02",
        "202008": "88.59",
        "202009": "87.39",
        "202010": "85.15",
        "202011": "87.89",
        "202012": "86.55",
        "202101": "96.26",
        "202102": "100.71",
        "202103": "111.32",
        "202104": "139.79",
        "202105": "119.50",
        "202106": "125.31",
        "202107": "139.02",
        "202108": "145.09",
        "202109": "149.20",
        "202110": "147.58",
        "202111": "137.80",
        "202112": "145.68",
        "202201": "148.03",
        "202202": "144.00",
        "202203": "143.96",
        "202204": "135.63",
        "202205": "118.98",
        "202206": "116.52",
        "202207": "113.86",
        "202208": "120.93",
        "202209": "135.12",
        "202210": "129.75",
        "202211": "139.57",
        "202212": "157.95",
        "202301": "161.81",
        "202302": "180.83",
        "202303": "184.48",
        "202304": "191.59",
        "202305": "193.89",
        "202306": "231.05",
        "202307": "241.93",
        "202308": "288.61",
        "202309": "279.18",
        "202310": "247.32",
        "202311": "225.09",
        "202312": "233.62"
    },
    "quarters": {
        "20011": {
            "year_quarter": 20011,
            "year": 2001,
            "quarter": 1,
            "eps": null,
            "eps_growth_year": null,
            "eps_4q": null,
            "eps_4q_growth_year": null,
            "roe": null,
            "roe_4q": 0,
            "gross_profit": null,
            "gross_margin": null,
            "gross_margin_4q_avg": 0,
            "net_income": null,
            "net_income_4q": null,
            "revenue": null,
            "revenue_4q": null,
            "common_shares": null,
            "book_valuer_per_share": null,
            "book_valuer_per_share_4q_avg": 0,
            "equity": null,
            "current_ratio": null,
            "debt_ratio": null,
            "inventory_turnover_ratio": null,
            "account_receivable_turnover_ratio": null,
            "reinvestment_rate": null,
            "research_to_sale_ratio": null,
            "price_fair": 0,
            "eps_avg_yearly": 0,
            "eps_latest_yearly": 0,
            "eps_growth_yearly": 0
        },
        "20012": {
            "year_quarter": 20012,
            "year": 2001,
            "quarter": 2,
            "eps": null,
            "eps_growth_year": null,
            "eps_4q": null,
            "eps_4q_growth_year": null,
            "roe": null,
            "roe_4q": 0,
            "gross_profit": null,
            "gross_margin": null,
            "gross_margin_4q_avg": 0,
            "net_income": null,
            "net_income_4q": null,
            "revenue": null,
            "revenue_4q": null,
            "common_shares": null,
            "book_valuer_per_share": null,
            "book_valuer_per_share_4q_avg": 0,
            "equity": null,
            "current_ratio": null,
            "debt_ratio": null,
            "inventory_turnover_ratio": null,
            "account_receivable_turnover_ratio": null,
            "reinvestment_rate": null,
            "research_to_sale_ratio": null,
            "price_fair": 0,
            "eps_avg_yearly": 0,
            "eps_latest_yearly": 0,
            "eps_growth_yearly": 0
        },
        "20013": {
            "year_quarter": 20013,
            "year": 2001,
            "quarter": 3,
            "eps": null,
            "eps_growth_year": null,
            "eps_4q": null,
            "eps_4q_growth_year": null,
            "roe": null,
            "roe_4q": 0,
            "gross_profit": null,
            "gross_margin": null,
            "gross_margin_4q_avg": 0,
            "net_income": null,
            "net_income_4q": null,
            "revenue": null,
            "revenue_4q": null,
            "common_shares": null,
            "book_valuer_per_share": null,
            "book_valuer_per_share_4q_avg": 0,
            "equity": null,
            "current_ratio": null,
            "debt_ratio": null,
            "inventory_turnover_ratio": null,
            "account_receivable_turnover_ratio": null,
            "reinvestment_rate": null,
            "research_to_sale_ratio": null,
            "price_fair": 0,
            "eps_avg_yearly": 0,
            "eps_latest_yearly": 0,
            "eps_growth_yearly": 0
        },
        "20014": {
            "year_quarter": 20014,
            "year": 2001,
            "quarter": 4,
            "eps": null,
            "eps_growth_year": null,
            "eps_4q": null,
            "eps_4q_growth_year": null,
            "roe": null,
            "roe_4q": 0,
            "gross_profit": null,
            "gross_margin": null,
            "gross_margin_4q_avg": 0,
            "net_income": null,
            "net_income_4q": null,
            "revenue": null,
            "revenue_4q": null,
            "common_shares": null,
            "book_valuer_per_share": null,
            "book_valuer_per_share_4q_avg": 0,
            "equity": null,
            "current_ratio": null,
            "debt_ratio": null,
            "inventory_turnover_ratio": null,
            "account_receivable_turnover_ratio": null,
            "reinvestment_rate": null,
            "research_to_sale_ratio": null,
            "price_fair": 0,
            "eps_avg_yearly": 0,
            "eps_latest_yearly": 0,
            "eps_growth_yearly": 0
        },
        "20021": {
            "year_quarter": 20021,
            "year": 2002,
            "quarter": 1,
            "eps": null,
            "eps_growth_year": null,
            "eps_4q": null,
            "eps_4q_growth_year": null,
            "roe": null,
            "roe_4q": 0,
            "gross_profit": null,
            "gross_margin": null,
            "gross_margin_4q_avg": 0,
            "net_income": null,
            "net_income_4q": null,
            "revenue": null,
            "revenue_4q": null,
            "common_shares": null,
            "book_valuer_per_share": null,
            "book_valuer_per_share_4q_avg": 0,
            "equity": null,
            "current_ratio": null,
            "debt_ratio": null,
            "inventory_turnover_ratio": null,
            "account_receivable_turnover_ratio": null,
            "reinvestment_rate": null,
            "research_to_sale_ratio": null,
            "price_fair": 0,
            "eps_avg_yearly": 0,
            "eps_latest_yearly": 0,
            "eps_growth_yearly": 0
        },
        "20022": {
            "year_quarter": 20022,
            "year": 2002,
            "quarter": 2,
            "eps": null,
            "eps_growth_year": null,
            "eps_4q": null,
            "eps_4q_growth_year": null,
            "roe": null,
            "roe_4q": 0,
            "gross_profit": null,
            "gross_margin": null,
            "gross_margin_4q_avg": 0,
            "net_income": null,
            "net_income_4q": null,
            "revenue": null,
            "revenue_4q": null,
            "common_shares": null,
            "book_valuer_per_share": null,
            "book_valuer_per_share_4q_avg": 0,
            "equity": null,
            "current_ratio": null,
            "debt_ratio": null,
            "inventory_turnover_ratio": null,
            "account_receivable_turnover_ratio": null,
            "reinvestment_rate": null,
            "research_to_sale_ratio": null,
            "price_fair": 0,
            "eps_avg_yearly": 0,
            "eps_latest_yearly": 0,
            "eps_growth_yearly": 0
        },
        "20023": {
            "year_quarter": 20023,
            "year": 2002,
            "quarter": 3,
            "eps": null,
            "eps_growth_year": null,
            "eps_4q": null,
            "eps_4q_growth_year": null,
            "roe": null,
            "roe_4q": 0,
            "gross_profit": null,
            "gross_margin": null,
            "gross_margin_4q_avg": 0,
            "net_income": null,
            "net_income_4q": null,
            "revenue": null,
            "revenue_4q": null,
            "common_shares": null,
            "book_valuer_per_share": null,
            "book_valuer_per_share_4q_avg": 0,
            "equity": null,
            "current_ratio": null,
            "debt_ratio": null,
            "inventory_turnover_ratio": null,
            "account_receivable_turnover_ratio": null,
            "reinvestment_rate": null,
            "research_to_sale_ratio": null,
            "price_fair": 0,
            "eps_avg_yearly": 0,
            "eps_latest_yearly": 0,
            "eps_growth_yearly": 0
        },
        "20024": {
            "year_quarter": 20024,
            "year": 2002,
            "quarter": 4,
            "eps": null,
            "eps_growth_year": null,
            "eps_4q": null,
            "eps_4q_growth_year": null,
            "roe": null,
            "roe_4q": 0,
            "gross_profit": null,
            "gross_margin": null,
            "gross_margin_4q_avg": 0,
            "net_income": null,
            "net_income_4q": null,
            "revenue": null,
            "revenue_4q": null,
            "common_shares": 68000,
            "book_valuer_per_share": 8.67,
            "book_valuer_per_share_4q_avg": 2.17,
            "equity": 58932,
            "current_ratio": 294.39,
            "debt_ratio": 10.07,
            "inventory_turnover_ratio": null,
            "account_receivable_turnover_ratio": null,
            "reinvestment_rate": null,
            "research_to_sale_ratio": null,
            "price_fair": 0,
            "eps_avg_yearly": 0,
            "eps_latest_yearly": 0,
            "eps_growth_yearly": 0
        },
        "20031": {
            "year_quarter": 20031,
            "year": 2003,
            "quarter": 1,
            "eps": null,
            "eps_growth_year": null,
            "eps_4q": null,
            "eps_4q_growth_year": null,
            "roe": null,
            "roe_4q": 0,
            "gross_profit": null,
            "gross_margin": null,
            "gross_margin_4q_avg": 0,
            "net_income": null,
            "net_income_4q": null,
            "revenue": null,
            "revenue_4q": null,
            "common_shares": null,
            "book_valuer_per_share": null,
            "book_valuer_per_share_4q_avg": 2.17,
            "equity": null,
            "current_ratio": null,
            "debt_ratio": null,
            "inventory_turnover_ratio": null,
            "account_receivable_turnover_ratio": null,
            "reinvestment_rate": null,
            "research_to_sale_ratio": null,
            "price_fair": 0,
            "eps_avg_yearly": 0,
            "eps_latest_yearly": 0,
            "eps_growth_yearly": 0
        },
        "20032": {
            "year_quarter": 20032,
            "year": 2003,
            "quarter": 2,
            "eps": null,
            "eps_growth_year": null,
            "eps_4q": null,
            "eps_4q_growth_year": null,
            "roe": null,
            "roe_4q": 0,
            "gross_profit": null,
            "gross_margin": null,
            "gross_margin_4q_avg": 0,
            "net_income": null,
            "net_income_4q": null,
            "revenue": null,
            "revenue_4q": null,
            "common_shares": null,
            "book_valuer_per_share": null,
            "book_valuer_per_share_4q_avg": 2.17,
            "equity": null,
            "current_ratio": null,
            "debt_ratio": null,
            "inventory_turnover_ratio": null,
            "account_receivable_turnover_ratio": null,
            "reinvestment_rate": null,
            "research_to_sale_ratio": null,
            "price_fair": 0,
            "eps_avg_yearly": 0,
            "eps_latest_yearly": 0,
            "eps_growth_yearly": 0
        },
        "20033": {
            "year_quarter": 20033,
            "year": 2003,
            "quarter": 3,
            "eps": null,
            "eps_growth_year": null,
            "eps_4q": null,
            "eps_4q_growth_year": null,
            "roe": null,
            "roe_4q": 0,
            "gross_profit": null,
            "gross_margin": null,
            "gross_margin_4q_avg": 0,
            "net_income": null,
            "net_income_4q": null,
            "revenue": null,
            "revenue_4q": null,
            "common_shares": null,
            "book_valuer_per_share": null,
            "book_valuer_per_share_4q_avg": 2.17,
            "equity": null,
            "current_ratio": null,
            "debt_ratio": null,
            "inventory_turnover_ratio": null,
            "account_receivable_turnover_ratio": null,
            "reinvestment_rate": null,
            "research_to_sale_ratio": null,
            "price_fair": 0,
            "eps_avg_yearly": 0,
            "eps_latest_yearly": 0,
            "eps_growth_yearly": 0
        },
        "20034": {
            "year_quarter": 20034,
            "year": 2003,
            "quarter": 4,
            "eps": null,
            "eps_growth_year": null,
            "eps_4q": null,
            "eps_4q_growth_year": null,
            "roe": null,
            "roe_4q": 0,
            "gross_profit": null,
            "gross_margin": null,
            "gross_margin_4q_avg": 0,
            "net_income": null,
            "net_income_4q": null,
            "revenue": null,
            "revenue_4q": null,
            "common_shares": 68000,
            "book_valuer_per_share": 10.01,
            "book_valuer_per_share_4q_avg": 2.5,
            "equity": 68101,
            "current_ratio": 236.39,
            "debt_ratio": 28.94,
            "inventory_turnover_ratio": null,
            "account_receivable_turnover_ratio": null,
            "reinvestment_rate": null,
            "research_to_sale_ratio": null,
            "price_fair": 0,
            "eps_avg_yearly": 0,
            "eps_latest_yearly": 0,
            "eps_growth_yearly": 0
        },
        "20041": {
            "year_quarter": 20041,
            "year": 2004,
            "quarter": 1,
            "eps": null,
            "eps_growth_year": null,
            "eps_4q": null,
            "eps_4q_growth_year": null,
            "roe": null,
            "roe_4q": 0,
            "gross_profit": null,
            "gross_margin": null,
            "gross_margin_4q_avg": 0,
            "net_income": null,
            "net_income_4q": null,
            "revenue": null,
            "revenue_4q": null,
            "common_shares": null,
            "book_valuer_per_share": null,
            "book_valuer_per_share_4q_avg": 2.5,
            "equity": null,
            "current_ratio": null,
            "debt_ratio": null,
            "inventory_turnover_ratio": null,
            "account_receivable_turnover_ratio": null,
            "reinvestment_rate": null,
            "research_to_sale_ratio": null,
            "price_fair": 0,
            "eps_avg_yearly": 0,
            "eps_latest_yearly": 0,
            "eps_growth_yearly": 0
        },
        "20042": {
            "year_quarter": 20042,
            "year": 2004,
            "quarter": 2,
            "eps": null,
            "eps_growth_year": null,
            "eps_4q": null,
            "eps_4q_growth_year": null,
            "roe": null,
            "roe_4q": 0,
            "gross_profit": null,
            "gross_margin": null,
            "gross_margin_4q_avg": 0,
            "net_income": null,
            "net_income_4q": null,
            "revenue": null,
            "revenue_4q": null,
            "common_shares": null,
            "book_valuer_per_share": null,
            "book_valuer_per_share_4q_avg": 2.5,
            "equity": null,
            "current_ratio": null,
            "debt_ratio": null,
            "inventory_turnover_ratio": null,
            "account_receivable_turnover_ratio": null,
            "reinvestment_rate": null,
            "research_to_sale_ratio": null,
            "price_fair": 0,
            "eps_avg_yearly": 0,
            "eps_latest_yearly": 0,
            "eps_growth_yearly": 0
        },
        "20043": {
            "year_quarter": 20043,
            "year": 2004,
            "quarter": 3,
            "eps": null,
            "eps_growth_year": null,
            "eps_4q": null,
            "eps_4q_growth_year": null,
            "roe": null,
            "roe_4q": 0,
            "gross_profit": null,
            "gross_margin": null,
            "gross_margin_4q_avg": 0,
            "net_income": null,
            "net_income_4q": null,
            "revenue": null,
            "revenue_4q": null,
            "common_shares": null,
            "book_valuer_per_share": null,
            "book_valuer_per_share_4q_avg": 2.5,
            "equity": null,
            "current_ratio": null,
            "debt_ratio": null,
            "inventory_turnover_ratio": null,
            "account_receivable_turnover_ratio": null,
            "reinvestment_rate": null,
            "research_to_sale_ratio": null,
            "price_fair": 0,
            "eps_avg_yearly": 0,
            "eps_latest_yearly": 0,
            "eps_growth_yearly": 0
        },
        "20044": {
            "year_quarter": 20044,
            "year": 2004,
            "quarter": 4,
            "eps": null,
            "eps_growth_year": null,
            "eps_4q": null,
            "eps_4q_growth_year": null,
            "roe": null,
            "roe_4q": 0,
            "gross_profit": null,
            "gross_margin": null,
            "gross_margin_4q_avg": 0,
            "net_income": null,
            "net_income_4q": null,
            "revenue": null,
            "revenue_4q": null,
            "common_shares": 98000,
            "book_valuer_per_share": 13.02,
            "book_valuer_per_share_4q_avg": 3.26,
            "equity": 127562,
            "current_ratio": 230.37,
            "debt_ratio": 35.97,
            "inventory_turnover_ratio": null,
            "account_receivable_turnover_ratio": null,
            "reinvestment_rate": null,
            "research_to_sale_ratio": null,
            "price_fair": 0,
            "eps_avg_yearly": 0,
            "eps_latest_yearly": 0,
            "eps_growth_yearly": 0
        },
        "20051": {
            "year_quarter": 20051,
            "year": 2005,
            "quarter": 1,
            "eps": null,
            "eps_growth_year": null,
            "eps_4q": null,
            "eps_4q_growth_year": null,
            "roe": null,
            "roe_4q": 0,
            "gross_profit": null,
            "gross_margin": null,
            "gross_margin_4q_avg": 0,
            "net_income": null,
            "net_income_4q": null,
            "revenue": null,
            "revenue_4q": null,
            "common_shares": null,
            "book_valuer_per_share": null,
            "book_valuer_per_share_4q_avg": 3.26,
            "equity": null,
            "current_ratio": null,
            "debt_ratio": null,
            "inventory_turnover_ratio": null,
            "account_receivable_turnover_ratio": null,
            "reinvestment_rate": null,
            "research_to_sale_ratio": null,
            "price_fair": 0,
            "eps_avg_yearly": 0,
            "eps_latest_yearly": 0,
            "eps_growth_yearly": 0
        },
        "20052": {
            "year_quarter": 20052,
            "year": 2005,
            "quarter": 2,
            "eps": null,
            "eps_growth_year": null,
            "eps_4q": null,
            "eps_4q_growth_year": null,
            "roe": null,
            "roe_4q": 0,
            "gross_profit": null,
            "gross_margin": null,
            "gross_margin_4q_avg": 0,
            "net_income": null,
            "net_income_4q": null,
            "revenue": null,
            "revenue_4q": null,
            "common_shares": null,
            "book_valuer_per_share": null,
            "book_valuer_per_share_4q_avg": 3.26,
            "equity": null,
            "current_ratio": null,
            "debt_ratio": null,
            "inventory_turnover_ratio": null,
            "account_receivable_turnover_ratio": null,
            "reinvestment_rate": null,
            "research_to_sale_ratio": null,
            "price_fair": 0,
            "eps_avg_yearly": 0,
            "eps_latest_yearly": 0,
            "eps_growth_yearly": 0
        },
        "20053": {
            "year_quarter": 20053,
            "year": 2005,
            "quarter": 3,
            "eps": null,
            "eps_growth_year": null,
            "eps_4q": null,
            "eps_4q_growth_year": null,
            "roe": null,
            "roe_4q": 0,
            "gross_profit": null,
            "gross_margin": null,
            "gross_margin_4q_avg": 0,
            "net_income": null,
            "net_income_4q": null,
            "revenue": null,
            "revenue_4q": null,
            "common_shares": null,
            "book_valuer_per_share": null,
            "book_valuer_per_share_4q_avg": 3.26,
            "equity": null,
            "current_ratio": null,
            "debt_ratio": null,
            "inventory_turnover_ratio": null,
            "account_receivable_turnover_ratio": null,
            "reinvestment_rate": null,
            "research_to_sale_ratio": null,
            "price_fair": 0,
            "eps_avg_yearly": 0,
            "eps_latest_yearly": 0,
            "eps_growth_yearly": 0
        },
        "20054": {
            "year_quarter": 20054,
            "year": 2005,
            "quarter": 4,
            "eps": null,
            "eps_growth_year": null,
            "eps_4q": null,
            "eps_4q_growth_year": null,
            "roe": null,
            "roe_4q": 0,
            "gross_profit": null,
            "gross_margin": null,
            "gross_margin_4q_avg": 0,
            "net_income": null,
            "net_income_4q": null,
            "revenue": null,
            "revenue_4q": null,
            "common_shares": 131885,
            "book_valuer_per_share": 15.64,
            "book_valuer_per_share_4q_avg": 3.91,
            "equity": 206216,
            "current_ratio": 197.22,
            "debt_ratio": 31.36,
            "inventory_turnover_ratio": null,
            "account_receivable_turnover_ratio": null,
            "reinvestment_rate": null,
            "research_to_sale_ratio": null,
            "price_fair": 0,
            "eps_avg_yearly": 0,
            "eps_latest_yearly": 0,
            "eps_growth_yearly": 0
        },
        "20061": {
            "year_quarter": 20061,
            "year": 2006,
            "quarter": 1,
            "eps": null,
            "eps_growth_year": null,
            "eps_4q": null,
            "eps_4q_growth_year": null,
            "roe": null,
            "roe_4q": 0,
            "gross_profit": null,
            "gross_margin": null,
            "gross_margin_4q_avg": 0,
            "net_income": null,
            "net_income_4q": null,
            "revenue": null,
            "revenue_4q": null,
            "common_shares": null,
            "book_valuer_per_share": null,
            "book_valuer_per_share_4q_avg": 3.91,
            "equity": null,
            "current_ratio": null,
            "debt_ratio": null,
            "inventory_turnover_ratio": null,
            "account_receivable_turnover_ratio": null,
            "reinvestment_rate": null,
            "research_to_sale_ratio": null,
            "price_fair": 0,
            "eps_avg_yearly": 0,
            "eps_latest_yearly": 0,
            "eps_growth_yearly": 0
        },
        "20062": {
            "year_quarter": 20062,
            "year": 2006,
            "quarter": 2,
            "eps": null,
            "eps_growth_year": null,
            "eps_4q": null,
            "eps_4q_growth_year": null,
            "roe": null,
            "roe_4q": 0,
            "gross_profit": null,
            "gross_margin": null,
            "gross_margin_4q_avg": 0,
            "net_income": null,
            "net_income_4q": null,
            "revenue": null,
            "revenue_4q": null,
            "common_shares": null,
            "book_valuer_per_share": null,
            "book_valuer_per_share_4q_avg": 3.91,
            "equity": null,
            "current_ratio": null,
            "debt_ratio": null,
            "inventory_turnover_ratio": null,
            "account_receivable_turnover_ratio": null,
            "reinvestment_rate": null,
            "research_to_sale_ratio": null,
            "price_fair": 0,
            "eps_avg_yearly": 0,
            "eps_latest_yearly": 0,
            "eps_growth_yearly": 0
        },
        "20063": {
            "year_quarter": 20063,
            "year": 2006,
            "quarter": 3,
            "eps": null,
            "eps_growth_year": null,
            "eps_4q": null,
            "eps_4q_growth_year": null,
            "roe": null,
            "roe_4q": 0,
            "gross_profit": null,
            "gross_margin": null,
            "gross_margin_4q_avg": 0,
            "net_income": null,
            "net_income_4q": null,
            "revenue": null,
            "revenue_4q": null,
            "common_shares": null,
            "book_valuer_per_share": null,
            "book_valuer_per_share_4q_avg": 3.91,
            "equity": null,
            "current_ratio": null,
            "debt_ratio": null,
            "inventory_turnover_ratio": null,
            "account_receivable_turnover_ratio": null,
            "reinvestment_rate": null,
            "research_to_sale_ratio": null,
            "price_fair": 0,
            "eps_avg_yearly": 0,
            "eps_latest_yearly": 0,
            "eps_growth_yearly": 0
        },
        "20064": {
            "year_quarter": 20064,
            "year": 2006,
            "quarter": 4,
            "eps": null,
            "eps_growth_year": null,
            "eps_4q": null,
            "eps_4q_growth_year": null,
            "roe": null,
            "roe_4q": 0,
            "gross_profit": null,
            "gross_margin": null,
            "gross_margin_4q_avg": 0,
            "net_income": null,
            "net_income_4q": null,
            "revenue": null,
            "revenue_4q": null,
            "common_shares": 205171,
            "book_valuer_per_share": 15.64,
            "book_valuer_per_share_4q_avg": 3.91,
            "equity": 320905,
            "current_ratio": 227.32,
            "debt_ratio": 27.49,
            "inventory_turnover_ratio": null,
            "account_receivable_turnover_ratio": null,
            "reinvestment_rate": null,
            "research_to_sale_ratio": null,
            "price_fair": 0,
            "eps_avg_yearly": 0,
            "eps_latest_yearly": 0,
            "eps_growth_yearly": 0
        },
        "20071": {
            "year_quarter": 20071,
            "year": 2007,
            "quarter": 1,
            "eps": null,
            "eps_growth_year": null,
            "eps_4q": null,
            "eps_4q_growth_year": null,
            "roe": null,
            "roe_4q": 0,
            "gross_profit": null,
            "gross_margin": null,
            "gross_margin_4q_avg": 0,
            "net_income": null,
            "net_income_4q": null,
            "revenue": null,
            "revenue_4q": null,
            "common_shares": null,
            "book_valuer_per_share": null,
            "book_valuer_per_share_4q_avg": 3.91,
            "equity": null,
            "current_ratio": null,
            "debt_ratio": null,
            "inventory_turnover_ratio": null,
            "account_receivable_turnover_ratio": null,
            "reinvestment_rate": null,
            "research_to_sale_ratio": null,
            "price_fair": 0,
            "eps_avg_yearly": 0,
            "eps_latest_yearly": 0,
            "eps_growth_yearly": 0
        },
        "20072": {
            "year_quarter": 20072,
            "year": 2007,
            "quarter": 2,
            "eps": null,
            "eps_growth_year": null,
            "eps_4q": null,
            "eps_4q_growth_year": null,
            "roe": null,
            "roe_4q": 0,
            "gross_profit": null,
            "gross_margin": null,
            "gross_margin_4q_avg": 0,
            "net_income": null,
            "net_income_4q": null,
            "revenue": null,
            "revenue_4q": null,
            "common_shares": null,
            "book_valuer_per_share": null,
            "book_valuer_per_share_4q_avg": 3.91,
            "equity": null,
            "current_ratio": null,
            "debt_ratio": null,
            "inventory_turnover_ratio": null,
            "account_receivable_turnover_ratio": null,
            "reinvestment_rate": null,
            "research_to_sale_ratio": null,
            "price_fair": 0,
            "eps_avg_yearly": 0,
            "eps_latest_yearly": 0,
            "eps_growth_yearly": 0
        },
        "20073": {
            "year_quarter": 20073,
            "year": 2007,
            "quarter": 3,
            "eps": 0.5,
            "eps_growth_year": null,
            "eps_4q": null,
            "eps_4q_growth_year": null,
            "roe": 2.74,
            "roe_4q": 2.74,
            "gross_profit": 31119,
            "gross_margin": 45.71,
            "gross_margin_4q_avg": 11.43,
            "net_income": 15649,
            "net_income_4q": null,
            "revenue": 68085,
            "revenue_4q": null,
            "common_shares": 298176,
            "book_valuer_per_share": 19.17,
            "book_valuer_per_share_4q_avg": 8.7,
            "equity": 571654,
            "current_ratio": 570.71,
            "debt_ratio": 8.52,
            "inventory_turnover_ratio": 31.62,
            "account_receivable_turnover_ratio": null,
            "reinvestment_rate": null,
            "research_to_sale_ratio": null,
            "price_fair": 0,
            "eps_avg_yearly": 0,
            "eps_latest_yearly": 0,
            "eps_growth_yearly": 0
        },
        "20074": {
            "year_quarter": 20074,
            "year": 2007,
            "quarter": 4,
            "eps": 0.37,
            "eps_growth_year": null,
            "eps_4q": null,
            "eps_4q_growth_year": null,
            "roe": 1.8,
            "roe_4q": 4.54,
            "gross_profit": 31277,
            "gross_margin": 40.59,
            "gross_margin_4q_avg": 21.58,
            "net_income": 10406,
            "net_income_4q": null,
            "revenue": 77062,
            "revenue_4q": null,
            "common_shares": 298177,
            "book_valuer_per_share": 19.55,
            "book_valuer_per_share_4q_avg": 9.68,
            "equity": 582851,
            "current_ratio": 487.66,
            "debt_ratio": 8.61,
            "inventory_turnover_ratio": 36.86,
            "account_receivable_turnover_ratio": null,
            "reinvestment_rate": null,
            "research_to_sale_ratio": null,
            "price_fair": 4.44,
            "eps_avg_yearly": 1.48,
            "eps_latest_yearly": 1.48,
            "eps_growth_yearly": -104
        },
        "20081": {
            "year_quarter": 20081,
            "year": 2008,
            "quarter": 1,
            "eps": 0.48,
            "eps_growth_year": null,
            "eps_4q": null,
            "eps_4q_growth_year": null,
            "roe": 2.44,
            "roe_4q": 6.98,
            "gross_profit": 34652,
            "gross_margin": 47.03,
            "gross_margin_4q_avg": 33.33,
            "net_income": 14390,
            "net_income_4q": null,
            "revenue": 73677,
            "revenue_4q": null,
            "common_shares": 298177,
            "book_valuer_per_share": 19.96,
            "book_valuer_per_share_4q_avg": 14.67,
            "equity": 595018,
            "current_ratio": 424.35,
            "debt_ratio": 14.77,
            "inventory_turnover_ratio": 27.99,
            "account_receivable_turnover_ratio": null,
            "reinvestment_rate": null,
            "research_to_sale_ratio": null,
            "price_fair": 29.68,
            "eps_avg_yearly": 1.7,
            "eps_latest_yearly": 1.92,
            "eps_growth_yearly": 7.46
        },
        "20082": {
            "year_quarter": 20082,
            "year": 2008,
            "quarter": 2,
            "eps": 0.67,
            "eps_growth_year": null,
            "eps_4q": 2.02,
            "eps_4q_growth_year": null,
            "roe": 3.35,
            "roe_4q": 10.33,
            "gross_profit": 39156,
            "gross_margin": 44.33,
            "gross_margin_4q_avg": 44.42,
            "net_income": 20026,
            "net_income_4q": null,
            "revenue": 88335,
            "revenue_4q": null,
            "common_shares": 298207,
            "book_valuer_per_share": 20.14,
            "book_valuer_per_share_4q_avg": 19.71,
            "equity": 600681,
            "current_ratio": 275.7,
            "debt_ratio": 17.64,
            "inventory_turnover_ratio": 31.29,
            "account_receivable_turnover_ratio": null,
            "reinvestment_rate": null,
            "research_to_sale_ratio": null,
            "price_fair": 70.93,
            "eps_avg_yearly": 2.03,
            "eps_latest_yearly": 2.68,
            "eps_growth_yearly": 57.75
        },
        "20083": {
            "year_quarter": 20083,
            "year": 2008,
            "quarter": 3,
            "eps": 0.33,
            "eps_growth_year": -34,
            "eps_4q": 1.66,
            "eps_4q_growth_year": null,
            "roe": 1.82,
            "roe_4q": 9.41,
            "gross_profit": 32052,
            "gross_margin": 35.59,
            "gross_margin_4q_avg": 41.89,
            "net_income": 11088,
            "net_income_4q": null,
            "revenue": 90061,
            "revenue_4q": null,
            "common_shares": 337135,
            "book_valuer_per_share": 18.24,
            "book_valuer_per_share_4q_avg": 19.47,
            "equity": 615056,
            "current_ratio": 250.27,
            "debt_ratio": 17.03,
            "inventory_turnover_ratio": 23.58,
            "account_receivable_turnover_ratio": null,
            "reinvestment_rate": null,
            "research_to_sale_ratio": null,
            "price_fair": 5.55,
            "eps_avg_yearly": 1.85,
            "eps_latest_yearly": 1.32,
            "eps_growth_yearly": -7.43
        },
        "20084": {
            "year_quarter": 20084,
            "year": 2008,
            "quarter": 4,
            "eps": 0.15,
            "eps_growth_year": -59.46,
            "eps_4q": 1.54,
            "eps_4q_growth_year": null,
            "roe": 0.79,
            "roe_4q": 8.4,
            "gross_profit": 32167,
            "gross_margin": 35.61,
            "gross_margin_4q_avg": 40.64,
            "net_income": 4910,
            "net_income_4q": null,
            "revenue": 90323,
            "revenue_4q": null,
            "common_shares": 337135,
            "book_valuer_per_share": 18.42,
            "book_valuer_per_share_4q_avg": 19.19,
            "equity": 620884,
            "current_ratio": 238.08,
            "debt_ratio": 22.26,
            "inventory_turnover_ratio": 23.37,
            "account_receivable_turnover_ratio": 2.25,
            "reinvestment_rate": null,
            "research_to_sale_ratio": null,
            "price_fair": 4.8,
            "eps_avg_yearly": 1.6,
            "eps_latest_yearly": 0.6,
            "eps_growth_yearly": -49.58
        },
        "20091": {
            "year_quarter": 20091,
            "year": 2009,
            "quarter": 1,
            "eps": -0.36,
            "eps_growth_year": -175,
            "eps_4q": 0.71,
            "eps_4q_growth_year": null,
            "roe": -1.97,
            "roe_4q": 3.99,
            "gross_profit": 8438,
            "gross_margin": 12.18,
            "gross_margin_4q_avg": 31.93,
            "net_income": -12145,
            "net_income_4q": null,
            "revenue": 69291,
            "revenue_4q": null,
            "common_shares": 337135,
            "book_valuer_per_share": 18.13,
            "book_valuer_per_share_4q_avg": 18.73,
            "equity": 611393,
            "current_ratio": 254.49,
            "debt_ratio": 19.22,
            "inventory_turnover_ratio": 36.34,
            "account_receivable_turnover_ratio": 0.92,
            "reinvestment_rate": null,
            "research_to_sale_ratio": null,
            "price_fair": 4.8,
            "eps_avg_yearly": 1.6,
            "eps_latest_yearly": 0.6,
            "eps_growth_yearly": -49.58
        },
        "20092": {
            "year_quarter": 20092,
            "year": 2009,
            "quarter": 2,
            "eps": -0.15,
            "eps_growth_year": -122.39,
            "eps_4q": -0.03,
            "eps_4q_growth_year": -101.54,
            "roe": -0.81,
            "roe_4q": -0.17000000000000015,
            "gross_profit": 22240,
            "gross_margin": 25.91,
            "gross_margin_4q_avg": 27.32,
            "net_income": -4901,
            "net_income_4q": null,
            "revenue": 85838,
            "revenue_4q": null,
            "common_shares": 337135,
            "book_valuer_per_share": 17.68,
            "book_valuer_per_share_4q_avg": 18.12,
            "equity": 596163,
            "current_ratio": 249.12,
            "debt_ratio": 19.44,
            "inventory_turnover_ratio": 41.4,
            "account_receivable_turnover_ratio": 1.1,
            "reinvestment_rate": null,
            "research_to_sale_ratio": null,
            "price_fair": 4.8,
            "eps_avg_yearly": 1.6,
            "eps_latest_yearly": 0.6,
            "eps_growth_yearly": -49.58
        },
        "20093": {
            "year_quarter": 20093,
            "year": 2009,
            "quarter": 3,
            "eps": 0.06,
            "eps_growth_year": -81.82,
            "eps_4q": -0.25,
            "eps_4q_growth_year": -114.77,
            "roe": 0.38,
            "roe_4q": -1.6099999999999999,
            "gross_profit": 26571,
            "gross_margin": 27.63,
            "gross_margin_4q_avg": 25.33,
            "net_income": 2381,
            "net_income_4q": null,
            "revenue": 96158,
            "revenue_4q": null,
            "common_shares": 393894,
            "book_valuer_per_share": 16.75,
            "book_valuer_per_share_4q_avg": 17.75,
            "equity": 659730,
            "current_ratio": 267.28,
            "debt_ratio": 18.28,
            "inventory_turnover_ratio": 43.71,
            "account_receivable_turnover_ratio": 1.12,
            "reinvestment_rate": null,
            "research_to_sale_ratio": null,
            "price_fair": 4.8,
            "eps_avg_yearly": 1.6,
            "eps_latest_yearly": 0.6,
            "eps_growth_yearly": -49.58
        },
        "20094": {
            "year_quarter": 20094,
            "year": 2009,
            "quarter": 4,
            "eps": 0.31,
            "eps_growth_year": 106.67,
            "eps_4q": -0.08,
            "eps_4q_growth_year": -105.02,
            "roe": 1.75,
            "roe_4q": -0.6500000000000001,
            "gross_profit": 33617,
            "gross_margin": 34.22,
            "gross_margin_4q_avg": 24.99,
            "net_income": 11617,
            "net_income_4q": null,
            "revenue": 98251,
            "revenue_4q": null,
            "common_shares": 393894,
            "book_valuer_per_share": 17.04,
            "book_valuer_per_share_4q_avg": 17.4,
            "equity": 671108,
            "current_ratio": 285.89,
            "debt_ratio": 16.35,
            "inventory_turnover_ratio": 36.21,
            "account_receivable_turnover_ratio": 1.83,
            "reinvestment_rate": null,
            "research_to_sale_ratio": null,
            "price_fair": 53.9,
            "eps_avg_yearly": 1.54,
            "eps_latest_yearly": 1.24,
            "eps_growth_yearly": 236.46
        },
        "20101": {
            "year_quarter": 20101,
            "year": 2010,
            "quarter": 1,
            "eps": 0.3,
            "eps_growth_year": null,
            "eps_4q": 0.53,
            "eps_4q_growth_year": -25.6,
            "roe": 1.72,
            "roe_4q": 3.0399999999999996,
            "gross_profit": 35840,
            "gross_margin": 32.63,
            "gross_margin_4q_avg": 30.1,
            "net_income": 11671,
            "net_income_4q": null,
            "revenue": 109842,
            "revenue_4q": null,
            "common_shares": 394094,
            "book_valuer_per_share": 17.33,
            "book_valuer_per_share_4q_avg": 17.2,
            "equity": 682947,
            "current_ratio": 271.46,
            "debt_ratio": 17.39,
            "inventory_turnover_ratio": 30.4,
            "account_receivable_turnover_ratio": 1,
            "reinvestment_rate": null,
            "research_to_sale_ratio": 2.21,
            "price_fair": 52.2,
            "eps_avg_yearly": 1.49,
            "eps_latest_yearly": 1.2,
            "eps_growth_yearly": 200.84
        },
        "20102": {
            "year_quarter": 20102,
            "year": 2010,
            "quarter": 2,
            "eps": 0.71,
            "eps_growth_year": null,
            "eps_4q": 1.36,
            "eps_4q_growth_year": null,
            "roe": 4.01,
            "roe_4q": 7.859999999999999,
            "gross_profit": 58077,
            "gross_margin": 43.53,
            "gross_margin_4q_avg": 34.5,
            "net_income": 27955,
            "net_income_4q": null,
            "revenue": 133424,
            "revenue_4q": null,
            "common_shares": 394094,
            "book_valuer_per_share": 18.05,
            "book_valuer_per_share_4q_avg": 17.29,
            "equity": 711447,
            "current_ratio": 253.57,
            "debt_ratio": 15.06,
            "inventory_turnover_ratio": 26.18,
            "account_receivable_turnover_ratio": 1.04,
            "reinvestment_rate": null,
            "research_to_sale_ratio": 1.84,
            "price_fair": 58.1,
            "eps_avg_yearly": 1.66,
            "eps_latest_yearly": 2.84,
            "eps_growth_yearly": 244.06
        },
        "20103": {
            "year_quarter": 20103,
            "year": 2010,
            "quarter": 3,
            "eps": 0.71,
            "eps_growth_year": 1081.27,
            "eps_4q": 2.01,
            "eps_4q_growth_year": null,
            "roe": 3.86,
            "roe_4q": 11.34,
            "gross_profit": 60603,
            "gross_margin": 39.73,
            "gross_margin_4q_avg": 37.53,
            "net_income": 27997,
            "net_income_4q": null,
            "revenue": 152526,
            "revenue_4q": null,
            "common_shares": 395014,
            "book_valuer_per_share": 18.76,
            "book_valuer_per_share_4q_avg": 17.8,
            "equity": 741007,
            "current_ratio": 270.97,
            "debt_ratio": 20.32,
            "inventory_turnover_ratio": 29.81,
            "account_receivable_turnover_ratio": 1.05,
            "reinvestment_rate": null,
            "research_to_sale_ratio": 1.64,
            "price_fair": 62.69,
            "eps_avg_yearly": 1.79,
            "eps_latest_yearly": 2.84,
            "eps_growth_yearly": 216.95
        },
        "20104": {
            "year_quarter": 20104,
            "year": 2010,
            "quarter": 4,
            "eps": 0.44,
            "eps_growth_year": 40.58,
            "eps_4q": 2.14,
            "eps_4q_growth_year": null,
            "roe": 2.3,
            "roe_4q": 11.89,
            "gross_profit": 64254,
            "gross_margin": 40.85,
            "gross_margin_4q_avg": 39.19,
            "net_income": 17270,
            "net_income_4q": null,
            "revenue": 157299,
            "revenue_4q": null,
            "common_shares": 396284,
            "book_valuer_per_share": 19.13,
            "book_valuer_per_share_4q_avg": 18.32,
            "equity": 758042,
            "current_ratio": 272.66,
            "debt_ratio": 21.3,
            "inventory_turnover_ratio": 26.81,
            "account_receivable_turnover_ratio": 1,
            "reinvestment_rate": null,
            "research_to_sale_ratio": 1.8,
            "price_fair": 62.58,
            "eps_avg_yearly": 1.79,
            "eps_latest_yearly": 1.76,
            "eps_growth_yearly": 180.04
        },
        "20111": {
            "year_quarter": 20111,
            "year": 2011,
            "quarter": 1,
            "eps": 0.73,
            "eps_growth_year": 143.33,
            "eps_4q": 2.52,
            "eps_4q_growth_year": 377.51,
            "roe": 3.72,
            "roe_4q": 13.889999999999999,
            "gross_profit": 65632,
            "gross_margin": 39.95,
            "gross_margin_4q_avg": 41.02,
            "net_income": 29285,
            "net_income_4q": null,
            "revenue": 164280,
            "revenue_4q": null,
            "common_shares": 407354,
            "book_valuer_per_share": 20.03,
            "book_valuer_per_share_4q_avg": 18.99,
            "equity": 815967,
            "current_ratio": 331.55,
            "debt_ratio": 18.51,
            "inventory_turnover_ratio": 24.5,
            "account_receivable_turnover_ratio": 0.99,
            "reinvestment_rate": null,
            "research_to_sale_ratio": 1.75,
            "price_fair": 66.18,
            "eps_avg_yearly": 1.89,
            "eps_latest_yearly": 2.92,
            "eps_growth_yearly": 187.64
        },
        "20112": {
            "year_quarter": 20112,
            "year": 2011,
            "quarter": 2,
            "eps": 0.65,
            "eps_growth_year": -8.8,
            "eps_4q": 2.38,
            "eps_4q_growth_year": 74.63,
            "roe": 3.48,
            "roe_4q": 13.36,
            "gross_profit": 64723,
            "gross_margin": 38.69,
            "gross_margin_4q_avg": 39.81,
            "net_income": 27892,
            "net_income_4q": null,
            "revenue": 167287,
            "revenue_4q": null,
            "common_shares": 407354,
            "book_valuer_per_share": 19.33,
            "book_valuer_per_share_4q_avg": 19.31,
            "equity": 787569,
            "current_ratio": 223.72,
            "debt_ratio": 23.35,
            "inventory_turnover_ratio": 25.29,
            "account_receivable_turnover_ratio": 1,
            "reinvestment_rate": 289.11,
            "research_to_sale_ratio": 2.11,
            "price_fair": 68.25,
            "eps_avg_yearly": 1.95,
            "eps_latest_yearly": 2.6,
            "eps_growth_yearly": 168.35
        },
        "20113": {
            "year_quarter": 20113,
            "year": 2011,
            "quarter": 3,
            "eps": 0.89,
            "eps_growth_year": 26.09,
            "eps_4q": 2.62,
            "eps_4q_growth_year": 30.63,
            "roe": 4.76,
            "roe_4q": 14.260000000000002,
            "gross_profit": 67967,
            "gross_margin": 38.15,
            "gross_margin_4q_avg": 39.41,
            "net_income": 38528,
            "net_income_4q": null,
            "revenue": 178167,
            "revenue_4q": null,
            "common_shares": 431131,
            "book_valuer_per_share": 19.32,
            "book_valuer_per_share_4q_avg": 19.45,
            "equity": 832842,
            "current_ratio": 257.49,
            "debt_ratio": 18.75,
            "inventory_turnover_ratio": 25.37,
            "account_receivable_turnover_ratio": 0.97,
            "reinvestment_rate": 169.47,
            "research_to_sale_ratio": 1.75,
            "price_fair": 72.58,
            "eps_avg_yearly": 2.07,
            "eps_latest_yearly": 3.56,
            "eps_growth_yearly": 166.76
        },
        "20114": {
            "year_quarter": 20114,
            "year": 2011,
            "quarter": 4,
            "eps": 0.88,
            "eps_growth_year": 101.35,
            "eps_4q": 3.1,
            "eps_4q_growth_year": 44.58,
            "roe": 4.44,
            "roe_4q": 16.4,
            "gross_profit": 74035,
            "gross_margin": 40.78,
            "gross_margin_4q_avg": 39.39,
            "net_income": 37830,
            "net_income_4q": null,
            "revenue": 181558,
            "revenue_4q": null,
            "common_shares": 431131,
            "book_valuer_per_share": 20.2,
            "book_valuer_per_share_4q_avg": 19.72,
            "equity": 870899,
            "current_ratio": 277.53,
            "debt_ratio": 17.45,
            "inventory_turnover_ratio": 24.88,
            "account_receivable_turnover_ratio": 0.93,
            "reinvestment_rate": 127.4,
            "research_to_sale_ratio": 1.84,
            "price_fair": 78.08,
            "eps_avg_yearly": 2.23,
            "eps_latest_yearly": 3.52,
            "eps_growth_yearly": 174.42
        },
        "20121": {
            "year_quarter": 20121,
            "year": 2012,
            "quarter": 1,
            "eps": 0.59,
            "eps_growth_year": -19.18,
            "eps_4q": 3.01,
            "eps_4q_growth_year": 19.51,
            "roe": 2.88,
            "roe_4q": 15.56,
            "gross_profit": 62088,
            "gross_margin": 35.39,
            "gross_margin_4q_avg": 38.25,
            "net_income": 25406,
            "net_income_4q": null,
            "revenue": 175452,
            "revenue_4q": null,
            "common_shares": 431131,
            "book_valuer_per_share": 20.75,
            "book_valuer_per_share_4q_avg": 19.9,
            "equity": 894611,
            "current_ratio": 277,
            "debt_ratio": 20.05,
            "inventory_turnover_ratio": 18.46,
            "account_receivable_turnover_ratio": 0.83,
            "reinvestment_rate": 126.76,
            "research_to_sale_ratio": 1.57,
            "price_fair": 79.26,
            "eps_avg_yearly": 2.26,
            "eps_latest_yearly": 2.36,
            "eps_growth_yearly": 155.13
        },
        "20122": {
            "year_quarter": 20122,
            "year": 2012,
            "quarter": 2,
            "eps": 1.06,
            "eps_growth_year": 63.34,
            "eps_4q": 3.42,
            "eps_4q_growth_year": 43.81,
            "roe": 5.28,
            "roe_4q": 17.36,
            "gross_profit": 81422,
            "gross_margin": 39.07,
            "gross_margin_4q_avg": 38.35,
            "net_income": 45560,
            "net_income_4q": null,
            "revenue": 208421,
            "revenue_4q": null,
            "common_shares": 431131,
            "book_valuer_per_share": 19.32,
            "book_valuer_per_share_4q_avg": 19.9,
            "equity": 832730,
            "current_ratio": 166.62,
            "debt_ratio": 31.56,
            "inventory_turnover_ratio": 17.19,
            "account_receivable_turnover_ratio": 0.8,
            "reinvestment_rate": 116.89,
            "research_to_sale_ratio": 1.32,
            "price_fair": 83.46,
            "eps_avg_yearly": 2.38,
            "eps_latest_yearly": 4.24,
            "eps_growth_yearly": 167.46
        },
        "20123": {
            "year_quarter": 20123,
            "year": 2012,
            "quarter": 3,
            "eps": 1.6,
            "eps_growth_year": 79.26,
            "eps_4q": 4.13,
            "eps_4q_growth_year": 57.44,
            "roe": 7.97,
            "roe_4q": 20.57,
            "gross_profit": 87472,
            "gross_margin": 39.54,
            "gross_margin_4q_avg": 38.7,
            "net_income": 69067,
            "net_income_4q": null,
            "revenue": 221204,
            "revenue_4q": null,
            "common_shares": 431131,
            "book_valuer_per_share": 20.87,
            "book_valuer_per_share_4q_avg": 20.29,
            "equity": 899614,
            "current_ratio": 184.09,
            "debt_ratio": 23.58,
            "inventory_turnover_ratio": 23.53,
            "account_receivable_turnover_ratio": 0.76,
            "reinvestment_rate": 91.25,
            "research_to_sale_ratio": 1.19,
            "price_fair": 97.14,
            "eps_avg_yearly": 2.78,
            "eps_latest_yearly": 6.4,
            "eps_growth_yearly": 198.75
        },
        "20124": {
            "year_quarter": 20124,
            "year": 2012,
            "quarter": 4,
            "eps": 1.24,
            "eps_growth_year": 41.08,
            "eps_4q": 4.49,
            "eps_4q_growth_year": 44.83,
            "roe": 5.76,
            "roe_4q": 21.89,
            "gross_profit": 98349,
            "gross_margin": 42.64,
            "gross_margin_4q_avg": 39.16,
            "net_income": 53371,
            "net_income_4q": null,
            "revenue": 230675,
            "revenue_4q": null,
            "common_shares": 431131,
            "book_valuer_per_share": 22.13,
            "book_valuer_per_share_4q_avg": 20.77,
            "equity": 954034,
            "current_ratio": 223.92,
            "debt_ratio": 19.5,
            "inventory_turnover_ratio": 25.18,
            "account_receivable_turnover_ratio": 0.78,
            "reinvestment_rate": 76.37,
            "research_to_sale_ratio": 1.26,
            "price_fair": 108.88,
            "eps_avg_yearly": 3.11,
            "eps_latest_yearly": 4.96,
            "eps_growth_yearly": 208.61
        },
        "20131": {
            "year_quarter": 20131,
            "year": 2013,
            "quarter": 1,
            "eps": 0.98,
            "eps_growth_year": 66.1,
            "eps_4q": 4.87,
            "eps_4q_growth_year": 62.01,
            "roe": 4.31,
            "roe_4q": 23.32,
            "gross_profit": 85801,
            "gross_margin": 39.55,
            "gross_margin_4q_avg": 40.2,
            "net_income": 42052,
            "net_income_4q": null,
            "revenue": 216931,
            "revenue_4q": null,
            "common_shares": 431131,
            "book_valuer_per_share": 23.09,
            "book_valuer_per_share_4q_avg": 21.35,
            "equity": 995663,
            "current_ratio": 238.48,
            "debt_ratio": 19.35,
            "inventory_turnover_ratio": 50.95,
            "account_receivable_turnover_ratio": 0.78,
            "reinvestment_rate": 40.77,
            "research_to_sale_ratio": 1.16,
            "price_fair": 110.9,
            "eps_avg_yearly": 3.17,
            "eps_latest_yearly": 3.92,
            "eps_growth_yearly": 187.72
        },
        "20132": {
            "year_quarter": 20132,
            "year": 2013,
            "quarter": 2,
            "eps": 1.42,
            "eps_growth_year": 34.37,
            "eps_4q": 5.23,
            "eps_4q_growth_year": 53.15,
            "roe": 6.42,
            "roe_4q": 24.46,
            "gross_profit": 105894,
            "gross_margin": 43.22,
            "gross_margin_4q_avg": 41.24,
            "net_income": 61141,
            "net_income_4q": null,
            "revenue": 245008,
            "revenue_4q": null,
            "common_shares": 431131,
            "book_valuer_per_share": 21.07,
            "book_valuer_per_share_4q_avg": 21.79,
            "equity": 908336,
            "current_ratio": 165.63,
            "debt_ratio": 30.07,
            "inventory_turnover_ratio": null,
            "account_receivable_turnover_ratio": 0.84,
            "reinvestment_rate": 37.69,
            "research_to_sale_ratio": 1.37,
            "price_fair": 116.76,
            "eps_avg_yearly": 3.34,
            "eps_latest_yearly": 5.68,
            "eps_growth_yearly": 187.18
        },
        "20133": {
            "year_quarter": 20133,
            "year": 2013,
            "quarter": 3,
            "eps": 1.47,
            "eps_growth_year": -8.24,
            "eps_4q": 5.1,
            "eps_4q_growth_year": 23.64,
            "roe": 6.74,
            "roe_4q": 23.229999999999997,
            "gross_profit": 109574,
            "gross_margin": 43.78,
            "gross_margin_4q_avg": 42.3,
            "net_income": 63344,
            "net_income_4q": null,
            "revenue": 250308,
            "revenue_4q": null,
            "common_shares": 431131,
            "book_valuer_per_share": 22.51,
            "book_valuer_per_share_4q_avg": 22.2,
            "equity": 970343,
            "current_ratio": 246.93,
            "debt_ratio": 17.75,
            "inventory_turnover_ratio": null,
            "account_receivable_turnover_ratio": 0.84,
            "reinvestment_rate": 31.76,
            "research_to_sale_ratio": 1.38,
            "price_fair": 122.33,
            "eps_avg_yearly": 3.5,
            "eps_latest_yearly": 5.88,
            "eps_growth_yearly": 176.36
        },
        "20134": {
            "year_quarter": 20134,
            "year": 2013,
            "quarter": 4,
            "eps": 1.25,
            "eps_growth_year": 1.16,
            "eps_4q": 5.12,
            "eps_4q_growth_year": 14.02,
            "roe": 5.4,
            "roe_4q": 22.87,
            "gross_profit": 109131,
            "gross_margin": 44.48,
            "gross_margin_4q_avg": 42.76,
            "net_income": 53989,
            "net_income_4q": null,
            "revenue": 245325,
            "revenue_4q": null,
            "common_shares": 431131,
            "book_valuer_per_share": 23.85,
            "book_valuer_per_share_4q_avg": 22.63,
            "equity": 1028356,
            "current_ratio": 256.76,
            "debt_ratio": 18.77,
            "inventory_turnover_ratio": null,
            "account_receivable_turnover_ratio": 1.03,
            "reinvestment_rate": 16.6,
            "research_to_sale_ratio": 2.24,
            "price_fair": 130.55,
            "eps_avg_yearly": 3.73,
            "eps_latest_yearly": 5,
            "eps_growth_yearly": 68.45
        },
        "20141": {
            "year_quarter": 20141,
            "year": 2014,
            "quarter": 1,
            "eps": 1.03,
            "eps_growth_year": 5.1,
            "eps_4q": 4.86,
            "eps_4q_growth_year": -0.15,
            "roe": 4.05,
            "roe_4q": 22.61,
            "gross_profit": 98551,
            "gross_margin": 40.5,
            "gross_margin_4q_avg": 43,
            "net_income": 46836,
            "net_income_4q": null,
            "revenue": 243324,
            "revenue_4q": null,
            "common_shares": 463131,
            "book_valuer_per_share": 27.75,
            "book_valuer_per_share_4q_avg": 23.8,
            "equity": 1285178,
            "current_ratio": 393.16,
            "debt_ratio": 14.93,
            "inventory_turnover_ratio": null,
            "account_receivable_turnover_ratio": 1.16,
            "reinvestment_rate": 13.15,
            "research_to_sale_ratio": 2.15,
            "price_fair": 136.94,
            "eps_avg_yearly": 3.91,
            "eps_latest_yearly": 4.12,
            "eps_growth_yearly": 64.86
        },
        "20142": {
            "year_quarter": 20142,
            "year": 2014,
            "quarter": 2,
            "eps": 1.03,
            "eps_growth_year": -27.46,
            "eps_4q": 4.57,
            "eps_4q_growth_year": -12.65,
            "roe": 3.91,
            "roe_4q": 20.1,
            "gross_profit": 106092,
            "gross_margin": 39.69,
            "gross_margin_4q_avg": 42.11,
            "net_income": 47542,
            "net_income_4q": null,
            "revenue": 267275,
            "revenue_4q": null,
            "common_shares": 463131,
            "book_valuer_per_share": 24.72,
            "book_valuer_per_share_4q_avg": 24.71,
            "equity": 1145012,
            "current_ratio": 212.01,
            "debt_ratio": 26.96,
            "inventory_turnover_ratio": null,
            "account_receivable_turnover_ratio": 1.15,
            "reinvestment_rate": 10.73,
            "research_to_sale_ratio": 1.63,
            "price_fair": 139.74,
            "eps_avg_yearly": 3.99,
            "eps_latest_yearly": 4.12,
            "eps_growth_yearly": 30.69
        },
        "20143": {
            "year_quarter": 20143,
            "year": 2014,
            "quarter": 3,
            "eps": 1.35,
            "eps_growth_year": -8.16,
            "eps_4q": 4.55,
            "eps_4q_growth_year": -10.8,
            "roe": 5.29,
            "roe_4q": 18.65,
            "gross_profit": 117195,
            "gross_margin": 42.46,
            "gross_margin_4q_avg": 41.78,
            "net_income": 62343,
            "net_income_4q": null,
            "revenue": 276040,
            "revenue_4q": null,
            "common_shares": 463131,
            "book_valuer_per_share": 26.18,
            "book_valuer_per_share_4q_avg": 25.63,
            "equity": 1212293,
            "current_ratio": 364.42,
            "debt_ratio": 14.83,
            "inventory_turnover_ratio": null,
            "account_receivable_turnover_ratio": 1.02,
            "reinvestment_rate": 8.24,
            "research_to_sale_ratio": 1.91,
            "price_fair": 145.34,
            "eps_avg_yearly": 4.15,
            "eps_latest_yearly": 5.4,
            "eps_growth_yearly": 38.46
        },
        "20144": {
            "year_quarter": 20144,
            "year": 2014,
            "quarter": 4,
            "eps": 1.14,
            "eps_growth_year": -8.87,
            "eps_4q": 4.53,
            "eps_4q_growth_year": -11.53,
            "roe": 4.26,
            "roe_4q": 17.51,
            "gross_profit": 118909,
            "gross_margin": 44.14,
            "gross_margin_4q_avg": 41.7,
            "net_income": 52851,
            "net_income_4q": null,
            "revenue": 269379,
            "revenue_4q": null,
            "common_shares": 463131,
            "book_valuer_per_share": 27.45,
            "book_valuer_per_share_4q_avg": 26.53,
            "equity": 1271382,
            "current_ratio": 374.04,
            "debt_ratio": 15.01,
            "inventory_turnover_ratio": null,
            "account_receivable_turnover_ratio": 0.9,
            "reinvestment_rate": 12.74,
            "research_to_sale_ratio": 1.88,
            "price_fair": 151.46,
            "eps_avg_yearly": 4.33,
            "eps_latest_yearly": 4.56,
            "eps_growth_yearly": 44.07
        },
        "20151": {
            "year_quarter": 20151,
            "year": 2015,
            "quarter": 1,
            "eps": 0.56,
            "eps_growth_year": -45.63,
            "eps_4q": 4.07,
            "eps_4q_growth_year": -16.33,
            "roe": 2.01,
            "roe_4q": 15.469999999999999,
            "gross_profit": 78692,
            "gross_margin": 35.56,
            "gross_margin_4q_avg": 40.46,
            "net_income": 25778,
            "net_income_4q": null,
            "revenue": 221292,
            "revenue_4q": null,
            "common_shares": 463131,
            "book_valuer_per_share": 27.98,
            "book_valuer_per_share_4q_avg": 26.58,
            "equity": 1295917,
            "current_ratio": 362.52,
            "debt_ratio": 15.13,
            "inventory_turnover_ratio": null,
            "account_receivable_turnover_ratio": 0.73,
            "reinvestment_rate": 11.91,
            "research_to_sale_ratio": 1.31,
            "price_fair": 106.6,
            "eps_avg_yearly": 4.29,
            "eps_latest_yearly": 2.24,
            "eps_growth_yearly": 14.88
        },
        "20152": {
            "year_quarter": 20152,
            "year": 2015,
            "quarter": 2,
            "eps": 0.8,
            "eps_growth_year": -22.33,
            "eps_4q": 3.85,
            "eps_4q_growth_year": -15.87,
            "roe": 3.04,
            "roe_4q": 14.599999999999998,
            "gross_profit": 102401,
            "gross_margin": 38.58,
            "gross_margin_4q_avg": 40.19,
            "net_income": 37137,
            "net_income_4q": null,
            "revenue": 265450,
            "revenue_4q": null,
            "common_shares": 463131,
            "book_valuer_per_share": 24.74,
            "book_valuer_per_share_4q_avg": 26.59,
            "equity": 1145982,
            "current_ratio": 190.25,
            "debt_ratio": 27.75,
            "inventory_turnover_ratio": null,
            "account_receivable_turnover_ratio": 0.84,
            "reinvestment_rate": 14.95,
            "research_to_sale_ratio": 0.93,
            "price_fair": 151.29,
            "eps_avg_yearly": 4.32,
            "eps_latest_yearly": 3.2,
            "eps_growth_yearly": 28.33
        },
        "20153": {
            "year_quarter": 20153,
            "year": 2015,
            "quarter": 3,
            "eps": 1.33,
            "eps_growth_year": -1.48,
            "eps_4q": 3.87,
            "eps_4q_growth_year": -14.94,
            "roe": 5.24,
            "roe_4q": 14.55,
            "gross_profit": 114625,
            "gross_margin": 37.73,
            "gross_margin_4q_avg": 39,
            "net_income": 61135,
            "net_income_4q": null,
            "revenue": 303820,
            "revenue_4q": null,
            "common_shares": 463131,
            "book_valuer_per_share": 26,
            "book_valuer_per_share_4q_avg": 26.54,
            "equity": 1188617,
            "current_ratio": 252.66,
            "debt_ratio": 17.17,
            "inventory_turnover_ratio": null,
            "account_receivable_turnover_ratio": 0.88,
            "reinvestment_rate": 15.3,
            "research_to_sale_ratio": 0.81,
            "price_fair": 155.14,
            "eps_avg_yearly": 4.43,
            "eps_latest_yearly": 5.32,
            "eps_growth_yearly": 35.66
        },
        "20154": {
            "year_quarter": 20154,
            "year": 2015,
            "quarter": 4,
            "eps": 1.17,
            "eps_growth_year": 2.61,
            "eps_4q": 3.88,
            "eps_4q_growth_year": -14.15,
            "roe": 4.42,
            "roe_4q": 14.709999999999999,
            "gross_profit": 130820,
            "gross_margin": 39.72,
            "gross_margin_4q_avg": 37.9,
            "net_income": 53527,
            "net_income_4q": null,
            "revenue": 329383,
            "revenue_4q": null,
            "common_shares": 463131,
            "book_valuer_per_share": 27.01,
            "book_valuer_per_share_4q_avg": 26.43,
            "equity": 1234750,
            "current_ratio": 168.48,
            "debt_ratio": 24.18,
            "inventory_turnover_ratio": null,
            "account_receivable_turnover_ratio": 0.91,
            "reinvestment_rate": 29.81,
            "research_to_sale_ratio": 1.11,
            "price_fair": 157.68,
            "eps_avg_yearly": 4.51,
            "eps_latest_yearly": 4.68,
            "eps_growth_yearly": 32.94
        },
        "20161": {
            "year_quarter": 20161,
            "year": 2016,
            "quarter": 1,
            "eps": 1,
            "eps_growth_year": 78.57,
            "eps_4q": 4.32,
            "eps_4q_growth_year": 6.16,
            "roe": 3.64,
            "roe_4q": 16.34,
            "gross_profit": 106093,
            "gross_margin": 34.01,
            "gross_margin_4q_avg": 37.51,
            "net_income": 45733,
            "net_income_4q": null,
            "revenue": 311923,
            "revenue_4q": null,
            "common_shares": 463131,
            "book_valuer_per_share": 27.95,
            "book_valuer_per_share_4q_avg": 26.43,
            "equity": 1277613,
            "current_ratio": 179.96,
            "debt_ratio": 30.18,
            "inventory_turnover_ratio": null,
            "account_receivable_turnover_ratio": 0.84,
            "reinvestment_rate": 35.55,
            "research_to_sale_ratio": 1.17,
            "price_fair": 161.26,
            "eps_avg_yearly": 4.61,
            "eps_latest_yearly": 4,
            "eps_growth_yearly": 37.54
        },
        "20162": {
            "year_quarter": 20162,
            "year": 2016,
            "quarter": 2,
            "eps": 1.44,
            "eps_growth_year": 80,
            "eps_4q": 4.88,
            "eps_4q_growth_year": 27,
            "roe": 5.26,
            "roe_4q": 18.560000000000002,
            "gross_profit": 140611,
            "gross_margin": 37.86,
            "gross_margin_4q_avg": 37.33,
            "net_income": 65811,
            "net_income_4q": null,
            "revenue": 371387,
            "revenue_4q": null,
            "common_shares": 463131,
            "book_valuer_per_share": 26.41,
            "book_valuer_per_share_4q_avg": 26.84,
            "equity": 1222939,
            "current_ratio": 151.9,
            "debt_ratio": 32.7,
            "inventory_turnover_ratio": null,
            "account_receivable_turnover_ratio": 0.98,
            "reinvestment_rate": 32.06,
            "research_to_sale_ratio": 0.96,
            "price_fair": 164.59,
            "eps_avg_yearly": 4.7,
            "eps_latest_yearly": 5.76,
            "eps_growth_yearly": 28.63
        },
        "20163": {
            "year_quarter": 20163,
            "year": 2016,
            "quarter": 3,
            "eps": 1.5,
            "eps_growth_year": 12.78,
            "eps_4q": 5.04,
            "eps_4q_growth_year": 30.27,
            "roe": 5.45,
            "roe_4q": 18.770000000000003,
            "gross_profit": 163578,
            "gross_margin": 42.02,
            "gross_margin_4q_avg": 38.4,
            "net_income": 68394,
            "net_income_4q": null,
            "revenue": 389243,
            "revenue_4q": null,
            "common_shares": 463131,
            "book_valuer_per_share": 27.77,
            "book_valuer_per_share_4q_avg": 27.29,
            "equity": 1286175,
            "current_ratio": 147.72,
            "debt_ratio": 35.58,
            "inventory_turnover_ratio": null,
            "account_receivable_turnover_ratio": 0.95,
            "reinvestment_rate": 30.78,
            "research_to_sale_ratio": 1.15,
            "price_fair": 125.98,
            "eps_avg_yearly": 4.68,
            "eps_latest_yearly": 6,
            "eps_growth_yearly": 16.93
        },
        "20164": {
            "year_quarter": 20164,
            "year": 2016,
            "quarter": 4,
            "eps": 0.95,
            "eps_growth_year": -19.12,
            "eps_4q": 4.32,
            "eps_4q_growth_year": 11.27,
            "roe": 3.23,
            "roe_4q": 17.58,
            "gross_profit": 145398,
            "gross_margin": 37.68,
            "gross_margin_4q_avg": 37.89,
            "net_income": 50492,
            "net_income_4q": null,
            "revenue": 385878,
            "revenue_4q": null,
            "common_shares": 533131,
            "book_valuer_per_share": 34.59,
            "book_valuer_per_share_4q_avg": 29.18,
            "equity": 1844154,
            "current_ratio": 252.36,
            "debt_ratio": 24.48,
            "inventory_turnover_ratio": null,
            "account_receivable_turnover_ratio": 0.88,
            "reinvestment_rate": 45.83,
            "research_to_sale_ratio": 1.55,
            "price_fair": 107.72,
            "eps_avg_yearly": 4.61,
            "eps_latest_yearly": 3.8,
            "eps_growth_yearly": 13.39
        },
        "20171": {
            "year_quarter": 20171,
            "year": 2017,
            "quarter": 1,
            "eps": 0.5,
            "eps_growth_year": -50,
            "eps_4q": 3.96,
            "eps_4q_growth_year": -8.47,
            "roe": 1.41,
            "roe_4q": 15.35,
            "gross_profit": 130561,
            "gross_margin": 34.46,
            "gross_margin_4q_avg": 38.01,
            "net_income": 26171,
            "net_income_4q": null,
            "revenue": 378887,
            "revenue_4q": null,
            "common_shares": 533131,
            "book_valuer_per_share": 34.92,
            "book_valuer_per_share_4q_avg": 30.92,
            "equity": 1861505,
            "current_ratio": 261.91,
            "debt_ratio": 21.13,
            "inventory_turnover_ratio": null,
            "account_receivable_turnover_ratio": 0.89,
            "reinvestment_rate": 76.26,
            "research_to_sale_ratio": 1.08,
            "price_fair": 75.31,
            "eps_avg_yearly": 4.49,
            "eps_latest_yearly": 2,
            "eps_growth_yearly": 6.79
        },
        "20172": {
            "year_quarter": 20172,
            "year": 2017,
            "quarter": 2,
            "eps": 1.23,
            "eps_growth_year": -14.58,
            "eps_4q": 3.94,
            "eps_4q_growth_year": -19.36,
            "roe": 3.6,
            "roe_4q": 13.690000000000001,
            "gross_profit": 149338,
            "gross_margin": 36.71,
            "gross_margin_4q_avg": 37.72,
            "net_income": 64915,
            "net_income_4q": null,
            "revenue": 406768,
            "revenue_4q": null,
            "common_shares": 533131,
            "book_valuer_per_share": 32.82,
            "book_valuer_per_share_4q_avg": 32.53,
            "equity": 1749629,
            "current_ratio": 152.4,
            "debt_ratio": 32.63,
            "inventory_turnover_ratio": null,
            "account_receivable_turnover_ratio": 0.98,
            "reinvestment_rate": 94.69,
            "research_to_sale_ratio": 0.65,
            "price_fair": 155.31,
            "eps_avg_yearly": 4.44,
            "eps_latest_yearly": 4.92,
            "eps_growth_yearly": 32.07
        },
        "20173": {
            "year_quarter": 20173,
            "year": 2017,
            "quarter": 3,
            "eps": 0.94,
            "eps_growth_year": -37.33,
            "eps_4q": 3.59,
            "eps_4q_growth_year": -28.82,
            "roe": 2.8,
            "roe_4q": 11.040000000000001,
            "gross_profit": 121996,
            "gross_margin": 27.64,
            "gross_margin_4q_avg": 34.12,
            "net_income": 49721,
            "net_income_4q": null,
            "revenue": 441322,
            "revenue_4q": null,
            "common_shares": 533131,
            "book_valuer_per_share": 33.91,
            "book_valuer_per_share_4q_avg": 34.06,
            "equity": 1807685,
            "current_ratio": 151.32,
            "debt_ratio": 31.02,
            "inventory_turnover_ratio": null,
            "account_receivable_turnover_ratio": 1.01,
            "reinvestment_rate": 107.78,
            "research_to_sale_ratio": 0.6,
            "price_fair": 150.68,
            "eps_avg_yearly": 4.31,
            "eps_latest_yearly": 3.76,
            "eps_growth_yearly": 25.29
        },
        "20174": {
            "year_quarter": 20174,
            "year": 2017,
            "quarter": 4,
            "eps": 1.19,
            "eps_growth_year": 25.39,
            "eps_4q": 3.45,
            "eps_4q_growth_year": -20.24,
            "roe": 3.34,
            "roe_4q": 11.15,
            "gross_profit": 144187,
            "gross_margin": 30.24,
            "gross_margin_4q_avg": 32.26,
            "net_income": 74000,
            "net_income_4q": null,
            "revenue": 476743,
            "revenue_4q": null,
            "common_shares": 623131,
            "book_valuer_per_share": 42.11,
            "book_valuer_per_share_4q_avg": 35.94,
            "equity": 2624133,
            "current_ratio": 331.14,
            "debt_ratio": 20.58,
            "inventory_turnover_ratio": null,
            "account_receivable_turnover_ratio": 1.03,
            "reinvestment_rate": 112.82,
            "research_to_sale_ratio": 0.87,
            "price_fair": 150.15,
            "eps_avg_yearly": 4.29,
            "eps_latest_yearly": 4.76,
            "eps_growth_yearly": 35.68
        },
        "20181": {
            "year_quarter": 20181,
            "year": 2018,
            "quarter": 1,
            "eps": 0.79,
            "eps_growth_year": 58,
            "eps_4q": 3.81,
            "eps_4q_growth_year": -3.66,
            "roe": 1.84,
            "roe_4q": 11.58,
            "gross_profit": 127795,
            "gross_margin": 29.04,
            "gross_margin_4q_avg": 30.91,
            "net_income": 48809,
            "net_income_4q": null,
            "revenue": 440116,
            "revenue_4q": null,
            "common_shares": 623131,
            "book_valuer_per_share": 43.01,
            "book_valuer_per_share_4q_avg": 37.96,
            "equity": 2679980,
            "current_ratio": 372.63,
            "debt_ratio": 19.39,
            "inventory_turnover_ratio": null,
            "account_receivable_turnover_ratio": 0.98,
            "reinvestment_rate": 113.39,
            "research_to_sale_ratio": 0.62,
            "price_fair": 148.05,
            "eps_avg_yearly": 4.23,
            "eps_latest_yearly": 3.16,
            "eps_growth_yearly": 31.68
        },
        "20182": {
            "year_quarter": 20182,
            "year": 2018,
            "quarter": 2,
            "eps": 1.09,
            "eps_growth_year": -11.38,
            "eps_4q": 3.86,
            "eps_4q_growth_year": -2.05,
            "roe": 2.58,
            "roe_4q": 10.559999999999999,
            "gross_profit": 159760,
            "gross_margin": 30.7,
            "gross_margin_4q_avg": 29.41,
            "net_income": 67868,
            "net_income_4q": null,
            "revenue": 520340,
            "revenue_4q": null,
            "common_shares": 623131,
            "book_valuer_per_share": 41.52,
            "book_valuer_per_share_4q_avg": 40.14,
            "equity": 2587215,
            "current_ratio": 243.32,
            "debt_ratio": 26.82,
            "inventory_turnover_ratio": null,
            "account_receivable_turnover_ratio": 1.05,
            "reinvestment_rate": 116.14,
            "research_to_sale_ratio": 0.33,
            "price_fair": 148.58,
            "eps_avg_yearly": 4.25,
            "eps_latest_yearly": 4.36,
            "eps_growth_yearly": 41.17
        },
        "20183": {
            "year_quarter": 20183,
            "year": 2018,
            "quarter": 3,
            "eps": 0.77,
            "eps_growth_year": -18.09,
            "eps_4q": 3.83,
            "eps_4q_growth_year": 6.83,
            "roe": 1.85,
            "roe_4q": 9.61,
            "gross_profit": 166067,
            "gross_margin": 30.32,
            "gross_margin_4q_avg": 30.08,
            "net_income": 48180,
            "net_income_4q": null,
            "revenue": 547688,
            "revenue_4q": null,
            "common_shares": 623131,
            "book_valuer_per_share": 41.85,
            "book_valuer_per_share_4q_avg": 42.12,
            "equity": 2607775,
            "current_ratio": 331.13,
            "debt_ratio": 24.67,
            "inventory_turnover_ratio": null,
            "account_receivable_turnover_ratio": 0.96,
            "reinvestment_rate": 125.32,
            "research_to_sale_ratio": 0.56,
            "price_fair": 143.5,
            "eps_avg_yearly": 4.1,
            "eps_latest_yearly": 3.08,
            "eps_growth_yearly": 26.07
        },
        "20184": {
            "year_quarter": 20184,
            "year": 2018,
            "quarter": 4,
            "eps": 1.47,
            "eps_growth_year": 23.85,
            "eps_4q": 4.12,
            "eps_4q_growth_year": 19.41,
            "roe": 3.45,
            "roe_4q": 9.72,
            "gross_profit": 190744,
            "gross_margin": 33.29,
            "gross_margin_4q_avg": 30.84,
            "net_income": 91650,
            "net_income_4q": null,
            "revenue": 572902,
            "revenue_4q": null,
            "common_shares": 623131,
            "book_valuer_per_share": 43.43,
            "book_valuer_per_share_4q_avg": 42.45,
            "equity": 2706275,
            "current_ratio": 290.83,
            "debt_ratio": 27.11,
            "inventory_turnover_ratio": null,
            "account_receivable_turnover_ratio": 0.99,
            "reinvestment_rate": 119.68,
            "research_to_sale_ratio": 1.52,
            "price_fair": 146.39,
            "eps_avg_yearly": 4.18,
            "eps_latest_yearly": 5.88,
            "eps_growth_yearly": 52.68
        },
        "20191": {
            "year_quarter": 20191,
            "year": 2019,
            "quarter": 1,
            "eps": 0.96,
            "eps_growth_year": 21.52,
            "eps_4q": 4.29,
            "eps_4q_growth_year": 12.7,
            "roe": 2.18,
            "roe_4q": 10.06,
            "gross_profit": 172259,
            "gross_margin": 31.12,
            "gross_margin_4q_avg": 31.36,
            "net_income": 59900,
            "net_income_4q": null,
            "revenue": 553505,
            "revenue_4q": null,
            "common_shares": 623131,
            "book_valuer_per_share": 44.83,
            "book_valuer_per_share_4q_avg": 42.91,
            "equity": 2793681,
            "current_ratio": 293.51,
            "debt_ratio": 31.32,
            "inventory_turnover_ratio": null,
            "account_receivable_turnover_ratio": 0.96,
            "reinvestment_rate": 115.77,
            "research_to_sale_ratio": 1.23,
            "price_fair": 149.89,
            "eps_avg_yearly": 4.28,
            "eps_latest_yearly": 3.84,
            "eps_growth_yearly": 56.73
        },
        "20192": {
            "year_quarter": 20192,
            "year": 2019,
            "quarter": 2,
            "eps": 1.04,
            "eps_growth_year": -4.59,
            "eps_4q": 4.24,
            "eps_4q_growth_year": 10,
            "roe": 2.37,
            "roe_4q": 9.85,
            "gross_profit": 158104,
            "gross_margin": 25.16,
            "gross_margin_4q_avg": 29.97,
            "net_income": 64704,
            "net_income_4q": null,
            "revenue": 628365,
            "revenue_4q": null,
            "common_shares": 623131,
            "book_valuer_per_share": 42.62,
            "book_valuer_per_share_4q_avg": 43.18,
            "equity": 2655776,
            "current_ratio": 219.92,
            "debt_ratio": 35.6,
            "inventory_turnover_ratio": null,
            "account_receivable_turnover_ratio": 1.06,
            "reinvestment_rate": 94.97,
            "research_to_sale_ratio": 0.68,
            "price_fair": 151.99,
            "eps_avg_yearly": 4.34,
            "eps_latest_yearly": 4.16,
            "eps_growth_yearly": 48.1
        },
        "20193": {
            "year_quarter": 20193,
            "year": 2019,
            "quarter": 3,
            "eps": 0.72,
            "eps_growth_year": -6.49,
            "eps_4q": 4.19,
            "eps_4q_growth_year": 9.23,
            "roe": 1.68,
            "roe_4q": 9.68,
            "gross_profit": 165260,
            "gross_margin": 25.14,
            "gross_margin_4q_avg": 28.68,
            "net_income": 44659,
            "net_income_4q": null,
            "revenue": 657252,
            "revenue_4q": null,
            "common_shares": 623131,
            "book_valuer_per_share": 42.61,
            "book_valuer_per_share_4q_avg": 43.37,
            "equity": 2655060,
            "current_ratio": 263.59,
            "debt_ratio": 30.73,
            "inventory_turnover_ratio": null,
            "account_receivable_turnover_ratio": 1.04,
            "reinvestment_rate": 97.61,
            "research_to_sale_ratio": 0.62,
            "price_fair": 141.8,
            "eps_avg_yearly": 4.19,
            "eps_latest_yearly": 2.88,
            "eps_growth_yearly": 23.84
        },
        "20194": {
            "year_quarter": 20194,
            "year": 2019,
            "quarter": 4,
            "eps": 1.23,
            "eps_growth_year": -16.33,
            "eps_4q": 3.95,
            "eps_4q_growth_year": -4.12,
            "roe": 2.85,
            "roe_4q": 9.08,
            "gross_profit": 190994,
            "gross_margin": 27.19,
            "gross_margin_4q_avg": 27.15,
            "net_income": 76680,
            "net_income_4q": null,
            "revenue": 702325,
            "revenue_4q": null,
            "common_shares": 623131,
            "book_valuer_per_share": 43.66,
            "book_valuer_per_share_4q_avg": 43.43,
            "equity": 2720727,
            "current_ratio": 225.91,
            "debt_ratio": 36.36,
            "inventory_turnover_ratio": null,
            "account_receivable_turnover_ratio": 1.02,
            "reinvestment_rate": 105.72,
            "research_to_sale_ratio": 0.9,
            "price_fair": 147.18,
            "eps_avg_yearly": 4.21,
            "eps_latest_yearly": 4.92,
            "eps_growth_yearly": 44.56
        },
        "20201": {
            "year_quarter": 20201,
            "year": 2020,
            "quarter": 1,
            "eps": 1.11,
            "eps_growth_year": 15.62,
            "eps_4q": 4.09,
            "eps_4q_growth_year": -4.68,
            "roe": 2.51,
            "roe_4q": 9.41,
            "gross_profit": 181682,
            "gross_margin": 26.84,
            "gross_margin_4q_avg": 26.08,
            "net_income": 69030,
            "net_income_4q": null,
            "revenue": 677001,
            "revenue_4q": null,
            "common_shares": 623131,
            "book_valuer_per_share": 44.54,
            "book_valuer_per_share_4q_avg": 43.36,
            "equity": 2775589,
            "current_ratio": 231.28,
            "debt_ratio": 35.84,
            "inventory_turnover_ratio": null,
            "account_receivable_turnover_ratio": 0.94,
            "reinvestment_rate": 94.56,
            "research_to_sale_ratio": 1.89,
            "price_fair": 148.14,
            "eps_avg_yearly": 4.23,
            "eps_latest_yearly": 4.44,
            "eps_growth_yearly": 45.75
        },
        "20202": {
            "year_quarter": 20202,
            "year": 2020,
            "quarter": 2,
            "eps": 0.94,
            "eps_growth_year": -9.62,
            "eps_4q": 4,
            "eps_4q_growth_year": -5.85,
            "roe": 2.17,
            "roe_4q": 9.209999999999999,
            "gross_profit": 202956,
            "gross_margin": 27.28,
            "gross_margin_4q_avg": 26.61,
            "net_income": 58598,
            "net_income_4q": null,
            "revenue": 743945,
            "revenue_4q": null,
            "common_shares": 623131,
            "book_valuer_per_share": 42.18,
            "book_valuer_per_share_4q_avg": 43.25,
            "equity": 2628606,
            "current_ratio": 208.77,
            "debt_ratio": 36.27,
            "inventory_turnover_ratio": null,
            "account_receivable_turnover_ratio": 1.01,
            "reinvestment_rate": 94.38,
            "research_to_sale_ratio": 2.88,
            "price_fair": 143.76,
            "eps_avg_yearly": 4.11,
            "eps_latest_yearly": 3.76,
            "eps_growth_yearly": 30.92
        },
        "20203": {
            "year_quarter": 20203,
            "year": 2020,
            "quarter": 3,
            "eps": 2.15,
            "eps_growth_year": 198.61,
            "eps_4q": 5.43,
            "eps_4q_growth_year": 29.68,
            "roe": 4.95,
            "roe_4q": 12.479999999999999,
            "gross_profit": 250381,
            "gross_margin": 30.6,
            "gross_margin_4q_avg": 27.98,
            "net_income": 134046,
            "net_income_4q": null,
            "revenue": 818304,
            "revenue_4q": null,
            "common_shares": 623131,
            "book_valuer_per_share": 44.72,
            "book_valuer_per_share_4q_avg": 43.78,
            "equity": 2786814,
            "current_ratio": 303.11,
            "debt_ratio": 32.83,
            "inventory_turnover_ratio": null,
            "account_receivable_turnover_ratio": 1.04,
            "reinvestment_rate": 92.18,
            "research_to_sale_ratio": 3.04,
            "price_fair": 149.45,
            "eps_avg_yearly": 4.27,
            "eps_latest_yearly": 8.6,
            "eps_growth_yearly": 62.06
        },
        "20204": {
            "year_quarter": 20204,
            "year": 2020,
            "quarter": 4,
            "eps": 1.98,
            "eps_growth_year": 60.93,
            "eps_4q": 6.18,
            "eps_4q_growth_year": 56.57,
            "roe": 4.31,
            "roe_4q": 13.94,
            "gross_profit": 272008,
            "gross_margin": 33.08,
            "gross_margin_4q_avg": 29.45,
            "net_income": 123403,
            "net_income_4q": null,
            "revenue": 822323,
            "revenue_4q": null,
            "common_shares": 623131,
            "book_valuer_per_share": 47.27,
            "book_valuer_per_share_4q_avg": 44.68,
            "equity": 2945795,
            "current_ratio": 297.73,
            "debt_ratio": 33.25,
            "inventory_turnover_ratio": null,
            "account_receivable_turnover_ratio": 1,
            "reinvestment_rate": 72.68,
            "research_to_sale_ratio": 3.4,
            "price_fair": 158.46,
            "eps_avg_yearly": 4.53,
            "eps_latest_yearly": 7.92,
            "eps_growth_yearly": 69.25
        },
        "20211": {
            "year_quarter": 20211,
            "year": 2021,
            "quarter": 1,
            "eps": 1.75,
            "eps_growth_year": 57.66,
            "eps_4q": 6.9,
            "eps_4q_growth_year": 68.63,
            "roe": 3.88,
            "roe_4q": 15.31,
            "gross_profit": 238255,
            "gross_margin": 32.57,
            "gross_margin_4q_avg": 30.88,
            "net_income": 109006,
            "net_income_4q": null,
            "revenue": 731460,
            "revenue_4q": null,
            "common_shares": 623131,
            "book_valuer_per_share": 43.52,
            "book_valuer_per_share_4q_avg": 44.42,
            "equity": 2679786,
            "current_ratio": 230.5,
            "debt_ratio": 41.85,
            "inventory_turnover_ratio": null,
            "account_receivable_turnover_ratio": 0.96,
            "reinvestment_rate": 53.33,
            "research_to_sale_ratio": 2.17,
            "price_fair": 169.4,
            "eps_avg_yearly": 4.84,
            "eps_latest_yearly": 7,
            "eps_growth_yearly": 78.19
        },
        "20212": {
            "year_quarter": 20212,
            "year": 2021,
            "quarter": 2,
            "eps": 2.46,
            "eps_growth_year": 161.7,
            "eps_4q": 8.43,
            "eps_4q_growth_year": 110.91,
            "roe": 5.49,
            "roe_4q": 18.63,
            "gross_profit": 309782,
            "gross_margin": 38.23,
            "gross_margin_4q_avg": 33.62,
            "net_income": 150807,
            "net_income_4q": null,
            "revenue": 810212,
            "revenue_4q": null,
            "common_shares": 623131,
            "book_valuer_per_share": 45.56,
            "book_valuer_per_share_4q_avg": 45.27,
            "equity": 2814539,
            "current_ratio": 219.8,
            "debt_ratio": 42.11,
            "inventory_turnover_ratio": null,
            "account_receivable_turnover_ratio": 1.13,
            "reinvestment_rate": 46.34,
            "research_to_sale_ratio": 2.87,
            "price_fair": 180.16,
            "eps_avg_yearly": 5.15,
            "eps_latest_yearly": 9.84,
            "eps_growth_yearly": 51.83
        },
        "20213": {
            "year_quarter": 20213,
            "year": 2021,
            "quarter": 3,
            "eps": 2.29,
            "eps_growth_year": 6.51,
            "eps_4q": 8.42,
            "eps_4q_growth_year": 55.13,
            "roe": 4.77,
            "roe_4q": 18.45,
            "gross_profit": 317681,
            "gross_margin": 35.09,
            "gross_margin_4q_avg": 34.74,
            "net_income": 140554,
            "net_income_4q": null,
            "revenue": 905208,
            "revenue_4q": null,
            "common_shares": 623131,
            "book_valuer_per_share": 49.11,
            "book_valuer_per_share_4q_avg": 46.37,
            "equity": 3073995,
            "current_ratio": 222.31,
            "debt_ratio": 41.09,
            "inventory_turnover_ratio": null,
            "account_receivable_turnover_ratio": 1.2,
            "reinvestment_rate": 42,
            "research_to_sale_ratio": 3.37,
            "price_fair": 191.98,
            "eps_avg_yearly": 5.49,
            "eps_latest_yearly": 9.16,
            "eps_growth_yearly": 56
        },
        "20214": {
            "year_quarter": 20214,
            "year": 2021,
            "quarter": 4,
            "eps": 2.97,
            "eps_growth_year": 49.96,
            "eps_4q": 9.41,
            "eps_4q_growth_year": 52.32,
            "roe": 5.84,
            "roe_4q": 19.98,
            "gross_profit": 340271,
            "gross_margin": 37.22,
            "gross_margin_4q_avg": 35.78,
            "net_income": 185314,
            "net_income_4q": null,
            "revenue": 914202,
            "revenue_4q": null,
            "common_shares": 623131,
            "book_valuer_per_share": 52.34,
            "book_valuer_per_share_4q_avg": 47.63,
            "equity": 3275800,
            "current_ratio": 277.29,
            "debt_ratio": 38.35,
            "inventory_turnover_ratio": null,
            "account_receivable_turnover_ratio": 1.16,
            "reinvestment_rate": 41.51,
            "research_to_sale_ratio": 6.01,
            "price_fair": 207.55,
            "eps_avg_yearly": 5.93,
            "eps_latest_yearly": 11.88,
            "eps_growth_yearly": 56.78
        },
        "20221": {
            "year_quarter": 20221,
            "year": 2022,
            "quarter": 1,
            "eps": 2.04,
            "eps_growth_year": 16.57,
            "eps_4q": 9.7,
            "eps_4q_growth_year": 40.54,
            "roe": 3.95,
            "roe_4q": 20.049999999999997,
            "gross_profit": 345473,
            "gross_margin": 38.64,
            "gross_margin_4q_avg": 37.3,
            "net_income": 127210,
            "net_income_4q": null,
            "revenue": 894038,
            "revenue_4q": null,
            "common_shares": 623131,
            "book_valuer_per_share": 50.63,
            "book_valuer_per_share_4q_avg": 49.41,
            "equity": 3169381,
            "current_ratio": 207.32,
            "debt_ratio": 45.18,
            "inventory_turnover_ratio": null,
            "account_receivable_turnover_ratio": 1.04,
            "reinvestment_rate": 48.17,
            "research_to_sale_ratio": 7.23,
            "price_fair": 218.49,
            "eps_avg_yearly": 6.24,
            "eps_latest_yearly": 8.16,
            "eps_growth_yearly": 57.35
        },
        "20222": {
            "year_quarter": 20222,
            "year": 2022,
            "quarter": 2,
            "eps": 1.64,
            "eps_growth_year": -33.33,
            "eps_4q": 8.99,
            "eps_4q_growth_year": 6.7,
            "roe": 3.22,
            "roe_4q": 17.78,
            "gross_profit": 307395,
            "gross_margin": 34.55,
            "gross_margin_4q_avg": 36.38,
            "net_income": 102327,
            "net_income_4q": null,
            "revenue": 889645,
            "revenue_4q": null,
            "common_shares": 623131,
            "book_valuer_per_share": 51.4,
            "book_valuer_per_share_4q_avg": 50.87,
            "equity": 3187606,
            "current_ratio": 222.64,
            "debt_ratio": 45.96,
            "inventory_turnover_ratio": null,
            "account_receivable_turnover_ratio": 0.88,
            "reinvestment_rate": 57.28,
            "research_to_sale_ratio": 3.68,
            "price_fair": 223.3,
            "eps_avg_yearly": 6.38,
            "eps_latest_yearly": 6.56,
            "eps_growth_yearly": 42.95
        },
        "20223": {
            "year_quarter": 20223,
            "year": 2022,
            "quarter": 3,
            "eps": 2.97,
            "eps_growth_year": 29.69,
            "eps_4q": 9.68,
            "eps_4q_growth_year": 14.87,
            "roe": 5.58,
            "roe_4q": 18.59,
            "gross_profit": 366733,
            "gross_margin": 34.87,
            "gross_margin_4q_avg": 36.32,
            "net_income": 182990,
            "net_income_4q": null,
            "revenue": 1051788,
            "revenue_4q": null,
            "common_shares": 623131,
            "book_valuer_per_share": 54.38,
            "book_valuer_per_share_4q_avg": 52.19,
            "equity": 3371350,
            "current_ratio": 207.41,
            "debt_ratio": 47.75,
            "inventory_turnover_ratio": null,
            "account_receivable_turnover_ratio": 0.94,
            "reinvestment_rate": 71.58,
            "research_to_sale_ratio": 5.53,
            "price_fair": 242.55,
            "eps_avg_yearly": 6.93,
            "eps_latest_yearly": 11.88,
            "eps_growth_yearly": 70.57
        },
        "20224": {
            "year_quarter": 20224,
            "year": 2022,
            "quarter": 4,
            "eps": 3.49,
            "eps_growth_year": 17.39,
            "eps_4q": 10.16,
            "eps_4q_growth_year": 7.99,
            "roe": 6.2,
            "roe_4q": 18.950000000000003,
            "gross_profit": 447054,
            "gross_margin": 39.27,
            "gross_margin_4q_avg": 36.83,
            "net_income": 214842,
            "net_income_4q": null,
            "revenue": 1138517,
            "revenue_4q": null,
            "common_shares": 623131,
            "book_valuer_per_share": 57.39,
            "book_valuer_per_share_4q_avg": 53.45,
            "equity": 3556894,
            "current_ratio": 179.06,
            "debt_ratio": 48.46,
            "inventory_turnover_ratio": null,
            "account_receivable_turnover_ratio": 0.95,
            "reinvestment_rate": 77.68,
            "research_to_sale_ratio": 5.97,
            "price_fair": 260.23,
            "eps_avg_yearly": 7.44,
            "eps_latest_yearly": 13.96,
            "eps_growth_yearly": 52.22
        },
        "20231": {
            "year_quarter": 20231,
            "year": 2023,
            "quarter": 1,
            "eps": 2.45,
            "eps_growth_year": 20.1,
            "eps_4q": 10.56,
            "eps_4q_growth_year": 8.87,
            "roe": 4.48,
            "roe_4q": 19.479999999999997,
            "gross_profit": 418118,
            "gross_margin": 36.64,
            "gross_margin_4q_avg": 36.33,
            "net_income": 151477,
            "net_income_4q": null,
            "revenue": 1141309,
            "revenue_4q": null,
            "common_shares": 623131,
            "book_valuer_per_share": 51.95,
            "book_valuer_per_share_4q_avg": 53.78,
            "equity": 3207204,
            "current_ratio": 134.76,
            "debt_ratio": 54.41,
            "inventory_turnover_ratio": null,
            "account_receivable_turnover_ratio": 0.91,
            "reinvestment_rate": 76.5,
            "research_to_sale_ratio": 6.97,
            "price_fair": 273.26,
            "eps_avg_yearly": 7.81,
            "eps_latest_yearly": 9.8,
            "eps_growth_yearly": 53.44
        },
        "20232": {
            "year_quarter": 20232,
            "year": 2023,
            "quarter": 2,
            "eps": 3.35,
            "eps_growth_year": 104.27,
            "eps_4q": 12.26,
            "eps_4q_growth_year": 36.36,
            "roe": 6.24,
            "roe_4q": 22.5,
            "gross_profit": 475000,
            "gross_margin": 39.14,
            "gross_margin_4q_avg": 37.48,
            "net_income": 206919,
            "net_income_4q": null,
            "revenue": 1213603,
            "revenue_4q": null,
            "common_shares": 623131,
            "book_valuer_per_share": 55.49,
            "book_valuer_per_share_4q_avg": 54.8,
            "equity": 3425618,
            "current_ratio": 148.92,
            "debt_ratio": 52.04,
            "inventory_turnover_ratio": null,
            "account_receivable_turnover_ratio": 0.98,
            "reinvestment_rate": 78.99,
            "research_to_sale_ratio": 4.75,
            "price_fair": 293.48,
            "eps_avg_yearly": 8.39,
            "eps_latest_yearly": 13.4,
            "eps_growth_yearly": 60.54
        },
        "20233": {
            "year_quarter": 20233,
            "year": 2023,
            "quarter": 3,
            "eps": 2.68,
            "eps_growth_year": -9.76,
            "eps_4q": 11.36,
            "eps_4q_growth_year": 17.38,
            "roe": 4.42,
            "roe_4q": 21.34,
            "gross_profit": 414738,
            "gross_margin": 33.93,
            "gross_margin_4q_avg": 37.25,
            "net_income": 173175,
            "net_income_4q": null,
            "revenue": 1222290,
            "revenue_4q": null,
            "common_shares": 663271,
            "book_valuer_per_share": 67.01,
            "book_valuer_per_share_4q_avg": 57.96,
            "equity": 4405528,
            "current_ratio": 205.4,
            "debt_ratio": 37.96,
            "inventory_turnover_ratio": null,
            "account_receivable_turnover_ratio": 0.98,
            "reinvestment_rate": 77.62,
            "research_to_sale_ratio": 4.97,
            "price_fair": 310.63,
            "eps_avg_yearly": 8.88,
            "eps_latest_yearly": 10.72,
            "eps_growth_yearly": 63.23
        },
        "20234": {
            "year_quarter": 20234,
            "year": 2023,
            "quarter": 4,
            "eps": 2.35,
            "eps_growth_year": -32.53,
            "eps_4q": 10.44,
            "eps_4q_growth_year": 2.68,
            "roe": 3.48,
            "roe_4q": 18.62,
            "gross_profit": 389181,
            "gross_margin": 31.59,
            "gross_margin_4q_avg": 35.33,
            "net_income": 154640,
            "net_income_4q": null,
            "revenue": 1231795,
            "revenue_4q": null,
            "common_shares": 663281,
            "book_valuer_per_share": 68.35,
            "book_valuer_per_share_4q_avg": 60.7,
            "equity": 4493766,
            "current_ratio": 194.67,
            "debt_ratio": 40.05,
            "inventory_turnover_ratio": null,
            "account_receivable_turnover_ratio": 0.99,
            "reinvestment_rate": 66.13,
            "research_to_sale_ratio": 5.51,
            "price_fair": 320.43,
            "eps_avg_yearly": 9.16,
            "eps_latest_yearly": 9.4,
            "eps_growth_yearly": 42.45
        }
    },
    "months": {
        "2008-01": {
            "month": "2008-01",
            "price": "31.46",
            "revenue": 22760
        },
        "2008-02": {
            "month": "2008-02",
            "price": "28.04",
            "revenue": 18826
        },
        "2008-03": {
            "month": "2008-03",
            "price": "28.89",
            "revenue": 32091
        },
        "2008-04": {
            "month": "2008-04",
            "price": "32.92",
            "revenue": 30591
        },
        "2008-05": {
            "month": "2008-05",
            "price": "34.32",
            "revenue": 25783
        },
        "2008-06": {
            "month": "2008-06",
            "price": "31.12",
            "revenue": 31962
        },
        "2008-07": {
            "month": "2008-07",
            "price": "26.60",
            "revenue": 28845
        },
        "2008-08": {
            "month": "2008-08",
            "price": "23.12",
            "revenue": 29385
        },
        "2008-09": {
            "month": "2008-09",
            "price": "21.93",
            "revenue": 29888
        },
        "2008-10": {
            "month": "2008-10",
            "price": "20.59",
            "revenue": 30079
        },
        "2008-11": {
            "month": "2008-11",
            "price": "16.13",
            "revenue": 30754
        },
        "2008-12": {
            "month": "2008-12",
            "price": "15.30",
            "revenue": 25507
        },
        "2009-01": {
            "month": "2009-01",
            "price": "14.40",
            "revenue": 14337
        },
        "2009-02": {
            "month": "2009-02",
            "price": "16.57",
            "revenue": 23117
        },
        "2009-03": {
            "month": "2009-03",
            "price": "21.57",
            "revenue": 27109
        },
        "2009-04": {
            "month": "2009-04",
            "price": "27.07",
            "revenue": 26518
        },
        "2009-05": {
            "month": "2009-05",
            "price": "30.29",
            "revenue": 25362
        },
        "2009-06": {
            "month": "2009-06",
            "price": "26.72",
            "revenue": 28725
        },
        "2009-07": {
            "month": "2009-07",
            "price": "30.56",
            "revenue": 30322
        },
        "2009-08": {
            "month": "2009-08",
            "price": "23.20",
            "revenue": 27519
        },
        "2009-09": {
            "month": "2009-09",
            "price": "24.38",
            "revenue": 30754
        },
        "2009-10": {
            "month": "2009-10",
            "price": "25.25",
            "revenue": 29641
        },
        "2009-11": {
            "month": "2009-11",
            "price": "22.90",
            "revenue": 30521
        },
        "2009-12": {
            "month": "2009-12",
            "price": "24.55",
            "revenue": 35241
        },
        "2010-01": {
            "month": "2010-01",
            "price": "25.40",
            "revenue": 34567
        },
        "2010-02": {
            "month": "2010-02",
            "price": "24.09",
            "revenue": 30522
        },
        "2010-03": {
            "month": "2010-03",
            "price": "28.15",
            "revenue": 40068
        },
        "2010-04": {
            "month": "2010-04",
            "price": "30.50",
            "revenue": 41190
        },
        "2010-05": {
            "month": "2010-05",
            "price": "28.10",
            "revenue": 44286
        },
        "2010-06": {
            "month": "2010-06",
            "price": "25.40",
            "revenue": 42290
        },
        "2010-07": {
            "month": "2010-07",
            "price": "26.12",
            "revenue": 44955
        },
        "2010-08": {
            "month": "2010-08",
            "price": "28.42",
            "revenue": 46326
        },
        "2010-09": {
            "month": "2010-09",
            "price": "28.32",
            "revenue": 46423
        },
        "2010-10": {
            "month": "2010-10",
            "price": "27.62",
            "revenue": 47370
        },
        "2010-11": {
            "month": "2010-11",
            "price": "26.57",
            "revenue": 48895
        },
        "2010-12": {
            "month": "2010-12",
            "price": "30.37",
            "revenue": 54916
        },
        "2011-01": {
            "month": "2011-01",
            "price": "31.00",
            "revenue": 52053
        },
        "2011-02": {
            "month": "2011-02",
            "price": "29.14",
            "revenue": 48601
        },
        "2011-03": {
            "month": "2011-03",
            "price": "28.88",
            "revenue": 53241
        },
        "2011-04": {
            "month": "2011-04",
            "price": "29.79",
            "revenue": 50303
        },
        "2011-05": {
            "month": "2011-05",
            "price": "31.37",
            "revenue": 51596
        },
        "2011-06": {
            "month": "2011-06",
            "price": "31.62",
            "revenue": 56066
        },
        "2011-07": {
            "month": "2011-07",
            "price": "30.58",
            "revenue": 55535
        },
        "2011-08": {
            "month": "2011-08",
            "price": "27.45",
            "revenue": 55594
        },
        "2011-09": {
            "month": "2011-09",
            "price": "25.23",
            "revenue": 56844
        },
        "2011-10": {
            "month": "2011-10",
            "price": "24.90",
            "revenue": 56234
        },
        "2011-11": {
            "month": "2011-11",
            "price": "24.78",
            "revenue": 56258
        },
        "2011-12": {
            "month": "2011-12",
            "price": "23.57",
            "revenue": 57616
        },
        "2012-01": {
            "month": "2012-01",
            "price": "25.12",
            "revenue": 48981
        },
        "2012-02": {
            "month": "2012-02",
            "price": "28.14",
            "revenue": 52588
        },
        "2012-03": {
            "month": "2012-03",
            "price": "29.78",
            "revenue": 65302
        },
        "2012-04": {
            "month": "2012-04",
            "price": "30.92",
            "revenue": 61010
        },
        "2012-05": {
            "month": "2012-05",
            "price": "30.23",
            "revenue": 66215
        },
        "2012-06": {
            "month": "2012-06",
            "price": "29.07",
            "revenue": 65772
        },
        "2012-07": {
            "month": "2012-07",
            "price": "30.12",
            "revenue": 64663
        },
        "2012-08": {
            "month": "2012-08",
            "price": "31.99",
            "revenue": 66686
        },
        "2012-09": {
            "month": "2012-09",
            "price": "34.22",
            "revenue": 71094
        },
        "2012-10": {
            "month": "2012-10",
            "price": "38.14",
            "revenue": 71640
        },
        "2012-11": {
            "month": "2012-11",
            "price": "44.85",
            "revenue": 72221
        },
        "2012-12": {
            "month": "2012-12",
            "price": "55.42",
            "revenue": 72730
        },
        "2013-01": {
            "month": "2013-01",
            "price": "57.27",
            "revenue": 76309
        },
        "2013-02": {
            "month": "2013-02",
            "price": "71.68",
            "revenue": 60984
        },
        "2013-03": {
            "month": "2013-03",
            "price": "78.34",
            "revenue": 79638
        },
        "2013-04": {
            "month": "2013-04",
            "price": "77.02",
            "revenue": 81715
        },
        "2013-05": {
            "month": "2013-05",
            "price": "72.76",
            "revenue": 81262
        },
        "2013-06": {
            "month": "2013-06",
            "price": "64.13",
            "revenue": 82031
        },
        "2013-07": {
            "month": "2013-07",
            "price": "65.61",
            "revenue": 88649
        },
        "2013-08": {
            "month": "2013-08",
            "price": "66.00",
            "revenue": 81089
        },
        "2013-09": {
            "month": "2013-09",
            "price": "65.20",
            "revenue": 80570
        },
        "2013-10": {
            "month": "2013-10",
            "price": "66.22",
            "revenue": 80037
        },
        "2013-11": {
            "month": "2013-11",
            "price": "68.09",
            "revenue": 83204
        },
        "2013-12": {
            "month": "2013-12",
            "price": "71.90",
            "revenue": 82082
        },
        "2014-01": {
            "month": "2014-01",
            "price": "72.13",
            "revenue": 83971
        },
        "2014-02": {
            "month": "2014-02",
            "price": "72.69",
            "revenue": 73585
        },
        "2014-03": {
            "month": "2014-03",
            "price": "82.58",
            "revenue": 85765
        },
        "2014-04": {
            "month": "2014-04",
            "price": "82.10",
            "revenue": 88205
        },
        "2014-05": {
            "month": "2014-05",
            "price": "80.50",
            "revenue": 90305
        },
        "2014-06": {
            "month": "2014-06",
            "price": "78.82",
            "revenue": 86305
        },
        "2014-07": {
            "month": "2014-07",
            "price": "72.50",
            "revenue": 90407
        },
        "2014-08": {
            "month": "2014-08",
            "price": "66.68",
            "revenue": 91490
        },
        "2014-09": {
            "month": "2014-09",
            "price": "66.92",
            "revenue": 94198
        },
        "2014-10": {
            "month": "2014-10",
            "price": "66.03",
            "revenue": 90834
        },
        "2014-11": {
            "month": "2014-11",
            "price": "63.70",
            "revenue": 90982
        },
        "2014-12": {
            "month": "2014-12",
            "price": "64.78",
            "revenue": 87564
        },
        "2015-01": {
            "month": "2015-01",
            "price": "64.23",
            "revenue": 80357
        },
        "2015-02": {
            "month": "2015-02",
            "price": "63.12",
            "revenue": 57858
        },
        "2015-03": {
            "month": "2015-03",
            "price": "63.08",
            "revenue": 83075
        },
        "2015-04": {
            "month": "2015-04",
            "price": "59.84",
            "revenue": 80338
        },
        "2015-05": {
            "month": "2015-05",
            "price": "48.74",
            "revenue": 95064
        },
        "2015-06": {
            "month": "2015-06",
            "price": "50.87",
            "revenue": 90050
        },
        "2015-07": {
            "month": "2015-07",
            "price": "46.96",
            "revenue": 90454
        },
        "2015-08": {
            "month": "2015-08",
            "price": "38.46",
            "revenue": 100002
        },
        "2015-09": {
            "month": "2015-09",
            "price": "42.43",
            "revenue": 113365
        },
        "2015-10": {
            "month": "2015-10",
            "price": "59.37",
            "revenue": 90094
        },
        "2015-11": {
            "month": "2015-11",
            "price": "57.44",
            "revenue": 103228
        },
        "2015-12": {
            "month": "2015-12",
            "price": "56.72",
            "revenue": 136015
        },
        "2016-01": {
            "month": "2016-01",
            "price": "58.59",
            "revenue": 107379
        },
        "2016-02": {
            "month": "2016-02",
            "price": "66.30",
            "revenue": 86440
        },
        "2016-03": {
            "month": "2016-03",
            "price": "77.87",
            "revenue": 118105
        },
        "2016-04": {
            "month": "2016-04",
            "price": "77.52",
            "revenue": 116802
        },
        "2016-05": {
            "month": "2016-05",
            "price": "72.98",
            "revenue": 127729
        },
        "2016-06": {
            "month": "2016-06",
            "price": "79.65",
            "revenue": 126855
        },
        "2016-07": {
            "month": "2016-07",
            "price": "89.12",
            "revenue": 129639
        },
        "2016-08": {
            "month": "2016-08",
            "price": "86.77",
            "revenue": 126869
        },
        "2016-09": {
            "month": "2016-09",
            "price": "81.67",
            "revenue": 132735
        },
        "2016-10": {
            "month": "2016-10",
            "price": "81.34",
            "revenue": 114887
        },
        "2016-11": {
            "month": "2016-11",
            "price": "73.41",
            "revenue": 132767
        },
        "2016-12": {
            "month": "2016-12",
            "price": "78.28",
            "revenue": 138225
        },
        "2017-01": {
            "month": "2017-01",
            "price": "89.16",
            "revenue": 130675
        },
        "2017-02": {
            "month": "2017-02",
            "price": "109.61",
            "revenue": 110828
        },
        "2017-03": {
            "month": "2017-03",
            "price": "116.22",
            "revenue": 137384
        },
        "2017-04": {
            "month": "2017-04",
            "price": "106.06",
            "revenue": 132186
        },
        "2017-05": {
            "month": "2017-05",
            "price": "109.85",
            "revenue": 134551
        },
        "2017-06": {
            "month": "2017-06",
            "price": "116.74",
            "revenue": 140029
        },
        "2017-07": {
            "month": "2017-07",
            "price": "123.74",
            "revenue": 141874
        },
        "2017-08": {
            "month": "2017-08",
            "price": "102.94",
            "revenue": 145015
        },
        "2017-09": {
            "month": "2017-09",
            "price": "96.77",
            "revenue": 154433
        },
        "2017-10": {
            "month": "2017-10",
            "price": "92.61",
            "revenue": 151507
        },
        "2017-11": {
            "month": "2017-11",
            "price": "85.89",
            "revenue": 155088
        },
        "2017-12": {
            "month": "2017-12",
            "price": "81.98",
            "revenue": 170150
        },
        "2018-01": {
            "month": "2018-01",
            "price": "81.27",
            "revenue": 147902
        },
        "2018-02": {
            "month": "2018-02",
            "price": "77.08",
            "revenue": 140525
        },
        "2018-03": {
            "month": "2018-03",
            "price": "78.05",
            "revenue": 151689
        },
        "2018-04": {
            "month": "2018-04",
            "price": "75.26",
            "revenue": 158914
        },
        "2018-05": {
            "month": "2018-05",
            "price": "73.47",
            "revenue": 177870
        },
        "2018-06": {
            "month": "2018-06",
            "price": "74.24",
            "revenue": 183556
        },
        "2018-07": {
            "month": "2018-07",
            "price": "70.79",
            "revenue": 182400
        },
        "2018-08": {
            "month": "2018-08",
            "price": "68.58",
            "revenue": 183592
        },
        "2018-09": {
            "month": "2018-09",
            "price": "59.82",
            "revenue": 181696
        },
        "2018-10": {
            "month": "2018-10",
            "price": "47.69",
            "revenue": 183553
        },
        "2018-11": {
            "month": "2018-11",
            "price": "45.79",
            "revenue": 188298
        },
        "2018-12": {
            "month": "2018-12",
            "price": "56.20",
            "revenue": 201051
        },
        "2019-01": {
            "month": "2019-01",
            "price": "62.03",
            "revenue": 191818
        },
        "2019-02": {
            "month": "2019-02",
            "price": "66.89",
            "revenue": 157697
        },
        "2019-03": {
            "month": "2019-03",
            "price": "74.38",
            "revenue": 203990
        },
        "2019-04": {
            "month": "2019-04",
            "price": "77.78",
            "revenue": 200665
        },
        "2019-05": {
            "month": "2019-05",
            "price": "67.81",
            "revenue": 209840
        },
        "2019-06": {
            "month": "2019-06",
            "price": "64.42",
            "revenue": 217860
        },
        "2019-07": {
            "month": "2019-07",
            "price": "73.05",
            "revenue": 216471
        },
        "2019-08": {
            "month": "2019-08",
            "price": "66.86",
            "revenue": 212975
        },
        "2019-09": {
            "month": "2019-09",
            "price": "68.36",
            "revenue": 227806
        },
        "2019-10": {
            "month": "2019-10",
            "price": "73.07",
            "revenue": 216910
        },
        "2019-11": {
            "month": "2019-11",
            "price": "79.06",
            "revenue": 240779
        },
        "2019-12": {
            "month": "2019-12",
            "price": "83.46",
            "revenue": 244636
        },
        "2020-01": {
            "month": "2020-01",
            "price": "79.26",
            "revenue": 226872
        },
        "2020-02": {
            "month": "2020-02",
            "price": "71.00",
            "revenue": 213872
        },
        "2020-03": {
            "month": "2020-03",
            "price": "58.80",
            "revenue": 236257
        },
        "2020-04": {
            "month": "2020-04",
            "price": "66.92",
            "revenue": 242364
        },
        "2020-05": {
            "month": "2020-05",
            "price": "75.62",
            "revenue": 247803
        },
        "2020-06": {
            "month": "2020-06",
            "price": "77.58",
            "revenue": 253778
        },
        "2020-07": {
            "month": "2020-07",
            "price": "90.02",
            "revenue": 266547
        },
        "2020-08": {
            "month": "2020-08",
            "price": "88.59",
            "revenue": 277403
        },
        "2020-09": {
            "month": "2020-09",
            "price": "87.39",
            "revenue": 274354
        },
        "2020-10": {
            "month": "2020-10",
            "price": "85.15",
            "revenue": 245410
        },
        "2020-11": {
            "month": "2020-11",
            "price": "87.89",
            "revenue": 262626
        },
        "2020-12": {
            "month": "2020-12",
            "price": "86.55",
            "revenue": 314287
        },
        "2021-01": {
            "month": "2021-01",
            "price": "96.26",
            "revenue": 244518
        },
        "2021-02": {
            "month": "2021-02",
            "price": "100.71",
            "revenue": 214669
        },
        "2021-03": {
            "month": "2021-03",
            "price": "111.32",
            "revenue": 272273
        },
        "2021-04": {
            "month": "2021-04",
            "price": "139.79",
            "revenue": 257165
        },
        "2021-05": {
            "month": "2021-05",
            "price": "119.50",
            "revenue": 271084
        },
        "2021-06": {
            "month": "2021-06",
            "price": "125.31",
            "revenue": 281963
        },
        "2021-07": {
            "month": "2021-07",
            "price": "139.02",
            "revenue": 296355
        },
        "2021-08": {
            "month": "2021-08",
            "price": "145.09",
            "revenue": 302984
        },
        "2021-09": {
            "month": "2021-09",
            "price": "149.20",
            "revenue": 305869
        },
        "2021-10": {
            "month": "2021-10",
            "price": "147.58",
            "revenue": 269016
        },
        "2021-11": {
            "month": "2021-11",
            "price": "137.80",
            "revenue": 306602
        },
        "2021-12": {
            "month": "2021-12",
            "price": "145.68",
            "revenue": 338584
        },
        "2022-01": {
            "month": "2022-01",
            "price": "148.03",
            "revenue": 301682
        },
        "2022-02": {
            "month": "2022-02",
            "price": "144.00",
            "revenue": 262322
        },
        "2022-03": {
            "month": "2022-03",
            "price": "143.96",
            "revenue": 330034
        },
        "2022-04": {
            "month": "2022-04",
            "price": "135.63",
            "revenue": 290794
        },
        "2022-05": {
            "month": "2022-05",
            "price": "118.98",
            "revenue": 278976
        },
        "2022-06": {
            "month": "2022-06",
            "price": "116.52",
            "revenue": 319875
        },
        "2022-07": {
            "month": "2022-07",
            "price": "113.86",
            "revenue": 320495
        },
        "2022-08": {
            "month": "2022-08",
            "price": "120.93",
            "revenue": 351233
        },
        "2022-09": {
            "month": "2022-09",
            "price": "135.12",
            "revenue": 380060
        },
        "2022-10": {
            "month": "2022-10",
            "price": "129.75",
            "revenue": 366715
        },
        "2022-11": {
            "month": "2022-11",
            "price": "139.57",
            "revenue": 384809
        },
        "2022-12": {
            "month": "2022-12",
            "price": "157.95",
            "revenue": 386993
        },
        "2023-01": {
            "month": "2023-01",
            "price": "161.81",
            "revenue": 361635
        },
        "2023-02": {
            "month": "2023-02",
            "price": "180.83",
            "revenue": 369789
        },
        "2023-03": {
            "month": "2023-03",
            "price": "184.48",
            "revenue": 409885
        },
        "2023-04": {
            "month": "2023-04",
            "price": "191.59",
            "revenue": 403197
        },
        "2023-05": {
            "month": "2023-05",
            "price": "193.89",
            "revenue": 400112
        },
        "2023-06": {
            "month": "2023-06",
            "price": "231.05",
            "revenue": 410294
        },
        "2023-07": {
            "month": "2023-07",
            "price": "241.93",
            "revenue": 403000
        },
        "2023-08": {
            "month": "2023-08",
            "price": "288.61",
            "revenue": 411100
        },
        "2023-09": {
            "month": "2023-09",
            "price": "279.18",
            "revenue": 408190
        },
        "2023-10": {
            "month": "2023-10",
            "price": "247.32",
            "revenue": 377605
        },
        "2023-11": {
            "month": "2023-11",
            "price": "225.09",
            "revenue": 411584
        },
        "2023-12": {
            "month": "2023-12",
            "price": "233.62",
            "revenue": 442606
        }
    }
}
