{
    "summary": {
        "stock_name": "通嘉",
        "stock_id": "3588",
        "category": "半導體",
        "main_business": "CC01080 電子零組件製造業<br>I501010 產品設計業",
        "website_url": "http://www.leadtrend.com.tw",
        "ceo": "祁亨忠",
        "pe_ratio": 74,
        "report_year_from": 2007,
        "report_year_to": 2023,
        "age": 16,
        "eps_negative_percentage": 6,
        "eps_growth_avg": {
            "last_all": 2.83,
            "last_2y": 47.93,
            "last_4y": 36.53,
            "last_8y": 10.15,
            "last_12y": 1.79,
            "last_16y": null,
            "last_20y": null,
            "at_2006_last_3y": null,
            "at_2007_last_3y": null,
            "at_2008_last_3y": null,
            "at_2009_last_3y": null,
            "at_2010_last_3y": null,
            "at_2011_last_3y": null,
            "at_2012_last_3y": -10.67,
            "at_2013_last_3y": -17.02,
            "at_2014_last_3y": -20.53,
            "at_2015_last_3y": -9.8,
            "at_2016_last_3y": -5.12,
            "at_2017_last_3y": -22.82,
            "at_2018_last_3y": -1.65,
            "at_2019_last_3y": -9.19,
            "at_2020_last_3y": 14.76,
            "at_2021_last_3y": 59.71,
            "at_2022_last_3y": 26.77,
            "at_2023_last_3y": 26.77,
            "at_2006_last_all": null,
            "at_2007_last_all": null,
            "at_2008_last_all": null,
            "at_2009_last_all": null,
            "at_2010_last_all": 10.65,
            "at_2011_last_all": -9.39,
            "at_2012_last_all": -10.67,
            "at_2013_last_all": -10.34,
            "at_2014_last_all": -10.14,
            "at_2015_last_all": -9.62,
            "at_2016_last_all": -7.9,
            "at_2017_last_all": -15.89,
            "at_2018_last_all": -6.74,
            "at_2019_last_all": -9.47,
            "at_2020_last_all": -0.35,
            "at_2021_last_all": 7.37,
            "at_2022_last_all": 2.83,
            "at_2023_last_all": 2.83
        },
        "latest_eps": 0.73,
        "latest_price": 54.1,
        "latest_roe": 2.45,
        "latest_gross_margin": 36.24,
        "latest_equity": 1640485,
        "latest_revenue": 215946,
        "latest_gross_profit": 78252,
        "latest_net_income": -16737,
        "latest_debt_ratio": 10.21,
        "latest_current_ratio": 725.11,
        "latest_account_receivable_turnover_ratio": 1.39,
        "latest_inventory_turnover_ratio": 0.17,
        "latest_reinvestment_rate": 16.73,
        "latest_research_to_sale_ratio": 28.07
    },
    "eps_dividends": {
        "2001": {
            "cash": 0,
            "stock": 0,
            "eps": 0
        },
        "2002": {
            "cash": 0,
            "stock": 0,
            "eps": 0
        },
        "2003": {
            "cash": 0,
            "stock": 0,
            "eps": 0
        },
        "2004": {
            "cash": 0,
            "stock": 0,
            "eps": 0
        },
        "2005": {
            "cash": 0,
            "stock": 0,
            "eps": 0
        },
        "2006": {
            "cash": 0,
            "stock": 0,
            "eps": 0
        },
        "2007": {
            "cash": 0,
            "stock": 0,
            "eps": 0
        },
        "2008": {
            "cash": 2.7,
            "stock": 1.3,
            "eps": 5.25
        },
        "2009": {
            "cash": 2.4,
            "stock": 0.6,
            "eps": 6.11
        },
        "2010": {
            "cash": 3.5,
            "stock": 0.5,
            "eps": 6.41
        },
        "2011": {
            "cash": 6.5,
            "stock": 0.4,
            "eps": 3.24
        },
        "2012": {
            "cash": 0,
            "stock": 0,
            "eps": 2.77
        },
        "2013": {
            "cash": 2.2,
            "stock": 0,
            "eps": 2.52
        },
        "2014": {
            "cash": 2,
            "stock": 0,
            "eps": 2.29
        },
        "2015": {
            "cash": 2,
            "stock": 0,
            "eps": 2.14
        },
        "2016": {
            "cash": 1.5,
            "stock": 0,
            "eps": 2.23
        },
        "2017": {
            "cash": 1.5,
            "stock": 0,
            "eps": 0.45
        },
        "2018": {
            "cash": 0.5,
            "stock": 0,
            "eps": 0.79
        },
        "2019": {
            "cash": 0.75,
            "stock": 0,
            "eps": 0.5
        },
        "2020": {
            "cash": 1,
            "stock": 0,
            "eps": 1.29
        },
        "2021": {
            "cash": 0.6,
            "stock": 1.01,
            "eps": 6.53
        },
        "2022": {
            "cash": 3.3,
            "stock": 0.7,
            "eps": 2.86
        },
        "2023": {
            "cash": 0.9,
            "stock": 0.3,
            "eps": -0.3
        }
    },
    "dividends": {
        "2008-06-24": {
            "cash": 2.7,
            "stock": 1.3
        },
        "2009-03-10": {
            "cash": 2.4,
            "stock": 0.6
        },
        "2010-04-29": {
            "cash": 3.5,
            "stock": 0.5
        },
        "2011-01-01": {
            "cash": 2.5,
            "stock": 0
        },
        "2011-03-15": {
            "cash": 4,
            "stock": 0.4
        },
        "2013-05-09": {
            "cash": 2.2,
            "stock": 0
        },
        "2014-09-19": {
            "cash": 2,
            "stock": 0
        },
        "2015-09-18": {
            "cash": 2,
            "stock": 0
        },
        "2016-09-20": {
            "cash": 1.5,
            "stock": 0
        },
        "2017-09-20": {
            "cash": 1.5,
            "stock": 0
        },
        "2018-09-20": {
            "cash": 0.5,
            "stock": 0
        },
        "2019-09-20": {
            "cash": 0.75,
            "stock": 0
        },
        "2020-09-18": {
            "cash": 1,
            "stock": 0
        },
        "2021-10-08": {
            "cash": 0.6,
            "stock": 1.01
        },
        "2022-08-31": {
            "cash": 3.3,
            "stock": 0.7
        },
        "2023-05-02": {
            "cash": 0.9,
            "stock": 0.3
        }
    },
    "prices": {
        "200101": "無",
        "200102": "無",
        "200103": "無",
        "200104": "無",
        "200105": "無",
        "200106": "無",
        "200107": "無",
        "200108": "無",
        "200109": "無",
        "200110": "無",
        "200111": "無",
        "200112": "無",
        "200201": "無",
        "200202": "無",
        "200203": "無",
        "200204": "無",
        "200205": "無",
        "200206": "無",
        "200207": "無",
        "200208": "無",
        "200209": "無",
        "200210": "無",
        "200211": "無",
        "200212": "無",
        "200301": "無",
        "200302": "無",
        "200303": "無",
        "200304": "無",
        "200305": "無",
        "200306": "無",
        "200307": "無",
        "200308": "無",
        "200309": "無",
        "200310": "無",
        "200311": "無",
        "200312": "無",
        "200401": "無",
        "200402": "無",
        "200403": "無",
        "200404": "無",
        "200405": "無",
        "200406": "無",
        "200407": "無",
        "200408": "無",
        "200409": "無",
        "200410": "無",
        "200411": "無",
        "200412": "無",
        "200501": "無",
        "200502": "無",
        "200503": "無",
        "200504": "無",
        "200505": "無",
        "200506": "無",
        "200507": "無",
        "200508": "無",
        "200509": "無",
        "200510": "無",
        "200511": "無",
        "200512": "無",
        "200601": "無",
        "200602": "無",
        "200603": "無",
        "200604": "無",
        "200605": "無",
        "200606": "無",
        "200607": "無",
        "200608": "無",
        "200609": "無",
        "200610": "無",
        "200611": "無",
        "200612": "無",
        "200701": "無",
        "200702": "無",
        "200703": "無",
        "200704": "無",
        "200705": "無",
        "200706": "無",
        "200707": "無",
        "200708": "無",
        "200709": "無",
        "200710": "138.44",
        "200711": "118.21",
        "200712": "111.38",
        "200801": "108.56",
        "200802": "85.59",
        "200803": "90.31",
        "200804": "97.09",
        "200805": "117.47",
        "200806": "115.06",
        "200807": "106.04",
        "200808": "97.68",
        "200809": "71.23",
        "200810": "55.19",
        "200811": "40.95",
        "200812": "37.83",
        "200901": "42.21",
        "200902": "47.31",
        "200903": "60.72",
        "200904": "77.34",
        "200905": "103.21",
        "200906": "116.72",
        "200907": "193.62",
        "200908": "229.42",
        "200909": "197.89",
        "200910": "183.07",
        "200911": "174.00",
        "200912": "177.85",
        "201001": "192.85",
        "201002": "166.89",
        "201003": "174.20",
        "201004": "176.33",
        "201005": "161.93",
        "201006": "150.57",
        "201007": "156.20",
        "201008": "147.30",
        "201009": "139.24",
        "201010": "126.67",
        "201011": "125.00",
        "201012": "130.07",
        "201101": "126.82",
        "201102": "112.75",
        "201103": "113.24",
        "201104": "107.26",
        "201105": "99.24",
        "201106": "93.36",
        "201107": "78.68",
        "201108": "59.91",
        "201109": "64.13",
        "201110": "67.00",
        "201111": "58.44",
        "201112": "43.46",
        "201201": "45.09",
        "201202": "59.76",
        "201203": "57.67",
        "201204": "50.20",
        "201205": "51.66",
        "201206": "49.55",
        "201207": "52.01",
        "201208": "54.38",
        "201209": "57.59",
        "201210": "52.21",
        "201211": "44.36",
        "201212": "47.09",
        "201301": "47.47",
        "201302": "46.70",
        "201303": "47.27",
        "201304": "44.94",
        "201305": "47.10",
        "201306": "45.98",
        "201307": "43.62",
        "201308": "41.73",
        "201309": "40.78",
        "201310": "39.14",
        "201311": "36.22",
        "201312": "37.02",
        "201401": "39.08",
        "201402": "39.63",
        "201403": "52.45",
        "201404": "48.51",
        "201405": "47.19",
        "201406": "58.69",
        "201407": "57.17",
        "201408": "54.53",
        "201409": "50.41",
        "201410": "42.92",
        "201411": "39.18",
        "201412": "41.25",
        "201501": "41.46",
        "201502": "39.53",
        "201503": "42.39",
        "201504": "40.62",
        "201505": "37.27",
        "201506": "34.54",
        "201507": "30.70",
        "201508": "24.75",
        "201509": "24.97",
        "201510": "27.97",
        "201511": "29.37",
        "201512": "30.27",
        "201601": "26.89",
        "201602": "29.37",
        "201603": "30.76",
        "201604": "29.67",
        "201605": "28.44",
        "201606": "29.29",
        "201607": "30.17",
        "201608": "29.50",
        "201609": "35.03",
        "201610": "38.29",
        "201611": "33.28",
        "201612": "34.56",
        "201701": "34.68",
        "201702": "35.15",
        "201703": "33.53",
        "201704": "30.94",
        "201705": "30.00",
        "201706": "29.39",
        "201707": "28.57",
        "201708": "28.22",
        "201709": "28.70",
        "201710": "28.66",
        "201711": "29.30",
        "201712": "26.10",
        "201801": "27.24",
        "201802": "25.15",
        "201803": "25.58",
        "201804": "27.49",
        "201805": "26.66",
        "201806": "28.29",
        "201807": "27.33",
        "201808": "26.61",
        "201809": "25.14",
        "201810": "21.65",
        "201811": "20.63",
        "201812": "20.95",
        "201901": "20.75",
        "201902": "22.03",
        "201903": "22.42",
        "201904": "25.10",
        "201905": "22.66",
        "201906": "22.42",
        "201907": "23.48",
        "201908": "23.66",
        "201909": "24.14",
        "201910": "24.78",
        "201911": "26.22",
        "201912": "29.51",
        "202001": "30.55",
        "202002": "28.04",
        "202003": "24.92",
        "202004": "27.20",
        "202005": "31.54",
        "202006": "34.43",
        "202007": "40.13",
        "202008": "38.23",
        "202009": "36.01",
        "202010": "39.63",
        "202011": "42.67",
        "202012": "57.14",
        "202101": "63.24",
        "202102": "61.28",
        "202103": "70.47",
        "202104": "85.81",
        "202105": "67.88",
        "202106": "84.89",
        "202107": "114.05",
        "202108": "123.45",
        "202109": "130.90",
        "202110": "121.38",
        "202111": "150.59",
        "202112": "148.98",
        "202201": "136.44",
        "202202": "141.67",
        "202203": "138.83",
        "202204": "116.66",
        "202205": "105.95",
        "202206": "102.81",
        "202207": "78.90",
        "202208": "66.77",
        "202209": "57.12",
        "202210": "48.88",
        "202211": "62.40",
        "202212": "58.11",
        "202301": "56.52",
        "202302": "64.97",
        "202303": "62.18",
        "202304": "61.61",
        "202305": "54.73",
        "202306": "55.26"
    },
    "quarters": {
        "20011": {
            "year_quarter": 20011,
            "year": 2001,
            "quarter": 1,
            "eps": null,
            "eps_growth_year": null,
            "eps_4q": null,
            "eps_4q_growth_year": null,
            "roe": null,
            "roe_4q": 0,
            "gross_profit": null,
            "gross_margin": null,
            "gross_margin_4q_avg": 0,
            "net_income": null,
            "revenue": null,
            "common_shares": null,
            "book_valuer_per_share": null,
            "book_valuer_per_share_4q_avg": 0,
            "equity": null,
            "current_ratio": null,
            "debt_ratio": null,
            "inventory_turnover_ratio": null,
            "account_receivable_turnover_ratio": null,
            "reinvestment_rate": null,
            "research_to_sale_ratio": null,
            "price_fair": 0,
            "eps_avg_yearly": 0,
            "eps_latest_yearly": 0,
            "eps_growth_yearly": 0
        },
        "20012": {
            "year_quarter": 20012,
            "year": 2001,
            "quarter": 2,
            "eps": null,
            "eps_growth_year": null,
            "eps_4q": null,
            "eps_4q_growth_year": null,
            "roe": null,
            "roe_4q": 0,
            "gross_profit": null,
            "gross_margin": null,
            "gross_margin_4q_avg": 0,
            "net_income": null,
            "revenue": null,
            "common_shares": null,
            "book_valuer_per_share": null,
            "book_valuer_per_share_4q_avg": 0,
            "equity": null,
            "current_ratio": null,
            "debt_ratio": null,
            "inventory_turnover_ratio": null,
            "account_receivable_turnover_ratio": null,
            "reinvestment_rate": null,
            "research_to_sale_ratio": null,
            "price_fair": 0,
            "eps_avg_yearly": 0,
            "eps_latest_yearly": 0,
            "eps_growth_yearly": 0
        },
        "20013": {
            "year_quarter": 20013,
            "year": 2001,
            "quarter": 3,
            "eps": null,
            "eps_growth_year": null,
            "eps_4q": null,
            "eps_4q_growth_year": null,
            "roe": null,
            "roe_4q": 0,
            "gross_profit": null,
            "gross_margin": null,
            "gross_margin_4q_avg": 0,
            "net_income": null,
            "revenue": null,
            "common_shares": null,
            "book_valuer_per_share": null,
            "book_valuer_per_share_4q_avg": 0,
            "equity": null,
            "current_ratio": null,
            "debt_ratio": null,
            "inventory_turnover_ratio": null,
            "account_receivable_turnover_ratio": null,
            "reinvestment_rate": null,
            "research_to_sale_ratio": null,
            "price_fair": 0,
            "eps_avg_yearly": 0,
            "eps_latest_yearly": 0,
            "eps_growth_yearly": 0
        },
        "20014": {
            "year_quarter": 20014,
            "year": 2001,
            "quarter": 4,
            "eps": null,
            "eps_growth_year": null,
            "eps_4q": null,
            "eps_4q_growth_year": null,
            "roe": null,
            "roe_4q": 0,
            "gross_profit": null,
            "gross_margin": null,
            "gross_margin_4q_avg": 0,
            "net_income": null,
            "revenue": null,
            "common_shares": null,
            "book_valuer_per_share": null,
            "book_valuer_per_share_4q_avg": 0,
            "equity": null,
            "current_ratio": null,
            "debt_ratio": null,
            "inventory_turnover_ratio": null,
            "account_receivable_turnover_ratio": null,
            "reinvestment_rate": null,
            "research_to_sale_ratio": null,
            "price_fair": 0,
            "eps_avg_yearly": 0,
            "eps_latest_yearly": 0,
            "eps_growth_yearly": 0
        },
        "20021": {
            "year_quarter": 20021,
            "year": 2002,
            "quarter": 1,
            "eps": null,
            "eps_growth_year": null,
            "eps_4q": null,
            "eps_4q_growth_year": null,
            "roe": null,
            "roe_4q": 0,
            "gross_profit": null,
            "gross_margin": null,
            "gross_margin_4q_avg": 0,
            "net_income": null,
            "revenue": null,
            "common_shares": null,
            "book_valuer_per_share": null,
            "book_valuer_per_share_4q_avg": 0,
            "equity": null,
            "current_ratio": null,
            "debt_ratio": null,
            "inventory_turnover_ratio": null,
            "account_receivable_turnover_ratio": null,
            "reinvestment_rate": null,
            "research_to_sale_ratio": null,
            "price_fair": 0,
            "eps_avg_yearly": 0,
            "eps_latest_yearly": 0,
            "eps_growth_yearly": 0
        },
        "20022": {
            "year_quarter": 20022,
            "year": 2002,
            "quarter": 2,
            "eps": null,
            "eps_growth_year": null,
            "eps_4q": null,
            "eps_4q_growth_year": null,
            "roe": null,
            "roe_4q": 0,
            "gross_profit": null,
            "gross_margin": null,
            "gross_margin_4q_avg": 0,
            "net_income": null,
            "revenue": null,
            "common_shares": null,
            "book_valuer_per_share": null,
            "book_valuer_per_share_4q_avg": 0,
            "equity": null,
            "current_ratio": null,
            "debt_ratio": null,
            "inventory_turnover_ratio": null,
            "account_receivable_turnover_ratio": null,
            "reinvestment_rate": null,
            "research_to_sale_ratio": null,
            "price_fair": 0,
            "eps_avg_yearly": 0,
            "eps_latest_yearly": 0,
            "eps_growth_yearly": 0
        },
        "20023": {
            "year_quarter": 20023,
            "year": 2002,
            "quarter": 3,
            "eps": null,
            "eps_growth_year": null,
            "eps_4q": null,
            "eps_4q_growth_year": null,
            "roe": null,
            "roe_4q": 0,
            "gross_profit": null,
            "gross_margin": null,
            "gross_margin_4q_avg": 0,
            "net_income": null,
            "revenue": null,
            "common_shares": null,
            "book_valuer_per_share": null,
            "book_valuer_per_share_4q_avg": 0,
            "equity": null,
            "current_ratio": null,
            "debt_ratio": null,
            "inventory_turnover_ratio": null,
            "account_receivable_turnover_ratio": null,
            "reinvestment_rate": null,
            "research_to_sale_ratio": null,
            "price_fair": 0,
            "eps_avg_yearly": 0,
            "eps_latest_yearly": 0,
            "eps_growth_yearly": 0
        },
        "20024": {
            "year_quarter": 20024,
            "year": 2002,
            "quarter": 4,
            "eps": null,
            "eps_growth_year": null,
            "eps_4q": null,
            "eps_4q_growth_year": null,
            "roe": null,
            "roe_4q": 0,
            "gross_profit": null,
            "gross_margin": null,
            "gross_margin_4q_avg": 0,
            "net_income": null,
            "revenue": null,
            "common_shares": 6000,
            "book_valuer_per_share": 8.46,
            "book_valuer_per_share_4q_avg": 2.12,
            "equity": 5076,
            "current_ratio": 19647.83,
            "debt_ratio": 0.45,
            "inventory_turnover_ratio": null,
            "account_receivable_turnover_ratio": null,
            "reinvestment_rate": null,
            "research_to_sale_ratio": null,
            "price_fair": 0,
            "eps_avg_yearly": 0,
            "eps_latest_yearly": 0,
            "eps_growth_yearly": 0
        },
        "20031": {
            "year_quarter": 20031,
            "year": 2003,
            "quarter": 1,
            "eps": null,
            "eps_growth_year": null,
            "eps_4q": null,
            "eps_4q_growth_year": null,
            "roe": null,
            "roe_4q": 0,
            "gross_profit": null,
            "gross_margin": null,
            "gross_margin_4q_avg": 0,
            "net_income": null,
            "revenue": null,
            "common_shares": null,
            "book_valuer_per_share": null,
            "book_valuer_per_share_4q_avg": 2.12,
            "equity": null,
            "current_ratio": null,
            "debt_ratio": null,
            "inventory_turnover_ratio": null,
            "account_receivable_turnover_ratio": null,
            "reinvestment_rate": null,
            "research_to_sale_ratio": null,
            "price_fair": 0,
            "eps_avg_yearly": 0,
            "eps_latest_yearly": 0,
            "eps_growth_yearly": 0
        },
        "20032": {
            "year_quarter": 20032,
            "year": 2003,
            "quarter": 2,
            "eps": null,
            "eps_growth_year": null,
            "eps_4q": null,
            "eps_4q_growth_year": null,
            "roe": null,
            "roe_4q": 0,
            "gross_profit": null,
            "gross_margin": null,
            "gross_margin_4q_avg": 0,
            "net_income": null,
            "revenue": null,
            "common_shares": null,
            "book_valuer_per_share": null,
            "book_valuer_per_share_4q_avg": 2.12,
            "equity": null,
            "current_ratio": null,
            "debt_ratio": null,
            "inventory_turnover_ratio": null,
            "account_receivable_turnover_ratio": null,
            "reinvestment_rate": null,
            "research_to_sale_ratio": null,
            "price_fair": 0,
            "eps_avg_yearly": 0,
            "eps_latest_yearly": 0,
            "eps_growth_yearly": 0
        },
        "20033": {
            "year_quarter": 20033,
            "year": 2003,
            "quarter": 3,
            "eps": null,
            "eps_growth_year": null,
            "eps_4q": null,
            "eps_4q_growth_year": null,
            "roe": null,
            "roe_4q": 0,
            "gross_profit": null,
            "gross_margin": null,
            "gross_margin_4q_avg": 0,
            "net_income": null,
            "revenue": null,
            "common_shares": null,
            "book_valuer_per_share": null,
            "book_valuer_per_share_4q_avg": 2.12,
            "equity": null,
            "current_ratio": null,
            "debt_ratio": null,
            "inventory_turnover_ratio": null,
            "account_receivable_turnover_ratio": null,
            "reinvestment_rate": null,
            "research_to_sale_ratio": null,
            "price_fair": 0,
            "eps_avg_yearly": 0,
            "eps_latest_yearly": 0,
            "eps_growth_yearly": 0
        },
        "20034": {
            "year_quarter": 20034,
            "year": 2003,
            "quarter": 4,
            "eps": null,
            "eps_growth_year": null,
            "eps_4q": null,
            "eps_4q_growth_year": null,
            "roe": null,
            "roe_4q": 0,
            "gross_profit": null,
            "gross_margin": null,
            "gross_margin_4q_avg": 0,
            "net_income": null,
            "revenue": null,
            "common_shares": 92000,
            "book_valuer_per_share": 8.57,
            "book_valuer_per_share_4q_avg": 2.14,
            "equity": 78810,
            "current_ratio": 788.1,
            "debt_ratio": 7.86,
            "inventory_turnover_ratio": null,
            "account_receivable_turnover_ratio": null,
            "reinvestment_rate": null,
            "research_to_sale_ratio": null,
            "price_fair": 0,
            "eps_avg_yearly": 0,
            "eps_latest_yearly": 0,
            "eps_growth_yearly": 0
        },
        "20041": {
            "year_quarter": 20041,
            "year": 2004,
            "quarter": 1,
            "eps": null,
            "eps_growth_year": null,
            "eps_4q": null,
            "eps_4q_growth_year": null,
            "roe": null,
            "roe_4q": 0,
            "gross_profit": null,
            "gross_margin": null,
            "gross_margin_4q_avg": 0,
            "net_income": null,
            "revenue": null,
            "common_shares": null,
            "book_valuer_per_share": null,
            "book_valuer_per_share_4q_avg": 2.14,
            "equity": null,
            "current_ratio": null,
            "debt_ratio": null,
            "inventory_turnover_ratio": null,
            "account_receivable_turnover_ratio": null,
            "reinvestment_rate": null,
            "research_to_sale_ratio": null,
            "price_fair": 0,
            "eps_avg_yearly": 0,
            "eps_latest_yearly": 0,
            "eps_growth_yearly": 0
        },
        "20042": {
            "year_quarter": 20042,
            "year": 2004,
            "quarter": 2,
            "eps": null,
            "eps_growth_year": null,
            "eps_4q": null,
            "eps_4q_growth_year": null,
            "roe": null,
            "roe_4q": 0,
            "gross_profit": null,
            "gross_margin": null,
            "gross_margin_4q_avg": 0,
            "net_income": null,
            "revenue": null,
            "common_shares": null,
            "book_valuer_per_share": null,
            "book_valuer_per_share_4q_avg": 2.14,
            "equity": null,
            "current_ratio": null,
            "debt_ratio": null,
            "inventory_turnover_ratio": null,
            "account_receivable_turnover_ratio": null,
            "reinvestment_rate": null,
            "research_to_sale_ratio": null,
            "price_fair": 0,
            "eps_avg_yearly": 0,
            "eps_latest_yearly": 0,
            "eps_growth_yearly": 0
        },
        "20043": {
            "year_quarter": 20043,
            "year": 2004,
            "quarter": 3,
            "eps": null,
            "eps_growth_year": null,
            "eps_4q": null,
            "eps_4q_growth_year": null,
            "roe": null,
            "roe_4q": 0,
            "gross_profit": null,
            "gross_margin": null,
            "gross_margin_4q_avg": 0,
            "net_income": null,
            "revenue": null,
            "common_shares": null,
            "book_valuer_per_share": null,
            "book_valuer_per_share_4q_avg": 2.14,
            "equity": null,
            "current_ratio": null,
            "debt_ratio": null,
            "inventory_turnover_ratio": null,
            "account_receivable_turnover_ratio": null,
            "reinvestment_rate": null,
            "research_to_sale_ratio": null,
            "price_fair": 0,
            "eps_avg_yearly": 0,
            "eps_latest_yearly": 0,
            "eps_growth_yearly": 0
        },
        "20044": {
            "year_quarter": 20044,
            "year": 2004,
            "quarter": 4,
            "eps": null,
            "eps_growth_year": null,
            "eps_4q": null,
            "eps_4q_growth_year": null,
            "roe": null,
            "roe_4q": 0,
            "gross_profit": null,
            "gross_margin": null,
            "gross_margin_4q_avg": 0,
            "net_income": null,
            "revenue": null,
            "common_shares": 140000,
            "book_valuer_per_share": 6.52,
            "book_valuer_per_share_4q_avg": 1.63,
            "equity": 91348,
            "current_ratio": 397.48,
            "debt_ratio": 15.86,
            "inventory_turnover_ratio": null,
            "account_receivable_turnover_ratio": null,
            "reinvestment_rate": null,
            "research_to_sale_ratio": null,
            "price_fair": 0,
            "eps_avg_yearly": 0,
            "eps_latest_yearly": 0,
            "eps_growth_yearly": 0
        },
        "20051": {
            "year_quarter": 20051,
            "year": 2005,
            "quarter": 1,
            "eps": null,
            "eps_growth_year": null,
            "eps_4q": null,
            "eps_4q_growth_year": null,
            "roe": null,
            "roe_4q": 0,
            "gross_profit": null,
            "gross_margin": null,
            "gross_margin_4q_avg": 0,
            "net_income": null,
            "revenue": null,
            "common_shares": null,
            "book_valuer_per_share": null,
            "book_valuer_per_share_4q_avg": 1.63,
            "equity": null,
            "current_ratio": null,
            "debt_ratio": null,
            "inventory_turnover_ratio": null,
            "account_receivable_turnover_ratio": null,
            "reinvestment_rate": null,
            "research_to_sale_ratio": null,
            "price_fair": 0,
            "eps_avg_yearly": 0,
            "eps_latest_yearly": 0,
            "eps_growth_yearly": 0
        },
        "20052": {
            "year_quarter": 20052,
            "year": 2005,
            "quarter": 2,
            "eps": null,
            "eps_growth_year": null,
            "eps_4q": null,
            "eps_4q_growth_year": null,
            "roe": null,
            "roe_4q": 0,
            "gross_profit": null,
            "gross_margin": null,
            "gross_margin_4q_avg": 0,
            "net_income": null,
            "revenue": null,
            "common_shares": null,
            "book_valuer_per_share": null,
            "book_valuer_per_share_4q_avg": 1.63,
            "equity": null,
            "current_ratio": null,
            "debt_ratio": null,
            "inventory_turnover_ratio": null,
            "account_receivable_turnover_ratio": null,
            "reinvestment_rate": null,
            "research_to_sale_ratio": null,
            "price_fair": 0,
            "eps_avg_yearly": 0,
            "eps_latest_yearly": 0,
            "eps_growth_yearly": 0
        },
        "20053": {
            "year_quarter": 20053,
            "year": 2005,
            "quarter": 3,
            "eps": null,
            "eps_growth_year": null,
            "eps_4q": null,
            "eps_4q_growth_year": null,
            "roe": null,
            "roe_4q": 0,
            "gross_profit": null,
            "gross_margin": null,
            "gross_margin_4q_avg": 0,
            "net_income": null,
            "revenue": null,
            "common_shares": null,
            "book_valuer_per_share": null,
            "book_valuer_per_share_4q_avg": 1.63,
            "equity": null,
            "current_ratio": null,
            "debt_ratio": null,
            "inventory_turnover_ratio": null,
            "account_receivable_turnover_ratio": null,
            "reinvestment_rate": null,
            "research_to_sale_ratio": null,
            "price_fair": 0,
            "eps_avg_yearly": 0,
            "eps_latest_yearly": 0,
            "eps_growth_yearly": 0
        },
        "20054": {
            "year_quarter": 20054,
            "year": 2005,
            "quarter": 4,
            "eps": null,
            "eps_growth_year": null,
            "eps_4q": null,
            "eps_4q_growth_year": null,
            "roe": null,
            "roe_4q": 0,
            "gross_profit": null,
            "gross_margin": null,
            "gross_margin_4q_avg": 0,
            "net_income": null,
            "revenue": null,
            "common_shares": 180000,
            "book_valuer_per_share": 8.47,
            "book_valuer_per_share_4q_avg": 2.12,
            "equity": 152508,
            "current_ratio": 258.44,
            "debt_ratio": 31.58,
            "inventory_turnover_ratio": null,
            "account_receivable_turnover_ratio": null,
            "reinvestment_rate": null,
            "research_to_sale_ratio": null,
            "price_fair": 0,
            "eps_avg_yearly": 0,
            "eps_latest_yearly": 0,
            "eps_growth_yearly": 0
        },
        "20061": {
            "year_quarter": 20061,
            "year": 2006,
            "quarter": 1,
            "eps": null,
            "eps_growth_year": null,
            "eps_4q": null,
            "eps_4q_growth_year": null,
            "roe": null,
            "roe_4q": 0,
            "gross_profit": null,
            "gross_margin": null,
            "gross_margin_4q_avg": 0,
            "net_income": null,
            "revenue": null,
            "common_shares": null,
            "book_valuer_per_share": null,
            "book_valuer_per_share_4q_avg": 2.12,
            "equity": null,
            "current_ratio": null,
            "debt_ratio": null,
            "inventory_turnover_ratio": null,
            "account_receivable_turnover_ratio": null,
            "reinvestment_rate": null,
            "research_to_sale_ratio": null,
            "price_fair": 0,
            "eps_avg_yearly": 0,
            "eps_latest_yearly": 0,
            "eps_growth_yearly": 0
        },
        "20062": {
            "year_quarter": 20062,
            "year": 2006,
            "quarter": 2,
            "eps": null,
            "eps_growth_year": null,
            "eps_4q": null,
            "eps_4q_growth_year": null,
            "roe": null,
            "roe_4q": 0,
            "gross_profit": null,
            "gross_margin": null,
            "gross_margin_4q_avg": 0,
            "net_income": null,
            "revenue": null,
            "common_shares": null,
            "book_valuer_per_share": null,
            "book_valuer_per_share_4q_avg": 2.12,
            "equity": null,
            "current_ratio": null,
            "debt_ratio": null,
            "inventory_turnover_ratio": null,
            "account_receivable_turnover_ratio": null,
            "reinvestment_rate": null,
            "research_to_sale_ratio": null,
            "price_fair": 0,
            "eps_avg_yearly": 0,
            "eps_latest_yearly": 0,
            "eps_growth_yearly": 0
        },
        "20063": {
            "year_quarter": 20063,
            "year": 2006,
            "quarter": 3,
            "eps": null,
            "eps_growth_year": null,
            "eps_4q": null,
            "eps_4q_growth_year": null,
            "roe": null,
            "roe_4q": 0,
            "gross_profit": null,
            "gross_margin": null,
            "gross_margin_4q_avg": 0,
            "net_income": null,
            "revenue": null,
            "common_shares": null,
            "book_valuer_per_share": null,
            "book_valuer_per_share_4q_avg": 2.12,
            "equity": null,
            "current_ratio": null,
            "debt_ratio": null,
            "inventory_turnover_ratio": null,
            "account_receivable_turnover_ratio": null,
            "reinvestment_rate": null,
            "research_to_sale_ratio": null,
            "price_fair": 0,
            "eps_avg_yearly": 0,
            "eps_latest_yearly": 0,
            "eps_growth_yearly": 0
        },
        "20064": {
            "year_quarter": 20064,
            "year": 2006,
            "quarter": 4,
            "eps": null,
            "eps_growth_year": null,
            "eps_4q": null,
            "eps_4q_growth_year": null,
            "roe": null,
            "roe_4q": 0,
            "gross_profit": null,
            "gross_margin": null,
            "gross_margin_4q_avg": 0,
            "net_income": null,
            "revenue": null,
            "common_shares": 198000,
            "book_valuer_per_share": 14.43,
            "book_valuer_per_share_4q_avg": 3.61,
            "equity": 285617,
            "current_ratio": 295.7,
            "debt_ratio": 29.64,
            "inventory_turnover_ratio": null,
            "account_receivable_turnover_ratio": null,
            "reinvestment_rate": null,
            "research_to_sale_ratio": null,
            "price_fair": 0,
            "eps_avg_yearly": 0,
            "eps_latest_yearly": 0,
            "eps_growth_yearly": 0
        },
        "20071": {
            "year_quarter": 20071,
            "year": 2007,
            "quarter": 1,
            "eps": null,
            "eps_growth_year": null,
            "eps_4q": null,
            "eps_4q_growth_year": null,
            "roe": null,
            "roe_4q": 0,
            "gross_profit": null,
            "gross_margin": null,
            "gross_margin_4q_avg": 0,
            "net_income": null,
            "revenue": null,
            "common_shares": null,
            "book_valuer_per_share": null,
            "book_valuer_per_share_4q_avg": 3.61,
            "equity": null,
            "current_ratio": null,
            "debt_ratio": null,
            "inventory_turnover_ratio": null,
            "account_receivable_turnover_ratio": null,
            "reinvestment_rate": null,
            "research_to_sale_ratio": null,
            "price_fair": 0,
            "eps_avg_yearly": 0,
            "eps_latest_yearly": 0,
            "eps_growth_yearly": 0
        },
        "20072": {
            "year_quarter": 20072,
            "year": 2007,
            "quarter": 2,
            "eps": null,
            "eps_growth_year": null,
            "eps_4q": null,
            "eps_4q_growth_year": null,
            "roe": null,
            "roe_4q": 0,
            "gross_profit": null,
            "gross_margin": null,
            "gross_margin_4q_avg": 0,
            "net_income": null,
            "revenue": null,
            "common_shares": null,
            "book_valuer_per_share": null,
            "book_valuer_per_share_4q_avg": 3.61,
            "equity": null,
            "current_ratio": null,
            "debt_ratio": null,
            "inventory_turnover_ratio": null,
            "account_receivable_turnover_ratio": null,
            "reinvestment_rate": null,
            "research_to_sale_ratio": null,
            "price_fair": 0,
            "eps_avg_yearly": 0,
            "eps_latest_yearly": 0,
            "eps_growth_yearly": 0
        },
        "20073": {
            "year_quarter": 20073,
            "year": 2007,
            "quarter": 3,
            "eps": null,
            "eps_growth_year": null,
            "eps_4q": null,
            "eps_4q_growth_year": null,
            "roe": null,
            "roe_4q": 0,
            "gross_profit": null,
            "gross_margin": null,
            "gross_margin_4q_avg": 0,
            "net_income": null,
            "revenue": null,
            "common_shares": null,
            "book_valuer_per_share": null,
            "book_valuer_per_share_4q_avg": 3.61,
            "equity": null,
            "current_ratio": null,
            "debt_ratio": null,
            "inventory_turnover_ratio": null,
            "account_receivable_turnover_ratio": null,
            "reinvestment_rate": null,
            "research_to_sale_ratio": null,
            "price_fair": 0,
            "eps_avg_yearly": 0,
            "eps_latest_yearly": 0,
            "eps_growth_yearly": 0
        },
        "20074": {
            "year_quarter": 20074,
            "year": 2007,
            "quarter": 4,
            "eps": null,
            "eps_growth_year": null,
            "eps_4q": null,
            "eps_4q_growth_year": null,
            "roe": null,
            "roe_4q": 0,
            "gross_profit": null,
            "gross_margin": null,
            "gross_margin_4q_avg": 0,
            "net_income": null,
            "revenue": null,
            "common_shares": 255862,
            "book_valuer_per_share": 17.45,
            "book_valuer_per_share_4q_avg": 4.36,
            "equity": 446533,
            "current_ratio": 385.19,
            "debt_ratio": 22.19,
            "inventory_turnover_ratio": null,
            "account_receivable_turnover_ratio": null,
            "reinvestment_rate": null,
            "research_to_sale_ratio": null,
            "price_fair": 0,
            "eps_avg_yearly": 0,
            "eps_latest_yearly": 0,
            "eps_growth_yearly": 0
        },
        "20081": {
            "year_quarter": 20081,
            "year": 2008,
            "quarter": 1,
            "eps": 0.73,
            "eps_growth_year": null,
            "eps_4q": null,
            "eps_4q_growth_year": null,
            "roe": 4.81,
            "roe_4q": 4.81,
            "gross_profit": 64844,
            "gross_margin": 39.08,
            "gross_margin_4q_avg": 9.77,
            "net_income": 22078,
            "revenue": 165927,
            "common_shares": 259649,
            "book_valuer_per_share": 18.19,
            "book_valuer_per_share_4q_avg": 8.91,
            "equity": 472398,
            "current_ratio": 386.88,
            "debt_ratio": 22.51,
            "inventory_turnover_ratio": 1.13,
            "account_receivable_turnover_ratio": null,
            "reinvestment_rate": null,
            "research_to_sale_ratio": null,
            "price_fair": 0,
            "eps_avg_yearly": 0,
            "eps_latest_yearly": 0,
            "eps_growth_yearly": 0
        },
        "20082": {
            "year_quarter": 20082,
            "year": 2008,
            "quarter": 2,
            "eps": 1.89,
            "eps_growth_year": null,
            "eps_4q": null,
            "eps_4q_growth_year": null,
            "roe": 10.8,
            "roe_4q": 15.61,
            "gross_profit": 103524,
            "gross_margin": 41.03,
            "gross_margin_4q_avg": 20.03,
            "net_income": 49130,
            "revenue": 252320,
            "common_shares": 259806,
            "book_valuer_per_share": 16.82,
            "book_valuer_per_share_4q_avg": 13.12,
            "equity": 437071,
            "current_ratio": 232.53,
            "debt_ratio": 36.91,
            "inventory_turnover_ratio": 1.56,
            "account_receivable_turnover_ratio": null,
            "reinvestment_rate": null,
            "research_to_sale_ratio": null,
            "price_fair": 264.6,
            "eps_avg_yearly": 7.56,
            "eps_latest_yearly": 7.56,
            "eps_growth_yearly": 635.62
        },
        "20083": {
            "year_quarter": 20083,
            "year": 2008,
            "quarter": 3,
            "eps": 1.89,
            "eps_growth_year": null,
            "eps_4q": null,
            "eps_4q_growth_year": null,
            "roe": 13.16,
            "roe_4q": 28.77,
            "gross_profit": 106703,
            "gross_margin": 39.94,
            "gross_margin_4q_avg": 30.01,
            "net_income": 61583,
            "revenue": 267139,
            "common_shares": 307845,
            "book_valuer_per_share": 16.21,
            "book_valuer_per_share_4q_avg": 17.17,
            "equity": 498899,
            "current_ratio": 311.18,
            "debt_ratio": 27.49,
            "inventory_turnover_ratio": 1.6,
            "account_receivable_turnover_ratio": null,
            "reinvestment_rate": null,
            "research_to_sale_ratio": null,
            "price_fair": 264.6,
            "eps_avg_yearly": 7.56,
            "eps_latest_yearly": 7.56,
            "eps_growth_yearly": 317.81
        },
        "20084": {
            "year_quarter": 20084,
            "year": 2008,
            "quarter": 4,
            "eps": 0.74,
            "eps_growth_year": null,
            "eps_4q": 5.07,
            "eps_4q_growth_year": null,
            "roe": 4.44,
            "roe_4q": 33.21,
            "gross_profit": 65270,
            "gross_margin": 40.21,
            "gross_margin_4q_avg": 40.07,
            "net_income": 22679,
            "revenue": 162316,
            "common_shares": 309364,
            "book_valuer_per_share": 16.91,
            "book_valuer_per_share_4q_avg": 17.03,
            "equity": 523098,
            "current_ratio": 387.72,
            "debt_ratio": 22.23,
            "inventory_turnover_ratio": 0.88,
            "account_receivable_turnover_ratio": 2.83,
            "reinvestment_rate": null,
            "research_to_sale_ratio": null,
            "price_fair": 210.93,
            "eps_avg_yearly": 6.03,
            "eps_latest_yearly": 2.96,
            "eps_growth_yearly": 130.74
        },
        "20091": {
            "year_quarter": 20091,
            "year": 2009,
            "quarter": 1,
            "eps": 0.59,
            "eps_growth_year": -19.18,
            "eps_4q": 4.9,
            "eps_4q_growth_year": null,
            "roe": 3.42,
            "roe_4q": 31.82,
            "gross_profit": 47034,
            "gross_margin": 41.55,
            "gross_margin_4q_avg": 40.68,
            "net_income": 18243,
            "revenue": 113201,
            "common_shares": 313314,
            "book_valuer_per_share": 17.4,
            "book_valuer_per_share_4q_avg": 16.84,
            "equity": 545291,
            "current_ratio": 555.27,
            "debt_ratio": 15.76,
            "inventory_turnover_ratio": 0.61,
            "account_receivable_turnover_ratio": 1.1,
            "reinvestment_rate": null,
            "research_to_sale_ratio": null,
            "price_fair": 178.85,
            "eps_avg_yearly": 5.11,
            "eps_latest_yearly": 2.36,
            "eps_growth_yearly": 77.79
        },
        "20092": {
            "year_quarter": 20092,
            "year": 2009,
            "quarter": 2,
            "eps": 1.53,
            "eps_growth_year": -19.05,
            "eps_4q": 4.61,
            "eps_4q_growth_year": null,
            "roe": 9.38,
            "roe_4q": 30.400000000000002,
            "gross_profit": 96927,
            "gross_margin": 40.78,
            "gross_margin_4q_avg": 40.62,
            "net_income": 50981,
            "revenue": 237688,
            "common_shares": 322989,
            "book_valuer_per_share": 16.76,
            "book_valuer_per_share_4q_avg": 16.82,
            "equity": 541473,
            "current_ratio": 262.63,
            "debt_ratio": 33.86,
            "inventory_turnover_ratio": 1.28,
            "account_receivable_turnover_ratio": 2.14,
            "reinvestment_rate": null,
            "research_to_sale_ratio": null,
            "price_fair": 185.92,
            "eps_avg_yearly": 5.31,
            "eps_latest_yearly": 6.12,
            "eps_growth_yearly": 189.69
        },
        "20093": {
            "year_quarter": 20093,
            "year": 2009,
            "quarter": 3,
            "eps": 2.15,
            "eps_growth_year": 13.76,
            "eps_4q": 4.75,
            "eps_4q_growth_year": null,
            "roe": 10.16,
            "roe_4q": 27.400000000000002,
            "gross_profit": 129877,
            "gross_margin": 40.59,
            "gross_margin_4q_avg": 40.78,
            "net_income": 75992,
            "revenue": 319963,
            "common_shares": 398431,
            "book_valuer_per_share": 23.97,
            "book_valuer_per_share_4q_avg": 18.76,
            "equity": 954918,
            "current_ratio": 447.15,
            "debt_ratio": 20.78,
            "inventory_turnover_ratio": 1.4,
            "account_receivable_turnover_ratio": 2.11,
            "reinvestment_rate": null,
            "research_to_sale_ratio": null,
            "price_fair": 205.1,
            "eps_avg_yearly": 5.86,
            "eps_latest_yearly": 8.6,
            "eps_growth_yearly": 185.09
        },
        "20094": {
            "year_quarter": 20094,
            "year": 2009,
            "quarter": 4,
            "eps": 1.84,
            "eps_growth_year": 148.65,
            "eps_4q": 5.32,
            "eps_4q_growth_year": 4.87,
            "roe": 6.8,
            "roe_4q": 29.760000000000005,
            "gross_profit": 117089,
            "gross_margin": 38.87,
            "gross_margin_4q_avg": 40.45,
            "net_income": 67261,
            "revenue": 301259,
            "common_shares": 399407,
            "book_valuer_per_share": 25.62,
            "book_valuer_per_share_4q_avg": 20.94,
            "equity": 1023155,
            "current_ratio": 565.49,
            "debt_ratio": 16.62,
            "inventory_turnover_ratio": 1.41,
            "account_receivable_turnover_ratio": 4.19,
            "reinvestment_rate": null,
            "research_to_sale_ratio": null,
            "price_fair": 212.6,
            "eps_avg_yearly": 6.07,
            "eps_latest_yearly": 7.36,
            "eps_growth_yearly": 150.41
        },
        "20101": {
            "year_quarter": 20101,
            "year": 2010,
            "quarter": 1,
            "eps": 1.64,
            "eps_growth_year": 177.97,
            "eps_4q": 6.5,
            "eps_4q_growth_year": 32.49,
            "roe": 6.19,
            "roe_4q": 32.53,
            "gross_profit": 112475,
            "gross_margin": 38.71,
            "gross_margin_4q_avg": 39.74,
            "net_income": 65360,
            "revenue": 290559,
            "common_shares": 399528,
            "book_valuer_per_share": 27.25,
            "book_valuer_per_share_4q_avg": 23.4,
            "equity": 1088636,
            "current_ratio": 489.34,
            "debt_ratio": 19.24,
            "inventory_turnover_ratio": 1.57,
            "account_receivable_turnover_ratio": 1.84,
            "reinvestment_rate": null,
            "research_to_sale_ratio": 9.44,
            "price_fair": 214.73,
            "eps_avg_yearly": 6.14,
            "eps_latest_yearly": 6.56,
            "eps_growth_yearly": 126.17
        },
        "20102": {
            "year_quarter": 20102,
            "year": 2010,
            "quarter": 2,
            "eps": 2.01,
            "eps_growth_year": 31.46,
            "eps_4q": 6.93,
            "eps_4q_growth_year": 50.37,
            "roe": 8.03,
            "roe_4q": 31.18,
            "gross_profit": 142049,
            "gross_margin": 39.58,
            "gross_margin_4q_avg": 39.44,
            "net_income": 85372,
            "revenue": 358933,
            "common_shares": 404227,
            "book_valuer_per_share": 25.66,
            "book_valuer_per_share_4q_avg": 25.63,
            "equity": 1037227,
            "current_ratio": 325.74,
            "debt_ratio": 29.16,
            "inventory_turnover_ratio": 2.08,
            "account_receivable_turnover_ratio": 1.99,
            "reinvestment_rate": null,
            "research_to_sale_ratio": 9.38,
            "price_fair": 222.13,
            "eps_avg_yearly": 6.35,
            "eps_latest_yearly": 8.04,
            "eps_growth_yearly": 122.18
        },
        "20103": {
            "year_quarter": 20103,
            "year": 2010,
            "quarter": 3,
            "eps": 1.64,
            "eps_growth_year": -23.64,
            "eps_4q": 6.77,
            "eps_4q_growth_year": 42.52,
            "roe": 6.51,
            "roe_4q": 27.53,
            "gross_profit": 133015,
            "gross_margin": 40.05,
            "gross_margin_4q_avg": 39.3,
            "net_income": 69789,
            "revenue": 332102,
            "common_shares": 425097,
            "book_valuer_per_share": 26.06,
            "book_valuer_per_share_4q_avg": 26.15,
            "equity": 1107674,
            "current_ratio": 465.23,
            "debt_ratio": 20.25,
            "inventory_turnover_ratio": 2.22,
            "account_receivable_turnover_ratio": 1.63,
            "reinvestment_rate": null,
            "research_to_sale_ratio": 10.61,
            "price_fair": 222.88,
            "eps_avg_yearly": 6.37,
            "eps_latest_yearly": 6.56,
            "eps_growth_yearly": 102.6
        },
        "20104": {
            "year_quarter": 20104,
            "year": 2010,
            "quarter": 4,
            "eps": 1.12,
            "eps_growth_year": -39.18,
            "eps_4q": 6.31,
            "eps_4q_growth_year": 18.55,
            "roe": 4.2,
            "roe_4q": 24.930000000000003,
            "gross_profit": 100739,
            "gross_margin": 38.68,
            "gross_margin_4q_avg": 39.26,
            "net_income": 47573,
            "revenue": 260448,
            "common_shares": 425096,
            "book_valuer_per_share": 27.18,
            "book_valuer_per_share_4q_avg": 26.54,
            "equity": 1155247,
            "current_ratio": 515.19,
            "debt_ratio": 18.19,
            "inventory_turnover_ratio": 1.57,
            "account_receivable_turnover_ratio": 1.25,
            "reinvestment_rate": null,
            "research_to_sale_ratio": 11.16,
            "price_fair": 216.87,
            "eps_avg_yearly": 6.2,
            "eps_latest_yearly": 4.48,
            "eps_growth_yearly": 81.74
        },
        "20111": {
            "year_quarter": 20111,
            "year": 2011,
            "quarter": 1,
            "eps": 1.09,
            "eps_growth_year": -33.54,
            "eps_4q": 5.85,
            "eps_4q_growth_year": -9.9,
            "roe": 3.91,
            "roe_4q": 22.65,
            "gross_profit": 95034,
            "gross_margin": 37.99,
            "gross_margin_4q_avg": 39.08,
            "net_income": 46128,
            "revenue": 250149,
            "common_shares": 425098,
            "book_valuer_per_share": 0,
            "book_valuer_per_share_4q_avg": 19.73,
            "equity": 1201375,
            "current_ratio": 576.62,
            "debt_ratio": 16.33,
            "inventory_turnover_ratio": 1.18,
            "account_receivable_turnover_ratio": 1.29,
            "reinvestment_rate": null,
            "research_to_sale_ratio": 14.09,
            "price_fair": 211.52,
            "eps_avg_yearly": 6.04,
            "eps_latest_yearly": 4.36,
            "eps_growth_yearly": 74.04
        },
        "20112": {
            "year_quarter": 20112,
            "year": 2011,
            "quarter": 2,
            "eps": 0.8,
            "eps_growth_year": -60.18,
            "eps_4q": 4.47,
            "eps_4q_growth_year": -35.49,
            "roe": 3.15,
            "roe_4q": 17.770000000000003,
            "gross_profit": 95456,
            "gross_margin": 37.61,
            "gross_margin_4q_avg": 38.58,
            "net_income": 35706,
            "revenue": 253797,
            "common_shares": 428663,
            "book_valuer_per_share": 0,
            "book_valuer_per_share_4q_avg": 13.31,
            "equity": 1069214,
            "current_ratio": 333.14,
            "debt_ratio": 28.1,
            "inventory_turnover_ratio": 1.05,
            "account_receivable_turnover_ratio": 1.25,
            "reinvestment_rate": null,
            "research_to_sale_ratio": 14.53,
            "price_fair": 203.86,
            "eps_avg_yearly": 5.82,
            "eps_latest_yearly": 3.2,
            "eps_growth_yearly": 60.16
        },
        "20113": {
            "year_quarter": 20113,
            "year": 2011,
            "quarter": 3,
            "eps": 0.98,
            "eps_growth_year": -40.47,
            "eps_4q": 3.88,
            "eps_4q_growth_year": -42.69,
            "roe": 3.99,
            "roe_4q": 15.25,
            "gross_profit": 96138,
            "gross_margin": 37.37,
            "gross_margin_4q_avg": 37.91,
            "net_income": 43569,
            "revenue": 257228,
            "common_shares": 445806,
            "book_valuer_per_share": 0,
            "book_valuer_per_share_4q_avg": 6.8,
            "equity": 1112783,
            "current_ratio": 619.53,
            "debt_ratio": 15.05,
            "inventory_turnover_ratio": 1.13,
            "account_receivable_turnover_ratio": 1.19,
            "reinvestment_rate": null,
            "research_to_sale_ratio": 15.29,
            "price_fair": 199.1,
            "eps_avg_yearly": 5.69,
            "eps_latest_yearly": 3.92,
            "eps_growth_yearly": 62.29
        },
        "20114": {
            "year_quarter": 20114,
            "year": 2011,
            "quarter": 4,
            "eps": 0.37,
            "eps_growth_year": -67.27,
            "eps_4q": 3.18,
            "eps_4q_growth_year": -49.59,
            "roe": 1.46,
            "roe_4q": 12.51,
            "gross_profit": 79806,
            "gross_margin": 37.56,
            "gross_margin_4q_avg": 37.63,
            "net_income": 16331,
            "revenue": 212486,
            "common_shares": 445808,
            "book_valuer_per_share": 25.34,
            "book_valuer_per_share_4q_avg": 6.34,
            "equity": 1129662,
            "current_ratio": 699.19,
            "debt_ratio": 13.42,
            "inventory_turnover_ratio": 1.08,
            "account_receivable_turnover_ratio": 1.03,
            "reinvestment_rate": -0.92,
            "research_to_sale_ratio": 16.25,
            "price_fair": 189.28,
            "eps_avg_yearly": 5.41,
            "eps_latest_yearly": 1.48,
            "eps_growth_yearly": 41.54
        },
        "20121": {
            "year_quarter": 20121,
            "year": 2012,
            "quarter": 1,
            "eps": 0.6,
            "eps_growth_year": -44.95,
            "eps_4q": 2.74,
            "eps_4q_growth_year": -53.13,
            "roe": 2.34,
            "roe_4q": 10.94,
            "gross_profit": 91516,
            "gross_margin": 36.6,
            "gross_margin_4q_avg": 37.29,
            "net_income": 26715,
            "revenue": 250076,
            "common_shares": 445808,
            "book_valuer_per_share": 25.96,
            "book_valuer_per_share_4q_avg": 12.83,
            "equity": 1157248,
            "current_ratio": 545.37,
            "debt_ratio": 17.25,
            "inventory_turnover_ratio": 1.25,
            "account_receivable_turnover_ratio": 1.24,
            "reinvestment_rate": 1.43,
            "research_to_sale_ratio": 14.55,
            "price_fair": 182.7,
            "eps_avg_yearly": 5.22,
            "eps_latest_yearly": 2.4,
            "eps_growth_yearly": 54.48
        },
        "20122": {
            "year_quarter": 20122,
            "year": 2012,
            "quarter": 2,
            "eps": 0.95,
            "eps_growth_year": 18.45,
            "eps_4q": 2.89,
            "eps_4q_growth_year": -35.29,
            "roe": 3.77,
            "roe_4q": 11.559999999999999,
            "gross_profit": 111509,
            "gross_margin": 38.74,
            "gross_margin_4q_avg": 37.57,
            "net_income": 42294,
            "revenue": 287804,
            "common_shares": 445808,
            "book_valuer_per_share": 24.43,
            "book_valuer_per_share_4q_avg": 18.93,
            "equity": 1089104,
            "current_ratio": 370.3,
            "debt_ratio": 25.45,
            "inventory_turnover_ratio": 1.14,
            "account_receivable_turnover_ratio": 1.28,
            "reinvestment_rate": 1.12,
            "research_to_sale_ratio": 14.99,
            "price_fair": 174.48,
            "eps_avg_yearly": 4.99,
            "eps_latest_yearly": 3.8,
            "eps_growth_yearly": 29.34
        },
        "20123": {
            "year_quarter": 20123,
            "year": 2012,
            "quarter": 3,
            "eps": 0.79,
            "eps_growth_year": -19.31,
            "eps_4q": 2.69,
            "eps_4q_growth_year": -30.71,
            "roe": 3.19,
            "roe_4q": 10.760000000000002,
            "gross_profit": 113008,
            "gross_margin": 37.01,
            "gross_margin_4q_avg": 37.48,
            "net_income": 35420,
            "revenue": 305372,
            "common_shares": 449148,
            "book_valuer_per_share": 25.13,
            "book_valuer_per_share_4q_avg": 25.22,
            "equity": 1128887,
            "current_ratio": 572.85,
            "debt_ratio": 16.59,
            "inventory_turnover_ratio": 1.17,
            "account_receivable_turnover_ratio": 1.33,
            "reinvestment_rate": 0.78,
            "research_to_sale_ratio": 13.25,
            "price_fair": 164.85,
            "eps_avg_yearly": 4.71,
            "eps_latest_yearly": 3.16,
            "eps_growth_yearly": 25.13
        },
        "20124": {
            "year_quarter": 20124,
            "year": 2012,
            "quarter": 4,
            "eps": 0.43,
            "eps_growth_year": 16.66,
            "eps_4q": 2.75,
            "eps_4q_growth_year": -13.43,
            "roe": 1.69,
            "roe_4q": 10.99,
            "gross_profit": 87489,
            "gross_margin": 36.59,
            "gross_margin_4q_avg": 37.24,
            "net_income": 19194,
            "revenue": 239119,
            "common_shares": 449148,
            "book_valuer_per_share": 25.57,
            "book_valuer_per_share_4q_avg": 25.27,
            "equity": 1148284,
            "current_ratio": 748.64,
            "debt_ratio": 12.91,
            "inventory_turnover_ratio": 1.06,
            "account_receivable_turnover_ratio": 1.36,
            "reinvestment_rate": -0,
            "research_to_sale_ratio": 18.29,
            "price_fair": 162.14,
            "eps_avg_yearly": 4.63,
            "eps_latest_yearly": 1.72,
            "eps_growth_yearly": 28.95
        },
        "20131": {
            "year_quarter": 20131,
            "year": 2013,
            "quarter": 1,
            "eps": 0.65,
            "eps_growth_year": 8.33,
            "eps_4q": 2.81,
            "eps_4q_growth_year": 2.34,
            "roe": 2.52,
            "roe_4q": 11.17,
            "gross_profit": 88409,
            "gross_margin": 37.54,
            "gross_margin_4q_avg": 37.47,
            "net_income": 29207,
            "revenue": 235481,
            "common_shares": 449148,
            "book_valuer_per_share": 26.04,
            "book_valuer_per_share_4q_avg": 25.29,
            "equity": 1169698,
            "current_ratio": 691.51,
            "debt_ratio": 14.11,
            "inventory_turnover_ratio": 1.24,
            "account_receivable_turnover_ratio": 1.36,
            "reinvestment_rate": 1.06,
            "research_to_sale_ratio": 16.78,
            "price_fair": 162.66,
            "eps_avg_yearly": 4.65,
            "eps_latest_yearly": 2.6,
            "eps_growth_yearly": 46.81
        },
        "20132": {
            "year_quarter": 20132,
            "year": 2013,
            "quarter": 2,
            "eps": 0.72,
            "eps_growth_year": -24.11,
            "eps_4q": 2.58,
            "eps_4q_growth_year": -10.74,
            "roe": 2.85,
            "roe_4q": 10.25,
            "gross_profit": 100174,
            "gross_margin": 37.15,
            "gross_margin_4q_avg": 37.07,
            "net_income": 32424,
            "revenue": 269636,
            "common_shares": 450368,
            "book_valuer_per_share": 24.54,
            "book_valuer_per_share_4q_avg": 25.32,
            "equity": 1105297,
            "current_ratio": 418.76,
            "debt_ratio": 23.17,
            "inventory_turnover_ratio": 1.55,
            "account_receivable_turnover_ratio": 1.43,
            "reinvestment_rate": 0.92,
            "research_to_sale_ratio": 16.15,
            "price_fair": 87.42,
            "eps_avg_yearly": 4.45,
            "eps_latest_yearly": 2.88,
            "eps_growth_yearly": 9.67
        },
        "20133": {
            "year_quarter": 20133,
            "year": 2013,
            "quarter": 3,
            "eps": 0.57,
            "eps_growth_year": -27.72,
            "eps_4q": 2.36,
            "eps_4q_growth_year": -12.15,
            "roe": 2.28,
            "roe_4q": 9.34,
            "gross_profit": 101338,
            "gross_margin": 35.55,
            "gross_margin_4q_avg": 36.71,
            "net_income": 25548,
            "revenue": 285044,
            "common_shares": 450368,
            "book_valuer_per_share": 25.13,
            "book_valuer_per_share_4q_avg": 25.32,
            "equity": 1131763,
            "current_ratio": 478.38,
            "debt_ratio": 20.37,
            "inventory_turnover_ratio": 1.31,
            "account_receivable_turnover_ratio": 1.37,
            "reinvestment_rate": 1.13,
            "research_to_sale_ratio": 15.19,
            "price_fair": 12.15,
            "eps_avg_yearly": 4.05,
            "eps_latest_yearly": 2.28,
            "eps_growth_yearly": -5.67
        },
        "20134": {
            "year_quarter": 20134,
            "year": 2013,
            "quarter": 4,
            "eps": 0.58,
            "eps_growth_year": 34.7,
            "eps_4q": 2.51,
            "eps_4q_growth_year": -8.76,
            "roe": 2.27,
            "roe_4q": 9.92,
            "gross_profit": 95302,
            "gross_margin": 35.06,
            "gross_margin_4q_avg": 36.33,
            "net_income": 25924,
            "revenue": 271797,
            "common_shares": 450368,
            "book_valuer_per_share": 25.69,
            "book_valuer_per_share_4q_avg": 25.35,
            "equity": 1157075,
            "current_ratio": 633.83,
            "debt_ratio": 15.61,
            "inventory_turnover_ratio": 1.12,
            "account_receivable_turnover_ratio": 1.43,
            "reinvestment_rate": 2.12,
            "research_to_sale_ratio": 16.08,
            "price_fair": 11.21,
            "eps_avg_yearly": 3.74,
            "eps_latest_yearly": 2.32,
            "eps_growth_yearly": -1.63
        },
        "20141": {
            "year_quarter": 20141,
            "year": 2014,
            "quarter": 1,
            "eps": 0.6,
            "eps_growth_year": -7.69,
            "eps_4q": 2.45,
            "eps_4q_growth_year": -12.59,
            "roe": 2.3,
            "roe_4q": 9.7,
            "gross_profit": 92220,
            "gross_margin": 36.59,
            "gross_margin_4q_avg": 36.09,
            "net_income": 27009,
            "revenue": 252028,
            "common_shares": 451873,
            "book_valuer_per_share": 26.4,
            "book_valuer_per_share_4q_avg": 25.44,
            "equity": 1193099,
            "current_ratio": 574.93,
            "debt_ratio": 17.18,
            "inventory_turnover_ratio": 1.12,
            "account_receivable_turnover_ratio": 1.68,
            "reinvestment_rate": 2.14,
            "research_to_sale_ratio": 16.62,
            "price_fair": 41.53,
            "eps_avg_yearly": 3.48,
            "eps_latest_yearly": 2.4,
            "eps_growth_yearly": 1.95
        },
        "20142": {
            "year_quarter": 20142,
            "year": 2014,
            "quarter": 2,
            "eps": 0.54,
            "eps_growth_year": -25,
            "eps_4q": 2.24,
            "eps_4q_growth_year": -13.38,
            "roe": 2.12,
            "roe_4q": 8.969999999999999,
            "gross_profit": 97926,
            "gross_margin": 35.83,
            "gross_margin_4q_avg": 35.76,
            "net_income": 24599,
            "revenue": 273336,
            "common_shares": 461058,
            "book_valuer_per_share": 24.56,
            "book_valuer_per_share_4q_avg": 25.45,
            "equity": 1132145,
            "current_ratio": 438.56,
            "debt_ratio": 22.33,
            "inventory_turnover_ratio": 1.28,
            "account_receivable_turnover_ratio": 1.7,
            "reinvestment_rate": 2.42,
            "research_to_sale_ratio": 16.01,
            "price_fair": 9.32,
            "eps_avg_yearly": 3.11,
            "eps_latest_yearly": 2.16,
            "eps_growth_yearly": -6.19
        },
        "20143": {
            "year_quarter": 20143,
            "year": 2014,
            "quarter": 3,
            "eps": 0.71,
            "eps_growth_year": 24.56,
            "eps_4q": 2.38,
            "eps_4q_growth_year": 0.68,
            "roe": 2.8,
            "roe_4q": 9.49,
            "gross_profit": 102102,
            "gross_margin": 34.95,
            "gross_margin_4q_avg": 35.61,
            "net_income": 32262,
            "revenue": 292118,
            "common_shares": 461693,
            "book_valuer_per_share": 25.43,
            "book_valuer_per_share_4q_avg": 25.52,
            "equity": 1173865,
            "current_ratio": 525.8,
            "debt_ratio": 18.78,
            "inventory_turnover_ratio": 1.25,
            "account_receivable_turnover_ratio": 1.56,
            "reinvestment_rate": 2.62,
            "research_to_sale_ratio": 16.84,
            "price_fair": 46.81,
            "eps_avg_yearly": 2.88,
            "eps_latest_yearly": 2.84,
            "eps_growth_yearly": 6.28
        },
        "20144": {
            "year_quarter": 20144,
            "year": 2014,
            "quarter": 4,
            "eps": 0.44,
            "eps_growth_year": -24.23,
            "eps_4q": 2.24,
            "eps_4q_growth_year": -10.77,
            "roe": 1.71,
            "roe_4q": 8.93,
            "gross_profit": 91669,
            "gross_margin": 35.86,
            "gross_margin_4q_avg": 35.81,
            "net_income": 20267,
            "revenue": 255644,
            "common_shares": 464693,
            "book_valuer_per_share": 25.89,
            "book_valuer_per_share_4q_avg": 25.57,
            "equity": 1203196,
            "current_ratio": 642.52,
            "debt_ratio": 15.43,
            "inventory_turnover_ratio": 0.95,
            "account_receivable_turnover_ratio": 1.47,
            "reinvestment_rate": 1.78,
            "research_to_sale_ratio": 17.2,
            "price_fair": 39.77,
            "eps_avg_yearly": 2.71,
            "eps_latest_yearly": 1.76,
            "eps_growth_yearly": 4.7
        },
        "20151": {
            "year_quarter": 20151,
            "year": 2015,
            "quarter": 1,
            "eps": 0.46,
            "eps_growth_year": -23.33,
            "eps_4q": 2.11,
            "eps_4q_growth_year": -13.97,
            "roe": 1.73,
            "roe_4q": 8.36,
            "gross_profit": 94971,
            "gross_margin": 40.07,
            "gross_margin_4q_avg": 36.68,
            "net_income": 20992,
            "revenue": 237035,
            "common_shares": 464693,
            "book_valuer_per_share": 26.48,
            "book_valuer_per_share_4q_avg": 25.59,
            "equity": 1230323,
            "current_ratio": 694.89,
            "debt_ratio": 14.36,
            "inventory_turnover_ratio": 0.83,
            "account_receivable_turnover_ratio": 1.54,
            "reinvestment_rate": 2.14,
            "research_to_sale_ratio": 18.72,
            "price_fair": 42.06,
            "eps_avg_yearly": 2.55,
            "eps_latest_yearly": 1.84,
            "eps_growth_yearly": 6.51
        },
        "20152": {
            "year_quarter": 20152,
            "year": 2015,
            "quarter": 2,
            "eps": 0.48,
            "eps_growth_year": -11.11,
            "eps_4q": 2.05,
            "eps_4q_growth_year": -8.23,
            "roe": 1.82,
            "roe_4q": 8.059999999999999,
            "gross_profit": 94444,
            "gross_margin": 36.57,
            "gross_margin_4q_avg": 36.86,
            "net_income": 21739,
            "revenue": 258278,
            "common_shares": 464288,
            "book_valuer_per_share": 25.01,
            "book_valuer_per_share_4q_avg": 25.7,
            "equity": 1161072,
            "current_ratio": 441.65,
            "debt_ratio": 22.48,
            "inventory_turnover_ratio": 0.94,
            "account_receivable_turnover_ratio": 1.64,
            "reinvestment_rate": 0.68,
            "research_to_sale_ratio": 16.79,
            "price_fair": 59.83,
            "eps_avg_yearly": 2.47,
            "eps_latest_yearly": 1.92,
            "eps_growth_yearly": 14.25
        },
        "20153": {
            "year_quarter": 20153,
            "year": 2015,
            "quarter": 3,
            "eps": 0.77,
            "eps_growth_year": 8.45,
            "eps_4q": 2.11,
            "eps_4q_growth_year": -11.19,
            "roe": 2.96,
            "roe_4q": 8.219999999999999,
            "gross_profit": 96894,
            "gross_margin": 34.79,
            "gross_margin_4q_avg": 36.82,
            "net_income": 34960,
            "revenue": 278519,
            "common_shares": 463808,
            "book_valuer_per_share": 25.89,
            "book_valuer_per_share_4q_avg": 25.82,
            "equity": 1200956,
            "current_ratio": 594.24,
            "debt_ratio": 17,
            "inventory_turnover_ratio": 0.97,
            "account_receivable_turnover_ratio": 1.68,
            "reinvestment_rate": -0.42,
            "research_to_sale_ratio": 18.19,
            "price_fair": 81.45,
            "eps_avg_yearly": 2.42,
            "eps_latest_yearly": 3.08,
            "eps_growth_yearly": 23.73
        },
        "20154": {
            "year_quarter": 20154,
            "year": 2015,
            "quarter": 4,
            "eps": 0.43,
            "eps_growth_year": -1.34,
            "eps_4q": 2.11,
            "eps_4q_growth_year": -6.05,
            "roe": 1.65,
            "roe_4q": 8.16,
            "gross_profit": 99754,
            "gross_margin": 37.62,
            "gross_margin_4q_avg": 37.26,
            "net_income": 19957,
            "revenue": 265154,
            "common_shares": 463808,
            "book_valuer_per_share": 26.32,
            "book_valuer_per_share_4q_avg": 25.93,
            "equity": 1220575,
            "current_ratio": 673.72,
            "debt_ratio": 15.11,
            "inventory_turnover_ratio": 0.86,
            "account_receivable_turnover_ratio": 1.71,
            "reinvestment_rate": -1.53,
            "research_to_sale_ratio": 18.85,
            "price_fair": 85.05,
            "eps_avg_yearly": 2.43,
            "eps_latest_yearly": 1.72,
            "eps_growth_yearly": 28.25
        },
        "20161": {
            "year_quarter": 20161,
            "year": 2016,
            "quarter": 1,
            "eps": 0.53,
            "eps_growth_year": 15.22,
            "eps_4q": 2.18,
            "eps_4q_growth_year": 3.14,
            "roe": 1.96,
            "roe_4q": 8.39,
            "gross_profit": 99550,
            "gross_margin": 36.49,
            "gross_margin_4q_avg": 36.37,
            "net_income": 24198,
            "revenue": 272830,
            "common_shares": 463091,
            "book_valuer_per_share": 26.92,
            "book_valuer_per_share_4q_avg": 26.04,
            "equity": 1246658,
            "current_ratio": 613.93,
            "debt_ratio": 15.16,
            "inventory_turnover_ratio": 1.03,
            "account_receivable_turnover_ratio": 1.84,
            "reinvestment_rate": -5.03,
            "research_to_sale_ratio": 15.81,
            "price_fair": 68.81,
            "eps_avg_yearly": 2.41,
            "eps_latest_yearly": 2.12,
            "eps_growth_yearly": 18.52
        },
        "20162": {
            "year_quarter": 20162,
            "year": 2016,
            "quarter": 2,
            "eps": 0.41,
            "eps_growth_year": -14.58,
            "eps_4q": 2.12,
            "eps_4q_growth_year": 3.12,
            "roe": 1.54,
            "roe_4q": 8.11,
            "gross_profit": 101402,
            "gross_margin": 35.91,
            "gross_margin_4q_avg": 36.2,
            "net_income": 18867,
            "revenue": 282417,
            "common_shares": 463091,
            "book_valuer_per_share": 25.88,
            "book_valuer_per_share_4q_avg": 26.25,
            "equity": 1198448,
            "current_ratio": 353.09,
            "debt_ratio": 21.51,
            "inventory_turnover_ratio": 1.26,
            "account_receivable_turnover_ratio": 1.71,
            "reinvestment_rate": 63.79,
            "research_to_sale_ratio": 15.54,
            "price_fair": 6.83,
            "eps_avg_yearly": 2.28,
            "eps_latest_yearly": 1.64,
            "eps_growth_yearly": -1.72
        },
        "20163": {
            "year_quarter": 20163,
            "year": 2016,
            "quarter": 3,
            "eps": 0.66,
            "eps_growth_year": -14.29,
            "eps_4q": 1.97,
            "eps_4q_growth_year": -6.82,
            "roe": 2.51,
            "roe_4q": 7.66,
            "gross_profit": 126448,
            "gross_margin": 34.57,
            "gross_margin_4q_avg": 36.15,
            "net_income": 30461,
            "revenue": 365740,
            "common_shares": 474996,
            "book_valuer_per_share": 25.9,
            "book_valuer_per_share_4q_avg": 26.26,
            "equity": 1230345,
            "current_ratio": 357.52,
            "debt_ratio": 20.92,
            "inventory_turnover_ratio": 1.61,
            "account_receivable_turnover_ratio": 1.82,
            "reinvestment_rate": 72.34,
            "research_to_sale_ratio": 14.91,
            "price_fair": 62.26,
            "eps_avg_yearly": 2.25,
            "eps_latest_yearly": 2.64,
            "eps_growth_yearly": 17.73
        },
        "20164": {
            "year_quarter": 20164,
            "year": 2016,
            "quarter": 4,
            "eps": 0.63,
            "eps_growth_year": 45.79,
            "eps_4q": 2.18,
            "eps_4q_growth_year": 3.42,
            "roe": 2.39,
            "roe_4q": 8.4,
            "gross_profit": 103440,
            "gross_margin": 34.16,
            "gross_margin_4q_avg": 35.28,
            "net_income": 29757,
            "revenue": 302778,
            "common_shares": 474352,
            "book_valuer_per_share": 26.48,
            "book_valuer_per_share_4q_avg": 26.3,
            "equity": 1256297,
            "current_ratio": 362.13,
            "debt_ratio": 20.59,
            "inventory_turnover_ratio": 1.09,
            "account_receivable_turnover_ratio": 1.55,
            "reinvestment_rate": 74.84,
            "research_to_sale_ratio": 16.53,
            "price_fair": 80.33,
            "eps_avg_yearly": 2.3,
            "eps_latest_yearly": 2.52,
            "eps_growth_yearly": 27.99
        },
        "20171": {
            "year_quarter": 20171,
            "year": 2017,
            "quarter": 1,
            "eps": 0.04,
            "eps_growth_year": -92.45,
            "eps_4q": 1.7,
            "eps_4q_growth_year": -21.71,
            "roe": 0.14,
            "roe_4q": 6.58,
            "gross_profit": 80002,
            "gross_margin": 34.03,
            "gross_margin_4q_avg": 34.67,
            "net_income": 1746,
            "revenue": 235082,
            "common_shares": 474092,
            "book_valuer_per_share": 26.5,
            "book_valuer_per_share_4q_avg": 26.19,
            "equity": 1256273,
            "current_ratio": 475.3,
            "debt_ratio": 15.51,
            "inventory_turnover_ratio": 0.73,
            "account_receivable_turnover_ratio": 1.62,
            "reinvestment_rate": 81.17,
            "research_to_sale_ratio": 19.34,
            "price_fair": 6.43,
            "eps_avg_yearly": 2.14,
            "eps_latest_yearly": 0.16,
            "eps_growth_yearly": -8.22
        },
        "20172": {
            "year_quarter": 20172,
            "year": 2017,
            "quarter": 2,
            "eps": 0.05,
            "eps_growth_year": -87.8,
            "eps_4q": 1.35,
            "eps_4q_growth_year": -36,
            "roe": 0.18,
            "roe_4q": 5.22,
            "gross_profit": 83481,
            "gross_margin": 33.13,
            "gross_margin_4q_avg": 33.97,
            "net_income": 2237,
            "revenue": 251975,
            "common_shares": 474092,
            "book_valuer_per_share": 25.19,
            "book_valuer_per_share_4q_avg": 26.02,
            "equity": 1194392,
            "current_ratio": 353.3,
            "debt_ratio": 20.62,
            "inventory_turnover_ratio": 0.79,
            "account_receivable_turnover_ratio": 1.84,
            "reinvestment_rate": 98.64,
            "research_to_sale_ratio": 18.75,
            "price_fair": 5.93,
            "eps_avg_yearly": 1.98,
            "eps_latest_yearly": 0.2,
            "eps_growth_yearly": -4.66
        },
        "20173": {
            "year_quarter": 20173,
            "year": 2017,
            "quarter": 3,
            "eps": 0.32,
            "eps_growth_year": -51.52,
            "eps_4q": 1.02,
            "eps_4q_growth_year": -48.18,
            "roe": 1.21,
            "roe_4q": 3.92,
            "gross_profit": 100274,
            "gross_margin": 34.09,
            "gross_margin_4q_avg": 33.85,
            "net_income": 14555,
            "revenue": 294127,
            "common_shares": 473572,
            "book_valuer_per_share": 25.66,
            "book_valuer_per_share_4q_avg": 25.96,
            "equity": 1215071,
            "current_ratio": 476.59,
            "debt_ratio": 15.3,
            "inventory_turnover_ratio": 0.94,
            "account_receivable_turnover_ratio": 2.11,
            "reinvestment_rate": 103.16,
            "research_to_sale_ratio": 18.43,
            "price_fair": 66.94,
            "eps_avg_yearly": 1.91,
            "eps_latest_yearly": 1.28,
            "eps_growth_yearly": 135.55
        },
        "20174": {
            "year_quarter": 20174,
            "year": 2017,
            "quarter": 4,
            "eps": 0.04,
            "eps_growth_year": -93.19,
            "eps_4q": 0.43,
            "eps_4q_growth_year": -80.05,
            "roe": 0.16,
            "roe_4q": 1.69,
            "gross_profit": 86394,
            "gross_margin": 35.66,
            "gross_margin_4q_avg": 34.23,
            "net_income": 2022,
            "revenue": 242301,
            "common_shares": 473372,
            "book_valuer_per_share": 27.43,
            "book_valuer_per_share_4q_avg": 26.2,
            "equity": 1298491,
            "current_ratio": 406.07,
            "debt_ratio": 18.56,
            "inventory_turnover_ratio": 0.66,
            "account_receivable_turnover_ratio": 1.56,
            "reinvestment_rate": 112.95,
            "research_to_sale_ratio": 19.94,
            "price_fair": 62.21,
            "eps_avg_yearly": 1.78,
            "eps_latest_yearly": 0.16,
            "eps_growth_yearly": 113.24
        },
        "20181": {
            "year_quarter": 20181,
            "year": 2018,
            "quarter": 1,
            "eps": 0.12,
            "eps_growth_year": 200,
            "eps_4q": 0.51,
            "eps_4q_growth_year": -69.91,
            "roe": 0.42,
            "roe_4q": 1.97,
            "gross_profit": 84151,
            "gross_margin": 35.02,
            "gross_margin_4q_avg": 34.48,
            "net_income": 5457,
            "revenue": 240296,
            "common_shares": 473172,
            "book_valuer_per_share": 27.56,
            "book_valuer_per_share_4q_avg": 26.46,
            "equity": 1304004,
            "current_ratio": 572.62,
            "debt_ratio": 13.36,
            "inventory_turnover_ratio": 0.59,
            "account_receivable_turnover_ratio": 1.62,
            "reinvestment_rate": 119.67,
            "research_to_sale_ratio": 21.72,
            "price_fair": 58.01,
            "eps_avg_yearly": 1.66,
            "eps_latest_yearly": 0.48,
            "eps_growth_yearly": 162.38
        },
        "20182": {
            "year_quarter": 20182,
            "year": 2018,
            "quarter": 2,
            "eps": 0.37,
            "eps_growth_year": 640,
            "eps_4q": 0.83,
            "eps_4q_growth_year": -38.4,
            "roe": 1.34,
            "roe_4q": 3.13,
            "gross_profit": 105363,
            "gross_margin": 36.86,
            "gross_margin_4q_avg": 35.41,
            "net_income": 17435,
            "revenue": 285832,
            "common_shares": 473172,
            "book_valuer_per_share": 27.49,
            "book_valuer_per_share_4q_avg": 27.04,
            "equity": 1300687,
            "current_ratio": 486.12,
            "debt_ratio": 15.57,
            "inventory_turnover_ratio": 0.78,
            "account_receivable_turnover_ratio": 2.05,
            "reinvestment_rate": 122.05,
            "research_to_sale_ratio": 19.81,
            "price_fair": 56.53,
            "eps_avg_yearly": 1.62,
            "eps_latest_yearly": 1.48,
            "eps_growth_yearly": 216.96
        },
        "20183": {
            "year_quarter": 20183,
            "year": 2018,
            "quarter": 3,
            "eps": 0.25,
            "eps_growth_year": -21.88,
            "eps_4q": 0.78,
            "eps_4q_growth_year": -23.42,
            "roe": 0.9,
            "roe_4q": 2.8200000000000003,
            "gross_profit": 111987,
            "gross_margin": 37.84,
            "gross_margin_4q_avg": 36.35,
            "net_income": 11765,
            "revenue": 295917,
            "common_shares": 469632,
            "book_valuer_per_share": 27.98,
            "book_valuer_per_share_4q_avg": 27.62,
            "equity": 1313806,
            "current_ratio": 497.53,
            "debt_ratio": 15.13,
            "inventory_turnover_ratio": 0.97,
            "account_receivable_turnover_ratio": 2.07,
            "reinvestment_rate": 135.56,
            "research_to_sale_ratio": 19.82,
            "price_fair": 52.5,
            "eps_avg_yearly": 1.5,
            "eps_latest_yearly": 1,
            "eps_growth_yearly": 200.98
        },
        "20184": {
            "year_quarter": 20184,
            "year": 2018,
            "quarter": 4,
            "eps": 0.05,
            "eps_growth_year": 17.55,
            "eps_4q": 0.79,
            "eps_4q_growth_year": 81.47,
            "roe": 0.18,
            "roe_4q": 2.84,
            "gross_profit": 87193,
            "gross_margin": 33.74,
            "gross_margin_4q_avg": 35.87,
            "net_income": 2358,
            "revenue": 258392,
            "common_shares": 469632,
            "book_valuer_per_share": 28.08,
            "book_valuer_per_share_4q_avg": 27.78,
            "equity": 1318567,
            "current_ratio": 429.08,
            "debt_ratio": 17.62,
            "inventory_turnover_ratio": 0.82,
            "account_receivable_turnover_ratio": 1.85,
            "reinvestment_rate": 143.26,
            "research_to_sale_ratio": 24.14,
            "price_fair": 49.09,
            "eps_avg_yearly": 1.4,
            "eps_latest_yearly": 0.2,
            "eps_growth_yearly": 190.49
        },
        "20191": {
            "year_quarter": 20191,
            "year": 2019,
            "quarter": 1,
            "eps": 0.05,
            "eps_growth_year": -58.33,
            "eps_4q": 0.72,
            "eps_4q_growth_year": 40.65,
            "roe": 0.17,
            "roe_4q": 2.59,
            "gross_profit": 82313,
            "gross_margin": 34.76,
            "gross_margin_4q_avg": 35.8,
            "net_income": 2273,
            "revenue": 236819,
            "common_shares": 468942,
            "book_valuer_per_share": 28.16,
            "book_valuer_per_share_4q_avg": 27.93,
            "equity": 1320739,
            "current_ratio": 476.24,
            "debt_ratio": 16.52,
            "inventory_turnover_ratio": 0.61,
            "account_receivable_turnover_ratio": 1.85,
            "reinvestment_rate": 155.08,
            "research_to_sale_ratio": 20.28,
            "price_fair": 45.5,
            "eps_avg_yearly": 1.3,
            "eps_latest_yearly": 0.2,
            "eps_growth_yearly": 189.35
        },
        "20192": {
            "year_quarter": 20192,
            "year": 2019,
            "quarter": 2,
            "eps": 0.05,
            "eps_growth_year": -86.49,
            "eps_4q": 0.4,
            "eps_4q_growth_year": -51.86,
            "roe": 0.19,
            "roe_4q": 1.44,
            "gross_profit": 87418,
            "gross_margin": 34.89,
            "gross_margin_4q_avg": 35.31,
            "net_income": 2429,
            "revenue": 250533,
            "common_shares": 468822,
            "book_valuer_per_share": 27.5,
            "book_valuer_per_share_4q_avg": 27.93,
            "equity": 1289113,
            "current_ratio": 470.64,
            "debt_ratio": 16.62,
            "inventory_turnover_ratio": 0.62,
            "account_receivable_turnover_ratio": 1.87,
            "reinvestment_rate": 164.91,
            "research_to_sale_ratio": 20.31,
            "price_fair": 41.74,
            "eps_avg_yearly": 1.19,
            "eps_latest_yearly": 0.2,
            "eps_growth_yearly": 188.26
        },
        "20193": {
            "year_quarter": 20193,
            "year": 2019,
            "quarter": 3,
            "eps": 0.2,
            "eps_growth_year": -20,
            "eps_4q": 0.35,
            "eps_4q_growth_year": -55.3,
            "roe": 0.72,
            "roe_4q": 1.2599999999999998,
            "gross_profit": 95597,
            "gross_margin": 34.79,
            "gross_margin_4q_avg": 34.55,
            "net_income": 9309,
            "revenue": 274750,
            "common_shares": 468822,
            "book_valuer_per_share": 27.7,
            "book_valuer_per_share_4q_avg": 27.86,
            "equity": 1298739,
            "current_ratio": 530.28,
            "debt_ratio": 14.59,
            "inventory_turnover_ratio": 0.68,
            "account_receivable_turnover_ratio": 1.64,
            "reinvestment_rate": 183.96,
            "research_to_sale_ratio": 19.44,
            "price_fair": 36.75,
            "eps_avg_yearly": 1.05,
            "eps_latest_yearly": 0.8,
            "eps_growth_yearly": 248.16
        },
        "20194": {
            "year_quarter": 20194,
            "year": 2019,
            "quarter": 4,
            "eps": 0.2,
            "eps_growth_year": 297.88,
            "eps_4q": 0.5,
            "eps_4q_growth_year": -36.74,
            "roe": 0.72,
            "roe_4q": 1.7999999999999998,
            "gross_profit": 98930,
            "gross_margin": 34.56,
            "gross_margin_4q_avg": 34.75,
            "net_income": 9366,
            "revenue": 286288,
            "common_shares": 468822,
            "book_valuer_per_share": 27.89,
            "book_valuer_per_share_4q_avg": 27.81,
            "equity": 1307580,
            "current_ratio": 525.69,
            "debt_ratio": 14.82,
            "inventory_turnover_ratio": 0.7,
            "account_receivable_turnover_ratio": 1.62,
            "reinvestment_rate": 192.53,
            "research_to_sale_ratio": 16.81,
            "price_fair": 34.74,
            "eps_avg_yearly": 0.99,
            "eps_latest_yearly": 0.8,
            "eps_growth_yearly": 259.2
        },
        "20201": {
            "year_quarter": 20201,
            "year": 2020,
            "quarter": 1,
            "eps": 0.12,
            "eps_growth_year": 140,
            "eps_4q": 0.57,
            "eps_4q_growth_year": -21.49,
            "roe": 0.42,
            "roe_4q": 2.05,
            "gross_profit": 90567,
            "gross_margin": 30.89,
            "gross_margin_4q_avg": 33.78,
            "net_income": 5449,
            "revenue": 293192,
            "common_shares": 468822,
            "book_valuer_per_share": 27.01,
            "book_valuer_per_share_4q_avg": 27.53,
            "equity": 1266440,
            "current_ratio": 384.25,
            "debt_ratio": 19.82,
            "inventory_turnover_ratio": 0.68,
            "account_receivable_turnover_ratio": 1.85,
            "reinvestment_rate": 211.39,
            "research_to_sale_ratio": 18.06,
            "price_fair": 31.15,
            "eps_avg_yearly": 0.89,
            "eps_latest_yearly": 0.48,
            "eps_growth_yearly": 243.38
        },
        "20202": {
            "year_quarter": 20202,
            "year": 2020,
            "quarter": 2,
            "eps": 0.24,
            "eps_growth_year": 380,
            "eps_4q": 0.75,
            "eps_4q_growth_year": 86.66,
            "roe": 0.87,
            "roe_4q": 2.7299999999999995,
            "gross_profit": 111489,
            "gross_margin": 31.27,
            "gross_margin_4q_avg": 32.88,
            "net_income": 11015,
            "revenue": 356555,
            "common_shares": 468822,
            "book_valuer_per_share": 27.24,
            "book_valuer_per_share_4q_avg": 27.46,
            "equity": 1277295,
            "current_ratio": 394.26,
            "debt_ratio": 19.32,
            "inventory_turnover_ratio": 0.76,
            "account_receivable_turnover_ratio": 2.09,
            "reinvestment_rate": 39.29,
            "research_to_sale_ratio": 17.25,
            "price_fair": 29.66,
            "eps_avg_yearly": 0.85,
            "eps_latest_yearly": 0.96,
            "eps_growth_yearly": 274.05
        },
        "20203": {
            "year_quarter": 20203,
            "year": 2020,
            "quarter": 3,
            "eps": 0.41,
            "eps_growth_year": 105,
            "eps_4q": 0.96,
            "eps_4q_growth_year": 174.03,
            "roe": 1.48,
            "roe_4q": 3.49,
            "gross_profit": 132492,
            "gross_margin": 34.08,
            "gross_margin_4q_avg": 32.7,
            "net_income": 19026,
            "revenue": 388823,
            "common_shares": 468822,
            "book_valuer_per_share": 27.69,
            "book_valuer_per_share_4q_avg": 27.46,
            "equity": 1298303,
            "current_ratio": 400.04,
            "debt_ratio": 19.11,
            "inventory_turnover_ratio": 0.75,
            "account_receivable_turnover_ratio": 2.03,
            "reinvestment_rate": 24.43,
            "research_to_sale_ratio": 16.41,
            "price_fair": 27.48,
            "eps_avg_yearly": 0.79,
            "eps_latest_yearly": 1.64,
            "eps_growth_yearly": 276.51
        },
        "20204": {
            "year_quarter": 20204,
            "year": 2020,
            "quarter": 4,
            "eps": 0.52,
            "eps_growth_year": 162.13,
            "eps_4q": 1.27,
            "eps_4q_growth_year": 154,
            "roe": 1.9,
            "roe_4q": 4.67,
            "gross_profit": 131555,
            "gross_margin": 32.24,
            "gross_margin_4q_avg": 32.12,
            "net_income": 25018,
            "revenue": 408029,
            "common_shares": 477742,
            "book_valuer_per_share": 27.82,
            "book_valuer_per_share_4q_avg": 27.44,
            "equity": 1328964,
            "current_ratio": 425.07,
            "debt_ratio": 17.63,
            "inventory_turnover_ratio": 0.78,
            "account_receivable_turnover_ratio": 2.03,
            "reinvestment_rate": 13.95,
            "research_to_sale_ratio": 15.39,
            "price_fair": 26.51,
            "eps_avg_yearly": 0.76,
            "eps_latest_yearly": 2.08,
            "eps_growth_yearly": 284.35
        },
        "20211": {
            "year_quarter": 20211,
            "year": 2021,
            "quarter": 1,
            "eps": 0.7,
            "eps_growth_year": 483.33,
            "eps_4q": 1.84,
            "eps_4q_growth_year": 224.74,
            "roe": 2.44,
            "roe_4q": 6.69,
            "gross_profit": 148110,
            "gross_margin": 34.5,
            "gross_margin_4q_avg": 33.02,
            "net_income": 32811,
            "revenue": 429354,
            "common_shares": 477742,
            "book_valuer_per_share": 28.57,
            "book_valuer_per_share_4q_avg": 27.83,
            "equity": 1364695,
            "current_ratio": 405.36,
            "debt_ratio": 18.94,
            "inventory_turnover_ratio": 0.82,
            "account_receivable_turnover_ratio": 1.97,
            "reinvestment_rate": 3.97,
            "research_to_sale_ratio": 15.2,
            "price_fair": 32.29,
            "eps_avg_yearly": 0.92,
            "eps_latest_yearly": 2.8,
            "eps_growth_yearly": 316.42
        },
        "20212": {
            "year_quarter": 20212,
            "year": 2021,
            "quarter": 2,
            "eps": 1.6,
            "eps_growth_year": 566.67,
            "eps_4q": 3.18,
            "eps_4q_growth_year": 324.07,
            "roe": 5.4,
            "roe_4q": 11.22,
            "gross_profit": 208520,
            "gross_margin": 40.42,
            "gross_margin_4q_avg": 35.31,
            "net_income": 74994,
            "revenue": 515937,
            "common_shares": 477742,
            "book_valuer_per_share": 29.57,
            "book_valuer_per_share_4q_avg": 28.41,
            "equity": 1412745,
            "current_ratio": 363.46,
            "debt_ratio": 20.86,
            "inventory_turnover_ratio": 0.88,
            "account_receivable_turnover_ratio": 2.1,
            "reinvestment_rate": -14.25,
            "research_to_sale_ratio": 13.82,
            "price_fair": 45.85,
            "eps_avg_yearly": 1.31,
            "eps_latest_yearly": 6.4,
            "eps_growth_yearly": 342.31
        },
        "20213": {
            "year_quarter": 20213,
            "year": 2021,
            "quarter": 3,
            "eps": 2.04,
            "eps_growth_year": 397.56,
            "eps_4q": 4.5,
            "eps_4q_growth_year": 370.55,
            "roe": 7.16,
            "roe_4q": 16.9,
            "gross_profit": 260468,
            "gross_margin": 44.26,
            "gross_margin_4q_avg": 37.86,
            "net_income": 105179,
            "revenue": 588447,
            "common_shares": 528646,
            "book_valuer_per_share": 28.82,
            "book_valuer_per_share_4q_avg": 28.7,
            "equity": 1523577,
            "current_ratio": 325.3,
            "debt_ratio": 23.87,
            "inventory_turnover_ratio": 0.89,
            "account_receivable_turnover_ratio": 1.88,
            "reinvestment_rate": -9.4,
            "research_to_sale_ratio": 14.05,
            "price_fair": 60.9,
            "eps_avg_yearly": 1.74,
            "eps_latest_yearly": 8.16,
            "eps_growth_yearly": 214.19
        },
        "20214": {
            "year_quarter": 20214,
            "year": 2021,
            "quarter": 4,
            "eps": 2.19,
            "eps_growth_year": 318.99,
            "eps_4q": 6.22,
            "eps_4q_growth_year": 391.34,
            "roe": 7.32,
            "roe_4q": 22.320000000000004,
            "gross_profit": 264861,
            "gross_margin": 44.09,
            "gross_margin_4q_avg": 40.82,
            "net_income": 115993,
            "revenue": 600745,
            "common_shares": 528646,
            "book_valuer_per_share": 31.17,
            "book_valuer_per_share_4q_avg": 29.53,
            "equity": 1647553,
            "current_ratio": 330.98,
            "debt_ratio": 24.16,
            "inventory_turnover_ratio": 0.79,
            "account_receivable_turnover_ratio": 1.74,
            "reinvestment_rate": 10.13,
            "research_to_sale_ratio": 14.24,
            "price_fair": 79.71,
            "eps_avg_yearly": 2.28,
            "eps_latest_yearly": 8.76,
            "eps_growth_yearly": 237.9
        },
        "20221": {
            "year_quarter": 20221,
            "year": 2022,
            "quarter": 1,
            "eps": 1.81,
            "eps_growth_year": 158.57,
            "eps_4q": 7.38,
            "eps_4q_growth_year": 301.23,
            "roe": 5.52,
            "roe_4q": 25.4,
            "gross_profit": 230817,
            "gross_margin": 42.07,
            "gross_margin_4q_avg": 42.71,
            "net_income": 93957,
            "revenue": 548702,
            "common_shares": 528646,
            "book_valuer_per_share": 33.21,
            "book_valuer_per_share_4q_avg": 30.69,
            "equity": 1755389,
            "current_ratio": 330.89,
            "debt_ratio": 24.29,
            "inventory_turnover_ratio": 0.6,
            "account_receivable_turnover_ratio": 1.76,
            "reinvestment_rate": 10.3,
            "research_to_sale_ratio": 15.45,
            "price_fair": 94.5,
            "eps_avg_yearly": 2.7,
            "eps_latest_yearly": 7.24,
            "eps_growth_yearly": 183.56
        },
        "20222": {
            "year_quarter": 20222,
            "year": 2022,
            "quarter": 2,
            "eps": 1.01,
            "eps_growth_year": -36.88,
            "eps_4q": 6.57,
            "eps_4q_growth_year": 106.72,
            "roe": 3.31,
            "roe_4q": 23.31,
            "gross_profit": 201279,
            "gross_margin": 41.81,
            "gross_margin_4q_avg": 43.06,
            "net_income": 56160,
            "revenue": 481412,
            "common_shares": 528101,
            "book_valuer_per_share": 31.01,
            "book_valuer_per_share_4q_avg": 31.05,
            "equity": 1637794,
            "current_ratio": 265.07,
            "debt_ratio": 29.05,
            "inventory_turnover_ratio": 0.41,
            "account_receivable_turnover_ratio": 1.76,
            "reinvestment_rate": 20.56,
            "research_to_sale_ratio": 16.48,
            "price_fair": 100.1,
            "eps_avg_yearly": 2.86,
            "eps_latest_yearly": 4.04,
            "eps_growth_yearly": 120.43
        },
        "20223": {
            "year_quarter": 20223,
            "year": 2022,
            "quarter": 3,
            "eps": 0.19,
            "eps_growth_year": -90.69,
            "eps_4q": 4.9,
            "eps_4q_growth_year": 8.83,
            "roe": 0.65,
            "roe_4q": 16.8,
            "gross_profit": 124493,
            "gross_margin": 39.33,
            "gross_margin_4q_avg": 41.83,
            "net_income": 10669,
            "revenue": 316540,
            "common_shares": 564888,
            "book_valuer_per_share": 29.31,
            "book_valuer_per_share_4q_avg": 31.18,
            "equity": 1655442,
            "current_ratio": 447.25,
            "debt_ratio": 16.87,
            "inventory_turnover_ratio": 0.23,
            "account_receivable_turnover_ratio": 1.46,
            "reinvestment_rate": 17.19,
            "research_to_sale_ratio": 23.37,
            "price_fair": 99.58,
            "eps_avg_yearly": 2.85,
            "eps_latest_yearly": 0.76,
            "eps_growth_yearly": 108.24
        },
        "20224": {
            "year_quarter": 20224,
            "year": 2022,
            "quarter": 4,
            "eps": -0.15,
            "eps_growth_year": -106.75,
            "eps_4q": 2.68,
            "eps_4q_growth_year": -56.96,
            "roe": -0.51,
            "roe_4q": 8.969999999999999,
            "gross_profit": 106559,
            "gross_margin": 37.36,
            "gross_margin_4q_avg": 40.14,
            "net_income": -8423,
            "revenue": 285223,
            "common_shares": 568838,
            "book_valuer_per_share": 29.06,
            "book_valuer_per_share_4q_avg": 30.65,
            "equity": 1652951,
            "current_ratio": 583.9,
            "debt_ratio": 12.65,
            "inventory_turnover_ratio": 0.21,
            "account_receivable_turnover_ratio": 1.6,
            "reinvestment_rate": 19.07,
            "research_to_sale_ratio": 26.26,
            "price_fair": 105.75,
            "eps_avg_yearly": 3.02,
            "eps_latest_yearly": 0.76,
            "eps_growth_yearly": 136.79
        },
        "20231": {
            "year_quarter": 20231,
            "year": 2023,
            "quarter": 1,
            "eps": -0.3,
            "eps_growth_year": -116.57,
            "eps_4q": 0.73,
            "eps_4q_growth_year": -90.07,
            "roe": -1.02,
            "roe_4q": 2.43,
            "gross_profit": 78252,
            "gross_margin": 36.24,
            "gross_margin_4q_avg": 38.69,
            "net_income": -16737,
            "revenue": 215946,
            "common_shares": 568528,
            "book_valuer_per_share": 28.85,
            "book_valuer_per_share_4q_avg": 29.56,
            "equity": 1640485,
            "current_ratio": 725.11,
            "debt_ratio": 10.21,
            "inventory_turnover_ratio": 0.17,
            "account_receivable_turnover_ratio": 1.39,
            "reinvestment_rate": 16.73,
            "research_to_sale_ratio": 28.07,
            "price_fair": 112.8,
            "eps_avg_yearly": 3.22,
            "eps_latest_yearly": 0.76,
            "eps_growth_yearly": 146.56
        }
    },
    "months": {
        "2007-10": {
            "month": "2007-10",
            "price": "138.44",
            "revenue": 80536
        },
        "2007-11": {
            "month": "2007-11",
            "price": "118.21",
            "revenue": 63290
        },
        "2007-12": {
            "month": "2007-12",
            "price": "111.38",
            "revenue": 58695
        },
        "2008-01": {
            "month": "2008-01",
            "price": "108.56",
            "revenue": 50174
        },
        "2008-02": {
            "month": "2008-02",
            "price": "85.59",
            "revenue": 50309
        },
        "2008-03": {
            "month": "2008-03",
            "price": "90.31",
            "revenue": 65444
        },
        "2008-04": {
            "month": "2008-04",
            "price": "97.09",
            "revenue": 76263
        },
        "2008-05": {
            "month": "2008-05",
            "price": "117.47",
            "revenue": 86690
        },
        "2008-06": {
            "month": "2008-06",
            "price": "115.06",
            "revenue": 89368
        },
        "2008-07": {
            "month": "2008-07",
            "price": "106.04",
            "revenue": 90076
        },
        "2008-08": {
            "month": "2008-08",
            "price": "97.68",
            "revenue": 86952
        },
        "2008-09": {
            "month": "2008-09",
            "price": "71.23",
            "revenue": 90112
        },
        "2008-10": {
            "month": "2008-10",
            "price": "55.19",
            "revenue": 83024
        },
        "2008-11": {
            "month": "2008-11",
            "price": "40.95",
            "revenue": 56195
        },
        "2008-12": {
            "month": "2008-12",
            "price": "37.83",
            "revenue": 23096
        },
        "2009-01": {
            "month": "2009-01",
            "price": "42.21",
            "revenue": 30309
        },
        "2009-02": {
            "month": "2009-02",
            "price": "47.31",
            "revenue": 35095
        },
        "2009-03": {
            "month": "2009-03",
            "price": "60.72",
            "revenue": 47797
        },
        "2009-04": {
            "month": "2009-04",
            "price": "77.34",
            "revenue": 69484
        },
        "2009-05": {
            "month": "2009-05",
            "price": "103.21",
            "revenue": 76085
        },
        "2009-06": {
            "month": "2009-06",
            "price": "116.72",
            "revenue": 92119
        },
        "2009-07": {
            "month": "2009-07",
            "price": "193.62",
            "revenue": 97518
        },
        "2009-08": {
            "month": "2009-08",
            "price": "229.42",
            "revenue": 106726
        },
        "2009-09": {
            "month": "2009-09",
            "price": "197.89",
            "revenue": 115719
        },
        "2009-10": {
            "month": "2009-10",
            "price": "183.07",
            "revenue": 116482
        },
        "2009-11": {
            "month": "2009-11",
            "price": "174.00",
            "revenue": 101302
        },
        "2009-12": {
            "month": "2009-12",
            "price": "177.85",
            "revenue": 83475
        },
        "2010-01": {
            "month": "2010-01",
            "price": "192.85",
            "revenue": 95264
        },
        "2010-02": {
            "month": "2010-02",
            "price": "166.89",
            "revenue": 92632
        },
        "2010-03": {
            "month": "2010-03",
            "price": "174.20",
            "revenue": 102663
        },
        "2010-04": {
            "month": "2010-04",
            "price": "176.33",
            "revenue": 113505
        },
        "2010-05": {
            "month": "2010-05",
            "price": "161.93",
            "revenue": 120228
        },
        "2010-06": {
            "month": "2010-06",
            "price": "150.57",
            "revenue": 125201
        },
        "2010-07": {
            "month": "2010-07",
            "price": "156.20",
            "revenue": 125302
        },
        "2010-08": {
            "month": "2010-08",
            "price": "147.30",
            "revenue": 105232
        },
        "2010-09": {
            "month": "2010-09",
            "price": "139.24",
            "revenue": 101568
        },
        "2010-10": {
            "month": "2010-10",
            "price": "126.67",
            "revenue": 100046
        },
        "2010-11": {
            "month": "2010-11",
            "price": "125.00",
            "revenue": 85070
        },
        "2010-12": {
            "month": "2010-12",
            "price": "130.07",
            "revenue": 75332
        },
        "2011-01": {
            "month": "2011-01",
            "price": "126.82",
            "revenue": 84273
        },
        "2011-02": {
            "month": "2011-02",
            "price": "112.75",
            "revenue": 75850
        },
        "2011-03": {
            "month": "2011-03",
            "price": "113.24",
            "revenue": 90026
        },
        "2011-04": {
            "month": "2011-04",
            "price": "107.26",
            "revenue": 90121
        },
        "2011-05": {
            "month": "2011-05",
            "price": "99.24",
            "revenue": 88589
        },
        "2011-06": {
            "month": "2011-06",
            "price": "93.36",
            "revenue": 75087
        },
        "2011-07": {
            "month": "2011-07",
            "price": "78.68",
            "revenue": 84405
        },
        "2011-08": {
            "month": "2011-08",
            "price": "59.91",
            "revenue": 88664
        },
        "2011-09": {
            "month": "2011-09",
            "price": "64.13",
            "revenue": 84160
        },
        "2011-10": {
            "month": "2011-10",
            "price": "67.00",
            "revenue": 72136
        },
        "2011-11": {
            "month": "2011-11",
            "price": "58.44",
            "revenue": 70043
        },
        "2011-12": {
            "month": "2011-12",
            "price": "43.46",
            "revenue": 70307
        },
        "2012-01": {
            "month": "2012-01",
            "price": "45.09",
            "revenue": 78517
        },
        "2012-02": {
            "month": "2012-02",
            "price": "59.76",
            "revenue": 78017
        },
        "2012-03": {
            "month": "2012-03",
            "price": "57.67",
            "revenue": 93542
        },
        "2012-04": {
            "month": "2012-04",
            "price": "50.20",
            "revenue": 95033
        },
        "2012-05": {
            "month": "2012-05",
            "price": "51.66",
            "revenue": 100647
        },
        "2012-06": {
            "month": "2012-06",
            "price": "49.55",
            "revenue": 92125
        },
        "2012-07": {
            "month": "2012-07",
            "price": "52.01",
            "revenue": 103088
        },
        "2012-08": {
            "month": "2012-08",
            "price": "54.38",
            "revenue": 104052
        },
        "2012-09": {
            "month": "2012-09",
            "price": "57.59",
            "revenue": 98231
        },
        "2012-10": {
            "month": "2012-10",
            "price": "52.21",
            "revenue": 93041
        },
        "2012-11": {
            "month": "2012-11",
            "price": "44.36",
            "revenue": 78044
        },
        "2012-12": {
            "month": "2012-12",
            "price": "47.09",
            "revenue": 68034
        },
        "2013-01": {
            "month": "2013-01",
            "price": "47.47",
            "revenue": 80236
        },
        "2013-02": {
            "month": "2013-02",
            "price": "46.70",
            "revenue": 75012
        },
        "2013-03": {
            "month": "2013-03",
            "price": "47.27",
            "revenue": 80233
        },
        "2013-04": {
            "month": "2013-04",
            "price": "44.94",
            "revenue": 86194
        },
        "2013-05": {
            "month": "2013-05",
            "price": "47.10",
            "revenue": 95133
        },
        "2013-06": {
            "month": "2013-06",
            "price": "45.98",
            "revenue": 88308
        },
        "2013-07": {
            "month": "2013-07",
            "price": "43.62",
            "revenue": 90586
        },
        "2013-08": {
            "month": "2013-08",
            "price": "41.73",
            "revenue": 96207
        },
        "2013-09": {
            "month": "2013-09",
            "price": "40.78",
            "revenue": 98251
        },
        "2013-10": {
            "month": "2013-10",
            "price": "39.14",
            "revenue": 93118
        },
        "2013-11": {
            "month": "2013-11",
            "price": "36.22",
            "revenue": 90274
        },
        "2013-12": {
            "month": "2013-12",
            "price": "37.02",
            "revenue": 88406
        },
        "2014-01": {
            "month": "2014-01",
            "price": "39.08",
            "revenue": 84201
        },
        "2014-02": {
            "month": "2014-02",
            "price": "39.63",
            "revenue": 80062
        },
        "2014-03": {
            "month": "2014-03",
            "price": "52.45",
            "revenue": 87765
        },
        "2014-04": {
            "month": "2014-04",
            "price": "48.51",
            "revenue": 90246
        },
        "2014-05": {
            "month": "2014-05",
            "price": "47.19",
            "revenue": 94556
        },
        "2014-06": {
            "month": "2014-06",
            "price": "58.69",
            "revenue": 88534
        },
        "2014-07": {
            "month": "2014-07",
            "price": "57.17",
            "revenue": 95274
        },
        "2014-08": {
            "month": "2014-08",
            "price": "54.53",
            "revenue": 98390
        },
        "2014-09": {
            "month": "2014-09",
            "price": "50.41",
            "revenue": 98454
        },
        "2014-10": {
            "month": "2014-10",
            "price": "42.92",
            "revenue": 90005
        },
        "2014-11": {
            "month": "2014-11",
            "price": "39.18",
            "revenue": 88031
        },
        "2014-12": {
            "month": "2014-12",
            "price": "41.25",
            "revenue": 77608
        },
        "2015-01": {
            "month": "2015-01",
            "price": "41.46",
            "revenue": 82023
        },
        "2015-02": {
            "month": "2015-02",
            "price": "39.53",
            "revenue": 70006
        },
        "2015-03": {
            "month": "2015-03",
            "price": "42.39",
            "revenue": 85005
        },
        "2015-04": {
            "month": "2015-04",
            "price": "40.62",
            "revenue": 85205
        },
        "2015-05": {
            "month": "2015-05",
            "price": "37.27",
            "revenue": 88029
        },
        "2015-06": {
            "month": "2015-06",
            "price": "34.54",
            "revenue": 85045
        },
        "2015-07": {
            "month": "2015-07",
            "price": "30.70",
            "revenue": 94003
        },
        "2015-08": {
            "month": "2015-08",
            "price": "24.75",
            "revenue": 92255
        },
        "2015-09": {
            "month": "2015-09",
            "price": "24.97",
            "revenue": 92259
        },
        "2015-10": {
            "month": "2015-10",
            "price": "27.97",
            "revenue": 91054
        },
        "2015-11": {
            "month": "2015-11",
            "price": "29.37",
            "revenue": 88001
        },
        "2015-12": {
            "month": "2015-12",
            "price": "30.27",
            "revenue": 86100
        },
        "2016-01": {
            "month": "2016-01",
            "price": "26.89",
            "revenue": 98173
        },
        "2016-02": {
            "month": "2016-02",
            "price": "29.37",
            "revenue": 80276
        },
        "2016-03": {
            "month": "2016-03",
            "price": "30.76",
            "revenue": 94381
        },
        "2016-04": {
            "month": "2016-04",
            "price": "29.67",
            "revenue": 93149
        },
        "2016-05": {
            "month": "2016-05",
            "price": "28.44",
            "revenue": 95177
        },
        "2016-06": {
            "month": "2016-06",
            "price": "29.29",
            "revenue": 94091
        },
        "2016-07": {
            "month": "2016-07",
            "price": "30.17",
            "revenue": 107346
        },
        "2016-08": {
            "month": "2016-08",
            "price": "29.50",
            "revenue": 126193
        },
        "2016-09": {
            "month": "2016-09",
            "price": "35.03",
            "revenue": 132200
        },
        "2016-10": {
            "month": "2016-10",
            "price": "38.29",
            "revenue": 102316
        },
        "2016-11": {
            "month": "2016-11",
            "price": "33.28",
            "revenue": 110362
        },
        "2016-12": {
            "month": "2016-12",
            "price": "34.56",
            "revenue": 90101
        },
        "2017-01": {
            "month": "2017-01",
            "price": "34.68",
            "revenue": 82338
        },
        "2017-02": {
            "month": "2017-02",
            "price": "35.15",
            "revenue": 70066
        },
        "2017-03": {
            "month": "2017-03",
            "price": "33.53",
            "revenue": 82678
        },
        "2017-04": {
            "month": "2017-04",
            "price": "30.94",
            "revenue": 82696
        },
        "2017-05": {
            "month": "2017-05",
            "price": "30.00",
            "revenue": 83603
        },
        "2017-06": {
            "month": "2017-06",
            "price": "29.39",
            "revenue": 85676
        },
        "2017-07": {
            "month": "2017-07",
            "price": "28.57",
            "revenue": 99001
        },
        "2017-08": {
            "month": "2017-08",
            "price": "28.22",
            "revenue": 96299
        },
        "2017-09": {
            "month": "2017-09",
            "price": "28.70",
            "revenue": 98827
        },
        "2017-10": {
            "month": "2017-10",
            "price": "28.66",
            "revenue": 80207
        },
        "2017-11": {
            "month": "2017-11",
            "price": "29.30",
            "revenue": 90082
        },
        "2017-12": {
            "month": "2017-12",
            "price": "26.10",
            "revenue": 72013
        },
        "2018-01": {
            "month": "2018-01",
            "price": "27.24",
            "revenue": 82635
        },
        "2018-02": {
            "month": "2018-02",
            "price": "25.15",
            "revenue": 70197
        },
        "2018-03": {
            "month": "2018-03",
            "price": "25.58",
            "revenue": 87464
        },
        "2018-04": {
            "month": "2018-04",
            "price": "27.49",
            "revenue": 93381
        },
        "2018-05": {
            "month": "2018-05",
            "price": "26.66",
            "revenue": 96188
        },
        "2018-06": {
            "month": "2018-06",
            "price": "28.29",
            "revenue": 96263
        },
        "2018-07": {
            "month": "2018-07",
            "price": "27.33",
            "revenue": 96020
        },
        "2018-08": {
            "month": "2018-08",
            "price": "26.61",
            "revenue": 102649
        },
        "2018-09": {
            "month": "2018-09",
            "price": "25.14",
            "revenue": 97249
        },
        "2018-10": {
            "month": "2018-10",
            "price": "21.65",
            "revenue": 87150
        },
        "2018-11": {
            "month": "2018-11",
            "price": "20.63",
            "revenue": 89203
        },
        "2018-12": {
            "month": "2018-12",
            "price": "20.95",
            "revenue": 82039
        },
        "2019-01": {
            "month": "2019-01",
            "price": "20.75",
            "revenue": 84191
        },
        "2019-02": {
            "month": "2019-02",
            "price": "22.03",
            "revenue": 72125
        },
        "2019-03": {
            "month": "2019-03",
            "price": "22.42",
            "revenue": 80503
        },
        "2019-04": {
            "month": "2019-04",
            "price": "25.10",
            "revenue": 81018
        },
        "2019-05": {
            "month": "2019-05",
            "price": "22.66",
            "revenue": 83390
        },
        "2019-06": {
            "month": "2019-06",
            "price": "22.42",
            "revenue": 86125
        },
        "2019-07": {
            "month": "2019-07",
            "price": "23.48",
            "revenue": 90572
        },
        "2019-08": {
            "month": "2019-08",
            "price": "23.66",
            "revenue": 91770
        },
        "2019-09": {
            "month": "2019-09",
            "price": "24.14",
            "revenue": 92409
        },
        "2019-10": {
            "month": "2019-10",
            "price": "24.78",
            "revenue": 93758
        },
        "2019-11": {
            "month": "2019-11",
            "price": "26.22",
            "revenue": 95479
        },
        "2019-12": {
            "month": "2019-12",
            "price": "29.51",
            "revenue": 97050
        },
        "2020-01": {
            "month": "2020-01",
            "price": "30.55",
            "revenue": 95450
        },
        "2020-02": {
            "month": "2020-02",
            "price": "28.04",
            "revenue": 90424
        },
        "2020-03": {
            "month": "2020-03",
            "price": "24.92",
            "revenue": 107317
        },
        "2020-04": {
            "month": "2020-04",
            "price": "27.20",
            "revenue": 116103
        },
        "2020-05": {
            "month": "2020-05",
            "price": "31.54",
            "revenue": 119420
        },
        "2020-06": {
            "month": "2020-06",
            "price": "34.43",
            "revenue": 121033
        },
        "2020-07": {
            "month": "2020-07",
            "price": "40.13",
            "revenue": 125644
        },
        "2020-08": {
            "month": "2020-08",
            "price": "38.23",
            "revenue": 120202
        },
        "2020-09": {
            "month": "2020-09",
            "price": "36.01",
            "revenue": 142976
        },
        "2020-10": {
            "month": "2020-10",
            "price": "39.63",
            "revenue": 125551
        },
        "2020-11": {
            "month": "2020-11",
            "price": "42.67",
            "revenue": 139127
        },
        "2020-12": {
            "month": "2020-12",
            "price": "57.14",
            "revenue": 143352
        },
        "2021-01": {
            "month": "2021-01",
            "price": "63.24",
            "revenue": 151684
        },
        "2021-02": {
            "month": "2021-02",
            "price": "61.28",
            "revenue": 125250
        },
        "2021-03": {
            "month": "2021-03",
            "price": "70.47",
            "revenue": 152420
        },
        "2021-04": {
            "month": "2021-04",
            "price": "85.81",
            "revenue": 165969
        },
        "2021-05": {
            "month": "2021-05",
            "price": "67.88",
            "revenue": 172462
        },
        "2021-06": {
            "month": "2021-06",
            "price": "84.89",
            "revenue": 177505
        },
        "2021-07": {
            "month": "2021-07",
            "price": "114.05",
            "revenue": 185632
        },
        "2021-08": {
            "month": "2021-08",
            "price": "123.45",
            "revenue": 195607
        },
        "2021-09": {
            "month": "2021-09",
            "price": "130.90",
            "revenue": 207209
        },
        "2021-10": {
            "month": "2021-10",
            "price": "121.38",
            "revenue": 210105
        },
        "2021-11": {
            "month": "2021-11",
            "price": "150.59",
            "revenue": 200385
        },
        "2021-12": {
            "month": "2021-12",
            "price": "148.98",
            "revenue": 190256
        },
        "2022-01": {
            "month": "2022-01",
            "price": "136.44",
            "revenue": 198716
        },
        "2022-02": {
            "month": "2022-02",
            "price": "141.67",
            "revenue": 166895
        },
        "2022-03": {
            "month": "2022-03",
            "price": "138.83",
            "revenue": 183091
        },
        "2022-04": {
            "month": "2022-04",
            "price": "116.66",
            "revenue": 173171
        },
        "2022-05": {
            "month": "2022-05",
            "price": "105.95",
            "revenue": 174245
        },
        "2022-06": {
            "month": "2022-06",
            "price": "102.81",
            "revenue": 133996
        },
        "2022-07": {
            "month": "2022-07",
            "price": "78.90",
            "revenue": 110149
        },
        "2022-08": {
            "month": "2022-08",
            "price": "66.77",
            "revenue": 102656
        },
        "2022-09": {
            "month": "2022-09",
            "price": "57.12",
            "revenue": 103735
        },
        "2022-10": {
            "month": "2022-10",
            "price": "48.88",
            "revenue": 96119
        },
        "2022-11": {
            "month": "2022-11",
            "price": "62.40",
            "revenue": 97871
        },
        "2022-12": {
            "month": "2022-12",
            "price": "58.11",
            "revenue": 91233
        },
        "2023-01": {
            "month": "2023-01",
            "price": "56.52",
            "revenue": 65039
        },
        "2023-02": {
            "month": "2023-02",
            "price": "64.97",
            "revenue": 70193
        },
        "2023-03": {
            "month": "2023-03",
            "price": "62.18",
            "revenue": 80715
        },
        "2023-04": {
            "month": "2023-04",
            "price": "61.61",
            "revenue": 85216
        },
        "2023-05": {
            "month": "2023-05",
            "price": "54.73",
            "revenue": 88090
        }
    }
}
