{
    "summary": {
        "stock_name": "艾笛森",
        "stock_id": "3591",
        "category": "光電",
        "main_business": "LED照明元件模組、LED車用照明模組及光傳輸元件之研發製造銷售",
        "website_url": "http://www.edison-opto.com",
        "ceo": "吳建榮",
        "pe_ratio": 100,
        "report_year_from": 2007,
        "report_year_to": 2023,
        "age": 17,
        "eps_negative_percentage": 35,
        "eps_growth_avg": {
            "last_all": -20.58,
            "last_2y": 25,
            "last_4y": -6.25,
            "last_8y": -6.25,
            "last_12y": -39.77,
            "last_16y": null,
            "last_20y": null,
            "at_2006_last_3y": null,
            "at_2007_last_3y": null,
            "at_2008_last_3y": null,
            "at_2009_last_3y": null,
            "at_2010_last_3y": null,
            "at_2011_last_3y": 1.6,
            "at_2012_last_3y": -10.46,
            "at_2013_last_3y": -60.46,
            "at_2014_last_3y": -84.47,
            "at_2015_last_3y": -93.58,
            "at_2016_last_3y": -100,
            "at_2017_last_3y": null,
            "at_2018_last_3y": null,
            "at_2019_last_3y": -100,
            "at_2020_last_3y": -100,
            "at_2021_last_3y": 0,
            "at_2022_last_3y": -26.67,
            "at_2023_last_3y": 25,
            "at_2024_last_3y": 25,
            "at_2006_last_all": null,
            "at_2007_last_all": null,
            "at_2008_last_all": null,
            "at_2009_last_all": 30.54,
            "at_2010_last_all": 24.22,
            "at_2011_last_all": 1.6,
            "at_2012_last_all": -16.15,
            "at_2013_last_all": -30.13,
            "at_2014_last_all": -30.13,
            "at_2015_last_all": -30.13,
            "at_2016_last_all": -30.13,
            "at_2017_last_all": -30.13,
            "at_2018_last_all": -30.13,
            "at_2019_last_all": -40.11,
            "at_2020_last_all": -40.11,
            "at_2021_last_all": -22.59,
            "at_2022_last_all": -28.97,
            "at_2023_last_all": -20.58,
            "at_2024_last_all": -20.58
        },
        "latest_eps": 0.1,
        "latest_price": 27.1,
        "latest_roe": 0.38,
        "latest_gross_margin": 24.82,
        "latest_equity": 2999837,
        "latest_revenue": 532286,
        "latest_gross_profit": 132125,
        "latest_net_income": 14795,
        "latest_debt_ratio": 19.6,
        "latest_current_ratio": 343.52,
        "latest_account_receivable_turnover_ratio": 1.2,
        "latest_inventory_turnover_ratio": 1.32,
        "latest_reinvestment_rate": null,
        "latest_research_to_sale_ratio": 6.1
    },
    "eps_dividends": {
        "2001": {
            "cash": 0,
            "stock": 0,
            "eps": 0
        },
        "2002": {
            "cash": 0,
            "stock": 0,
            "eps": 0
        },
        "2003": {
            "cash": 0,
            "stock": 0,
            "eps": 0
        },
        "2004": {
            "cash": 0,
            "stock": 0,
            "eps": 0
        },
        "2005": {
            "cash": 0,
            "stock": 0,
            "eps": 0
        },
        "2006": {
            "cash": 0,
            "stock": 0,
            "eps": 0
        },
        "2007": {
            "cash": 0,
            "stock": 0,
            "eps": 2.21
        },
        "2008": {
            "cash": 1,
            "stock": 2,
            "eps": 1.35
        },
        "2009": {
            "cash": 1,
            "stock": 2.02,
            "eps": 5.79
        },
        "2010": {
            "cash": 3,
            "stock": 1.5,
            "eps": 6.46
        },
        "2011": {
            "cash": 6.51,
            "stock": 2,
            "eps": 2.18
        },
        "2012": {
            "cash": 0,
            "stock": 0,
            "eps": 0.28
        },
        "2013": {
            "cash": 0.83,
            "stock": 0,
            "eps": -1.42
        },
        "2014": {
            "cash": 0.45,
            "stock": 0,
            "eps": -0.32
        },
        "2015": {
            "cash": 0.3,
            "stock": 0,
            "eps": -1.09
        },
        "2016": {
            "cash": 0.32,
            "stock": 0,
            "eps": -0.7
        },
        "2017": {
            "cash": 0,
            "stock": 0,
            "eps": -1.56
        },
        "2018": {
            "cash": 0,
            "stock": 0,
            "eps": 0.29
        },
        "2019": {
            "cash": 0.3,
            "stock": 0,
            "eps": -2.36
        },
        "2020": {
            "cash": 0.1,
            "stock": 0,
            "eps": 0.36
        },
        "2021": {
            "cash": 0.33,
            "stock": 0,
            "eps": 1
        },
        "2022": {
            "cash": 0.28,
            "stock": 0.52,
            "eps": 0.2
        },
        "2023": {
            "cash": 0.31,
            "stock": 0,
            "eps": 0.31
        }
    },
    "dividends": {
        "2008-03-28": {
            "cash": 1,
            "stock": 2
        },
        "2009-03-25": {
            "cash": 1,
            "stock": 2.02
        },
        "2010-03-12": {
            "cash": 3,
            "stock": 1.5
        },
        "2011-01-01": {
            "cash": 3.01,
            "stock": 0.5
        },
        "2011-03-03": {
            "cash": 3.5,
            "stock": 1.5
        },
        "2013-03-22": {
            "cash": 0.83,
            "stock": 0
        },
        "2014-08-29": {
            "cash": 0.45,
            "stock": 0
        },
        "2015-08-26": {
            "cash": 0.3,
            "stock": 0
        },
        "2016-08-22": {
            "cash": 0.32,
            "stock": 0
        },
        "2019-08-16": {
            "cash": 0.3,
            "stock": 0
        },
        "2020-07-30": {
            "cash": 0.1,
            "stock": 0
        },
        "2021-09-08": {
            "cash": 0.33,
            "stock": 0
        },
        "2022-09-28": {
            "cash": 0.28,
            "stock": 0.52
        },
        "2023-08-03": {
            "cash": 0.31,
            "stock": 0
        }
    },
    "prices": {
        "200101": "無",
        "200102": "無",
        "200103": "無",
        "200104": "無",
        "200105": "無",
        "200106": "無",
        "200107": "無",
        "200108": "無",
        "200109": "無",
        "200110": "無",
        "200111": "無",
        "200112": "無",
        "200201": "無",
        "200202": "無",
        "200203": "無",
        "200204": "無",
        "200205": "無",
        "200206": "無",
        "200207": "無",
        "200208": "無",
        "200209": "無",
        "200210": "無",
        "200211": "無",
        "200212": "無",
        "200301": "無",
        "200302": "無",
        "200303": "無",
        "200304": "無",
        "200305": "無",
        "200306": "無",
        "200307": "無",
        "200308": "無",
        "200309": "無",
        "200310": "無",
        "200311": "無",
        "200312": "無",
        "200401": "無",
        "200402": "無",
        "200403": "無",
        "200404": "無",
        "200405": "無",
        "200406": "無",
        "200407": "無",
        "200408": "無",
        "200409": "無",
        "200410": "無",
        "200411": "無",
        "200412": "無",
        "200501": "無",
        "200502": "無",
        "200503": "無",
        "200504": "無",
        "200505": "無",
        "200506": "無",
        "200507": "無",
        "200508": "無",
        "200509": "無",
        "200510": "無",
        "200511": "無",
        "200512": "無",
        "200601": "無",
        "200602": "無",
        "200603": "無",
        "200604": "無",
        "200605": "無",
        "200606": "無",
        "200607": "無",
        "200608": "無",
        "200609": "無",
        "200610": "無",
        "200611": "無",
        "200612": "無",
        "200701": "無",
        "200702": "無",
        "200703": "無",
        "200704": "無",
        "200705": "無",
        "200706": "無",
        "200707": "無",
        "200708": "無",
        "200709": "無",
        "200710": "141.94",
        "200711": "144.63",
        "200712": "142.15",
        "200801": "135.50",
        "200802": "128.02",
        "200803": "119.23",
        "200804": "109.30",
        "200805": "104.09",
        "200806": "101.89",
        "200807": "93.64",
        "200808": "80.81",
        "200809": "65.44",
        "200810": "39.50",
        "200811": "28.67",
        "200812": "28.96",
        "200901": "27.01",
        "200902": "28.90",
        "200903": "40.40",
        "200904": "53.12",
        "200905": "72.29",
        "200906": "75.56",
        "200907": "89.37",
        "200908": "89.30",
        "200909": "98.75",
        "200910": "128.55",
        "200911": "126.65",
        "200912": "122.85",
        "201001": "119.23",
        "201002": "115.33",
        "201003": "141.99",
        "201004": "170.58",
        "201005": "165.62",
        "201006": "164.41",
        "201007": "157.66",
        "201008": "158.82",
        "201009": "151.97",
        "201010": "142.37",
        "201011": "151.69",
        "201012": "179.37",
        "201101": "168.70",
        "201102": "158.18",
        "201103": "171.46",
        "201104": "160.00",
        "201105": "124.17",
        "201106": "125.69",
        "201107": "90.62",
        "201108": "62.26",
        "201109": "60.80",
        "201110": "70.70",
        "201111": "61.36",
        "201112": "54.65",
        "201201": "56.37",
        "201202": "70.90",
        "201203": "68.13",
        "201204": "62.96",
        "201205": "59.74",
        "201206": "51.37",
        "201207": "50.26",
        "201208": "44.41",
        "201209": "45.17",
        "201210": "39.17",
        "201211": "33.57",
        "201212": "36.96",
        "201301": "38.16",
        "201302": "37.18",
        "201303": "39.64",
        "201304": "36.13",
        "201305": "37.41",
        "201306": "36.35",
        "201307": "36.58",
        "201308": "35.61",
        "201309": "36.76",
        "201310": "36.35",
        "201311": "31.81",
        "201312": "32.15",
        "201401": "36.29",
        "201402": "37.81",
        "201403": "43.56",
        "201404": "39.94",
        "201405": "34.70",
        "201406": "38.03",
        "201407": "34.79",
        "201408": "31.80",
        "201409": "30.22",
        "201410": "24.59",
        "201411": "23.54",
        "201412": "25.11",
        "201501": "25.62",
        "201502": "28.40",
        "201503": "29.45",
        "201504": "28.27",
        "201505": "26.02",
        "201506": "21.63",
        "201507": "20.50",
        "201508": "19.35",
        "201509": "18.47",
        "201510": "18.63",
        "201511": "18.02",
        "201512": "17.08",
        "201601": "15.71",
        "201602": "16.19",
        "201603": "16.23",
        "201604": "15.31",
        "201605": "12.45",
        "201606": "13.20",
        "201607": "14.67",
        "201608": "13.70",
        "201609": "14.28",
        "201610": "13.65",
        "201611": "13.22",
        "201612": "13.42",
        "201701": "14.21",
        "201702": "17.67",
        "201703": "18.19",
        "201704": "17.04",
        "201705": "14.93",
        "201706": "14.50",
        "201707": "13.89",
        "201708": "13.89",
        "201709": "14.65",
        "201710": "15.54",
        "201711": "15.61",
        "201712": "15.03",
        "201801": "16.20",
        "201802": "16.09",
        "201803": "16.13",
        "201804": "15.41",
        "201805": "15.54",
        "201806": "18.66",
        "201807": "17.45",
        "201808": "16.23",
        "201809": "14.78",
        "201810": "12.72",
        "201811": "13.62",
        "201812": "14.12",
        "201901": "13.55",
        "201902": "14.22",
        "201903": "14.45",
        "201904": "16.19",
        "201905": "15.29",
        "201906": "14.71",
        "201907": "14.42",
        "201908": "13.14",
        "201909": "13.18",
        "201910": "13.12",
        "201911": "12.66",
        "201912": "13.09",
        "202001": "12.83",
        "202002": "11.57",
        "202003": "9.56",
        "202004": "11.04",
        "202005": "12.39",
        "202006": "11.38",
        "202007": "11.73",
        "202008": "11.53",
        "202009": "11.99",
        "202010": "11.78",
        "202011": "12.89",
        "202012": "15.79",
        "202101": "18.98",
        "202102": "18.14",
        "202103": "20.43",
        "202104": "23.24",
        "202105": "18.98",
        "202106": "19.62",
        "202107": "25.55",
        "202108": "24.18",
        "202109": "21.62",
        "202110": "19.99",
        "202111": "21.85",
        "202112": "23.87",
        "202201": "21.54",
        "202202": "20.90",
        "202203": "19.90",
        "202204": "18.07",
        "202205": "16.43",
        "202206": "15.95",
        "202207": "14.75",
        "202208": "17.45",
        "202209": "16.49",
        "202210": "14.62",
        "202211": "15.20",
        "202212": "16.34",
        "202301": "16.60",
        "202302": "20.69",
        "202303": "22.27",
        "202304": "23.81",
        "202305": "24.29",
        "202306": "25.60",
        "202307": "26.21",
        "202308": "25.25",
        "202309": "23.28",
        "202310": "22.89",
        "202311": "23.89",
        "202312": "24.76"
    },
    "quarters": {
        "20011": {
            "year_quarter": 20011,
            "year": 2001,
            "quarter": 1,
            "eps": null,
            "eps_growth_year": null,
            "eps_4q": null,
            "eps_4q_growth_year": null,
            "roe": null,
            "roe_4q": 0,
            "gross_profit": null,
            "gross_margin": null,
            "gross_margin_4q_avg": 0,
            "net_income": null,
            "net_income_4q": null,
            "revenue": null,
            "revenue_4q": null,
            "common_shares": null,
            "book_valuer_per_share": null,
            "book_valuer_per_share_4q_avg": 0,
            "equity": null,
            "current_ratio": null,
            "debt_ratio": null,
            "inventory_turnover_ratio": null,
            "account_receivable_turnover_ratio": null,
            "reinvestment_rate": null,
            "research_to_sale_ratio": null,
            "price_fair": 0,
            "eps_avg_yearly": 0,
            "eps_latest_yearly": 0,
            "eps_growth_yearly": 0
        },
        "20012": {
            "year_quarter": 20012,
            "year": 2001,
            "quarter": 2,
            "eps": null,
            "eps_growth_year": null,
            "eps_4q": null,
            "eps_4q_growth_year": null,
            "roe": null,
            "roe_4q": 0,
            "gross_profit": null,
            "gross_margin": null,
            "gross_margin_4q_avg": 0,
            "net_income": null,
            "net_income_4q": null,
            "revenue": null,
            "revenue_4q": null,
            "common_shares": null,
            "book_valuer_per_share": null,
            "book_valuer_per_share_4q_avg": 0,
            "equity": null,
            "current_ratio": null,
            "debt_ratio": null,
            "inventory_turnover_ratio": null,
            "account_receivable_turnover_ratio": null,
            "reinvestment_rate": null,
            "research_to_sale_ratio": null,
            "price_fair": 0,
            "eps_avg_yearly": 0,
            "eps_latest_yearly": 0,
            "eps_growth_yearly": 0
        },
        "20013": {
            "year_quarter": 20013,
            "year": 2001,
            "quarter": 3,
            "eps": null,
            "eps_growth_year": null,
            "eps_4q": null,
            "eps_4q_growth_year": null,
            "roe": null,
            "roe_4q": 0,
            "gross_profit": null,
            "gross_margin": null,
            "gross_margin_4q_avg": 0,
            "net_income": null,
            "net_income_4q": null,
            "revenue": null,
            "revenue_4q": null,
            "common_shares": null,
            "book_valuer_per_share": null,
            "book_valuer_per_share_4q_avg": 0,
            "equity": null,
            "current_ratio": null,
            "debt_ratio": null,
            "inventory_turnover_ratio": null,
            "account_receivable_turnover_ratio": null,
            "reinvestment_rate": null,
            "research_to_sale_ratio": null,
            "price_fair": 0,
            "eps_avg_yearly": 0,
            "eps_latest_yearly": 0,
            "eps_growth_yearly": 0
        },
        "20014": {
            "year_quarter": 20014,
            "year": 2001,
            "quarter": 4,
            "eps": null,
            "eps_growth_year": null,
            "eps_4q": null,
            "eps_4q_growth_year": null,
            "roe": null,
            "roe_4q": 0,
            "gross_profit": null,
            "gross_margin": null,
            "gross_margin_4q_avg": 0,
            "net_income": null,
            "net_income_4q": null,
            "revenue": null,
            "revenue_4q": null,
            "common_shares": null,
            "book_valuer_per_share": null,
            "book_valuer_per_share_4q_avg": 0,
            "equity": null,
            "current_ratio": null,
            "debt_ratio": null,
            "inventory_turnover_ratio": null,
            "account_receivable_turnover_ratio": null,
            "reinvestment_rate": null,
            "research_to_sale_ratio": null,
            "price_fair": 0,
            "eps_avg_yearly": 0,
            "eps_latest_yearly": 0,
            "eps_growth_yearly": 0
        },
        "20021": {
            "year_quarter": 20021,
            "year": 2002,
            "quarter": 1,
            "eps": null,
            "eps_growth_year": null,
            "eps_4q": null,
            "eps_4q_growth_year": null,
            "roe": null,
            "roe_4q": 0,
            "gross_profit": null,
            "gross_margin": null,
            "gross_margin_4q_avg": 0,
            "net_income": null,
            "net_income_4q": null,
            "revenue": null,
            "revenue_4q": null,
            "common_shares": null,
            "book_valuer_per_share": null,
            "book_valuer_per_share_4q_avg": 0,
            "equity": null,
            "current_ratio": null,
            "debt_ratio": null,
            "inventory_turnover_ratio": null,
            "account_receivable_turnover_ratio": null,
            "reinvestment_rate": null,
            "research_to_sale_ratio": null,
            "price_fair": 0,
            "eps_avg_yearly": 0,
            "eps_latest_yearly": 0,
            "eps_growth_yearly": 0
        },
        "20022": {
            "year_quarter": 20022,
            "year": 2002,
            "quarter": 2,
            "eps": null,
            "eps_growth_year": null,
            "eps_4q": null,
            "eps_4q_growth_year": null,
            "roe": null,
            "roe_4q": 0,
            "gross_profit": null,
            "gross_margin": null,
            "gross_margin_4q_avg": 0,
            "net_income": null,
            "net_income_4q": null,
            "revenue": null,
            "revenue_4q": null,
            "common_shares": null,
            "book_valuer_per_share": null,
            "book_valuer_per_share_4q_avg": 0,
            "equity": null,
            "current_ratio": null,
            "debt_ratio": null,
            "inventory_turnover_ratio": null,
            "account_receivable_turnover_ratio": null,
            "reinvestment_rate": null,
            "research_to_sale_ratio": null,
            "price_fair": 0,
            "eps_avg_yearly": 0,
            "eps_latest_yearly": 0,
            "eps_growth_yearly": 0
        },
        "20023": {
            "year_quarter": 20023,
            "year": 2002,
            "quarter": 3,
            "eps": null,
            "eps_growth_year": null,
            "eps_4q": null,
            "eps_4q_growth_year": null,
            "roe": null,
            "roe_4q": 0,
            "gross_profit": null,
            "gross_margin": null,
            "gross_margin_4q_avg": 0,
            "net_income": null,
            "net_income_4q": null,
            "revenue": null,
            "revenue_4q": null,
            "common_shares": null,
            "book_valuer_per_share": null,
            "book_valuer_per_share_4q_avg": 0,
            "equity": null,
            "current_ratio": null,
            "debt_ratio": null,
            "inventory_turnover_ratio": null,
            "account_receivable_turnover_ratio": null,
            "reinvestment_rate": null,
            "research_to_sale_ratio": null,
            "price_fair": 0,
            "eps_avg_yearly": 0,
            "eps_latest_yearly": 0,
            "eps_growth_yearly": 0
        },
        "20024": {
            "year_quarter": 20024,
            "year": 2002,
            "quarter": 4,
            "eps": null,
            "eps_growth_year": null,
            "eps_4q": null,
            "eps_4q_growth_year": null,
            "roe": null,
            "roe_4q": 0,
            "gross_profit": null,
            "gross_margin": null,
            "gross_margin_4q_avg": 0,
            "net_income": null,
            "net_income_4q": null,
            "revenue": null,
            "revenue_4q": null,
            "common_shares": 95000,
            "book_valuer_per_share": 9.27,
            "book_valuer_per_share_4q_avg": 2.32,
            "equity": 88025,
            "current_ratio": 249.89,
            "debt_ratio": 31.68,
            "inventory_turnover_ratio": null,
            "account_receivable_turnover_ratio": null,
            "reinvestment_rate": null,
            "research_to_sale_ratio": null,
            "price_fair": 0,
            "eps_avg_yearly": 0,
            "eps_latest_yearly": 0,
            "eps_growth_yearly": 0
        },
        "20031": {
            "year_quarter": 20031,
            "year": 2003,
            "quarter": 1,
            "eps": null,
            "eps_growth_year": null,
            "eps_4q": null,
            "eps_4q_growth_year": null,
            "roe": null,
            "roe_4q": 0,
            "gross_profit": null,
            "gross_margin": null,
            "gross_margin_4q_avg": 0,
            "net_income": null,
            "net_income_4q": null,
            "revenue": null,
            "revenue_4q": null,
            "common_shares": null,
            "book_valuer_per_share": null,
            "book_valuer_per_share_4q_avg": 2.32,
            "equity": null,
            "current_ratio": null,
            "debt_ratio": null,
            "inventory_turnover_ratio": null,
            "account_receivable_turnover_ratio": null,
            "reinvestment_rate": null,
            "research_to_sale_ratio": null,
            "price_fair": 0,
            "eps_avg_yearly": 0,
            "eps_latest_yearly": 0,
            "eps_growth_yearly": 0
        },
        "20032": {
            "year_quarter": 20032,
            "year": 2003,
            "quarter": 2,
            "eps": null,
            "eps_growth_year": null,
            "eps_4q": null,
            "eps_4q_growth_year": null,
            "roe": null,
            "roe_4q": 0,
            "gross_profit": null,
            "gross_margin": null,
            "gross_margin_4q_avg": 0,
            "net_income": null,
            "net_income_4q": null,
            "revenue": null,
            "revenue_4q": null,
            "common_shares": null,
            "book_valuer_per_share": null,
            "book_valuer_per_share_4q_avg": 2.32,
            "equity": null,
            "current_ratio": null,
            "debt_ratio": null,
            "inventory_turnover_ratio": null,
            "account_receivable_turnover_ratio": null,
            "reinvestment_rate": null,
            "research_to_sale_ratio": null,
            "price_fair": 0,
            "eps_avg_yearly": 0,
            "eps_latest_yearly": 0,
            "eps_growth_yearly": 0
        },
        "20033": {
            "year_quarter": 20033,
            "year": 2003,
            "quarter": 3,
            "eps": null,
            "eps_growth_year": null,
            "eps_4q": null,
            "eps_4q_growth_year": null,
            "roe": null,
            "roe_4q": 0,
            "gross_profit": null,
            "gross_margin": null,
            "gross_margin_4q_avg": 0,
            "net_income": null,
            "net_income_4q": null,
            "revenue": null,
            "revenue_4q": null,
            "common_shares": null,
            "book_valuer_per_share": null,
            "book_valuer_per_share_4q_avg": 2.32,
            "equity": null,
            "current_ratio": null,
            "debt_ratio": null,
            "inventory_turnover_ratio": null,
            "account_receivable_turnover_ratio": null,
            "reinvestment_rate": null,
            "research_to_sale_ratio": null,
            "price_fair": 0,
            "eps_avg_yearly": 0,
            "eps_latest_yearly": 0,
            "eps_growth_yearly": 0
        },
        "20034": {
            "year_quarter": 20034,
            "year": 2003,
            "quarter": 4,
            "eps": null,
            "eps_growth_year": null,
            "eps_4q": null,
            "eps_4q_growth_year": null,
            "roe": null,
            "roe_4q": 0,
            "gross_profit": null,
            "gross_margin": null,
            "gross_margin_4q_avg": 0,
            "net_income": null,
            "net_income_4q": null,
            "revenue": null,
            "revenue_4q": null,
            "common_shares": 150000,
            "book_valuer_per_share": 14.36,
            "book_valuer_per_share_4q_avg": 3.59,
            "equity": 215349,
            "current_ratio": 280.08,
            "debt_ratio": 27.71,
            "inventory_turnover_ratio": null,
            "account_receivable_turnover_ratio": null,
            "reinvestment_rate": null,
            "research_to_sale_ratio": null,
            "price_fair": 0,
            "eps_avg_yearly": 0,
            "eps_latest_yearly": 0,
            "eps_growth_yearly": 0
        },
        "20041": {
            "year_quarter": 20041,
            "year": 2004,
            "quarter": 1,
            "eps": null,
            "eps_growth_year": null,
            "eps_4q": null,
            "eps_4q_growth_year": null,
            "roe": null,
            "roe_4q": 0,
            "gross_profit": null,
            "gross_margin": null,
            "gross_margin_4q_avg": 0,
            "net_income": null,
            "net_income_4q": null,
            "revenue": null,
            "revenue_4q": null,
            "common_shares": null,
            "book_valuer_per_share": null,
            "book_valuer_per_share_4q_avg": 3.59,
            "equity": null,
            "current_ratio": null,
            "debt_ratio": null,
            "inventory_turnover_ratio": null,
            "account_receivable_turnover_ratio": null,
            "reinvestment_rate": null,
            "research_to_sale_ratio": null,
            "price_fair": 0,
            "eps_avg_yearly": 0,
            "eps_latest_yearly": 0,
            "eps_growth_yearly": 0
        },
        "20042": {
            "year_quarter": 20042,
            "year": 2004,
            "quarter": 2,
            "eps": null,
            "eps_growth_year": null,
            "eps_4q": null,
            "eps_4q_growth_year": null,
            "roe": null,
            "roe_4q": 0,
            "gross_profit": null,
            "gross_margin": null,
            "gross_margin_4q_avg": 0,
            "net_income": null,
            "net_income_4q": null,
            "revenue": null,
            "revenue_4q": null,
            "common_shares": null,
            "book_valuer_per_share": null,
            "book_valuer_per_share_4q_avg": 3.59,
            "equity": null,
            "current_ratio": null,
            "debt_ratio": null,
            "inventory_turnover_ratio": null,
            "account_receivable_turnover_ratio": null,
            "reinvestment_rate": null,
            "research_to_sale_ratio": null,
            "price_fair": 0,
            "eps_avg_yearly": 0,
            "eps_latest_yearly": 0,
            "eps_growth_yearly": 0
        },
        "20043": {
            "year_quarter": 20043,
            "year": 2004,
            "quarter": 3,
            "eps": null,
            "eps_growth_year": null,
            "eps_4q": null,
            "eps_4q_growth_year": null,
            "roe": null,
            "roe_4q": 0,
            "gross_profit": null,
            "gross_margin": null,
            "gross_margin_4q_avg": 0,
            "net_income": null,
            "net_income_4q": null,
            "revenue": null,
            "revenue_4q": null,
            "common_shares": null,
            "book_valuer_per_share": null,
            "book_valuer_per_share_4q_avg": 3.59,
            "equity": null,
            "current_ratio": null,
            "debt_ratio": null,
            "inventory_turnover_ratio": null,
            "account_receivable_turnover_ratio": null,
            "reinvestment_rate": null,
            "research_to_sale_ratio": null,
            "price_fair": 0,
            "eps_avg_yearly": 0,
            "eps_latest_yearly": 0,
            "eps_growth_yearly": 0
        },
        "20044": {
            "year_quarter": 20044,
            "year": 2004,
            "quarter": 4,
            "eps": null,
            "eps_growth_year": null,
            "eps_4q": null,
            "eps_4q_growth_year": null,
            "roe": null,
            "roe_4q": 0,
            "gross_profit": null,
            "gross_margin": null,
            "gross_margin_4q_avg": 0,
            "net_income": null,
            "net_income_4q": null,
            "revenue": null,
            "revenue_4q": null,
            "common_shares": 182700,
            "book_valuer_per_share": 13.59,
            "book_valuer_per_share_4q_avg": 3.4,
            "equity": 248311,
            "current_ratio": 286.99,
            "debt_ratio": 33.17,
            "inventory_turnover_ratio": null,
            "account_receivable_turnover_ratio": null,
            "reinvestment_rate": null,
            "research_to_sale_ratio": null,
            "price_fair": 0,
            "eps_avg_yearly": 0,
            "eps_latest_yearly": 0,
            "eps_growth_yearly": 0
        },
        "20051": {
            "year_quarter": 20051,
            "year": 2005,
            "quarter": 1,
            "eps": null,
            "eps_growth_year": null,
            "eps_4q": null,
            "eps_4q_growth_year": null,
            "roe": null,
            "roe_4q": 0,
            "gross_profit": null,
            "gross_margin": null,
            "gross_margin_4q_avg": 0,
            "net_income": null,
            "net_income_4q": null,
            "revenue": null,
            "revenue_4q": null,
            "common_shares": null,
            "book_valuer_per_share": null,
            "book_valuer_per_share_4q_avg": 3.4,
            "equity": null,
            "current_ratio": null,
            "debt_ratio": null,
            "inventory_turnover_ratio": null,
            "account_receivable_turnover_ratio": null,
            "reinvestment_rate": null,
            "research_to_sale_ratio": null,
            "price_fair": 0,
            "eps_avg_yearly": 0,
            "eps_latest_yearly": 0,
            "eps_growth_yearly": 0
        },
        "20052": {
            "year_quarter": 20052,
            "year": 2005,
            "quarter": 2,
            "eps": null,
            "eps_growth_year": null,
            "eps_4q": null,
            "eps_4q_growth_year": null,
            "roe": null,
            "roe_4q": 0,
            "gross_profit": null,
            "gross_margin": null,
            "gross_margin_4q_avg": 0,
            "net_income": null,
            "net_income_4q": null,
            "revenue": null,
            "revenue_4q": null,
            "common_shares": null,
            "book_valuer_per_share": null,
            "book_valuer_per_share_4q_avg": 3.4,
            "equity": null,
            "current_ratio": null,
            "debt_ratio": null,
            "inventory_turnover_ratio": null,
            "account_receivable_turnover_ratio": null,
            "reinvestment_rate": null,
            "research_to_sale_ratio": null,
            "price_fair": 0,
            "eps_avg_yearly": 0,
            "eps_latest_yearly": 0,
            "eps_growth_yearly": 0
        },
        "20053": {
            "year_quarter": 20053,
            "year": 2005,
            "quarter": 3,
            "eps": null,
            "eps_growth_year": null,
            "eps_4q": null,
            "eps_4q_growth_year": null,
            "roe": null,
            "roe_4q": 0,
            "gross_profit": null,
            "gross_margin": null,
            "gross_margin_4q_avg": 0,
            "net_income": null,
            "net_income_4q": null,
            "revenue": null,
            "revenue_4q": null,
            "common_shares": null,
            "book_valuer_per_share": null,
            "book_valuer_per_share_4q_avg": 3.4,
            "equity": null,
            "current_ratio": null,
            "debt_ratio": null,
            "inventory_turnover_ratio": null,
            "account_receivable_turnover_ratio": null,
            "reinvestment_rate": null,
            "research_to_sale_ratio": null,
            "price_fair": 0,
            "eps_avg_yearly": 0,
            "eps_latest_yearly": 0,
            "eps_growth_yearly": 0
        },
        "20054": {
            "year_quarter": 20054,
            "year": 2005,
            "quarter": 4,
            "eps": null,
            "eps_growth_year": null,
            "eps_4q": null,
            "eps_4q_growth_year": null,
            "roe": null,
            "roe_4q": 0,
            "gross_profit": null,
            "gross_margin": null,
            "gross_margin_4q_avg": 0,
            "net_income": null,
            "net_income_4q": null,
            "revenue": null,
            "revenue_4q": null,
            "common_shares": 212025,
            "book_valuer_per_share": 13.03,
            "book_valuer_per_share_4q_avg": 3.26,
            "equity": 276267,
            "current_ratio": 261.71,
            "debt_ratio": 35.29,
            "inventory_turnover_ratio": null,
            "account_receivable_turnover_ratio": null,
            "reinvestment_rate": null,
            "research_to_sale_ratio": null,
            "price_fair": 0,
            "eps_avg_yearly": 0,
            "eps_latest_yearly": 0,
            "eps_growth_yearly": 0
        },
        "20061": {
            "year_quarter": 20061,
            "year": 2006,
            "quarter": 1,
            "eps": null,
            "eps_growth_year": null,
            "eps_4q": null,
            "eps_4q_growth_year": null,
            "roe": null,
            "roe_4q": 0,
            "gross_profit": null,
            "gross_margin": null,
            "gross_margin_4q_avg": 0,
            "net_income": null,
            "net_income_4q": null,
            "revenue": null,
            "revenue_4q": null,
            "common_shares": null,
            "book_valuer_per_share": null,
            "book_valuer_per_share_4q_avg": 3.26,
            "equity": null,
            "current_ratio": null,
            "debt_ratio": null,
            "inventory_turnover_ratio": null,
            "account_receivable_turnover_ratio": null,
            "reinvestment_rate": null,
            "research_to_sale_ratio": null,
            "price_fair": 0,
            "eps_avg_yearly": 0,
            "eps_latest_yearly": 0,
            "eps_growth_yearly": 0
        },
        "20062": {
            "year_quarter": 20062,
            "year": 2006,
            "quarter": 2,
            "eps": null,
            "eps_growth_year": null,
            "eps_4q": null,
            "eps_4q_growth_year": null,
            "roe": null,
            "roe_4q": 0,
            "gross_profit": null,
            "gross_margin": null,
            "gross_margin_4q_avg": 0,
            "net_income": null,
            "net_income_4q": null,
            "revenue": null,
            "revenue_4q": null,
            "common_shares": null,
            "book_valuer_per_share": null,
            "book_valuer_per_share_4q_avg": 3.26,
            "equity": null,
            "current_ratio": null,
            "debt_ratio": null,
            "inventory_turnover_ratio": null,
            "account_receivable_turnover_ratio": null,
            "reinvestment_rate": null,
            "research_to_sale_ratio": null,
            "price_fair": 0,
            "eps_avg_yearly": 0,
            "eps_latest_yearly": 0,
            "eps_growth_yearly": 0
        },
        "20063": {
            "year_quarter": 20063,
            "year": 2006,
            "quarter": 3,
            "eps": null,
            "eps_growth_year": null,
            "eps_4q": null,
            "eps_4q_growth_year": null,
            "roe": null,
            "roe_4q": 0,
            "gross_profit": null,
            "gross_margin": null,
            "gross_margin_4q_avg": 0,
            "net_income": null,
            "net_income_4q": null,
            "revenue": null,
            "revenue_4q": null,
            "common_shares": null,
            "book_valuer_per_share": null,
            "book_valuer_per_share_4q_avg": 3.26,
            "equity": null,
            "current_ratio": null,
            "debt_ratio": null,
            "inventory_turnover_ratio": null,
            "account_receivable_turnover_ratio": null,
            "reinvestment_rate": null,
            "research_to_sale_ratio": null,
            "price_fair": 0,
            "eps_avg_yearly": 0,
            "eps_latest_yearly": 0,
            "eps_growth_yearly": 0
        },
        "20064": {
            "year_quarter": 20064,
            "year": 2006,
            "quarter": 4,
            "eps": null,
            "eps_growth_year": null,
            "eps_4q": null,
            "eps_4q_growth_year": null,
            "roe": null,
            "roe_4q": 0,
            "gross_profit": null,
            "gross_margin": null,
            "gross_margin_4q_avg": 0,
            "net_income": null,
            "net_income_4q": null,
            "revenue": null,
            "revenue_4q": null,
            "common_shares": 280000,
            "book_valuer_per_share": 19.78,
            "book_valuer_per_share_4q_avg": 4.95,
            "equity": 553780,
            "current_ratio": 293.81,
            "debt_ratio": 29.84,
            "inventory_turnover_ratio": null,
            "account_receivable_turnover_ratio": null,
            "reinvestment_rate": null,
            "research_to_sale_ratio": null,
            "price_fair": 0,
            "eps_avg_yearly": 0,
            "eps_latest_yearly": 0,
            "eps_growth_yearly": 0
        },
        "20071": {
            "year_quarter": 20071,
            "year": 2007,
            "quarter": 1,
            "eps": 0.49,
            "eps_growth_year": null,
            "eps_4q": null,
            "eps_4q_growth_year": null,
            "roe": 2.46,
            "roe_4q": 2.46,
            "gross_profit": 47753,
            "gross_margin": 29.36,
            "gross_margin_4q_avg": 7.34,
            "net_income": 13812,
            "net_income_4q": null,
            "revenue": 162634,
            "revenue_4q": null,
            "common_shares": 280000,
            "book_valuer_per_share": 20.36,
            "book_valuer_per_share_4q_avg": 10.04,
            "equity": 570085,
            "current_ratio": 270.38,
            "debt_ratio": 28.82,
            "inventory_turnover_ratio": 1.26,
            "account_receivable_turnover_ratio": null,
            "reinvestment_rate": null,
            "research_to_sale_ratio": null,
            "price_fair": 0,
            "eps_avg_yearly": 0,
            "eps_latest_yearly": 0,
            "eps_growth_yearly": 0
        },
        "20072": {
            "year_quarter": 20072,
            "year": 2007,
            "quarter": 2,
            "eps": 1.72,
            "eps_growth_year": null,
            "eps_4q": null,
            "eps_4q_growth_year": null,
            "roe": 8.07,
            "roe_4q": 10.530000000000001,
            "gross_profit": 85151,
            "gross_margin": 33.87,
            "gross_margin_4q_avg": 15.81,
            "net_income": 48211,
            "net_income_4q": null,
            "revenue": 251401,
            "revenue_4q": null,
            "common_shares": 290000,
            "book_valuer_per_share": 21.55,
            "book_valuer_per_share_4q_avg": 15.42,
            "equity": 624889,
            "current_ratio": 209.78,
            "debt_ratio": 35.62,
            "inventory_turnover_ratio": 1.5,
            "account_receivable_turnover_ratio": null,
            "reinvestment_rate": null,
            "research_to_sale_ratio": null,
            "price_fair": 240.8,
            "eps_avg_yearly": 6.88,
            "eps_latest_yearly": 6.88,
            "eps_growth_yearly": 1004.08
        },
        "20073": {
            "year_quarter": 20073,
            "year": 2007,
            "quarter": 3,
            "eps": null,
            "eps_growth_year": null,
            "eps_4q": null,
            "eps_4q_growth_year": null,
            "roe": null,
            "roe_4q": 10.530000000000001,
            "gross_profit": null,
            "gross_margin": null,
            "gross_margin_4q_avg": 15.81,
            "net_income": null,
            "net_income_4q": null,
            "revenue": null,
            "revenue_4q": null,
            "common_shares": null,
            "book_valuer_per_share": null,
            "book_valuer_per_share_4q_avg": 15.42,
            "equity": null,
            "current_ratio": null,
            "debt_ratio": null,
            "inventory_turnover_ratio": null,
            "account_receivable_turnover_ratio": null,
            "reinvestment_rate": null,
            "research_to_sale_ratio": null,
            "price_fair": 240.8,
            "eps_avg_yearly": 6.88,
            "eps_latest_yearly": 6.88,
            "eps_growth_yearly": 1004.08
        },
        "20074": {
            "year_quarter": 20074,
            "year": 2007,
            "quarter": 4,
            "eps": null,
            "eps_growth_year": null,
            "eps_4q": null,
            "eps_4q_growth_year": null,
            "roe": null,
            "roe_4q": 10.530000000000001,
            "gross_profit": null,
            "gross_margin": null,
            "gross_margin_4q_avg": 15.81,
            "net_income": null,
            "net_income_4q": null,
            "revenue": null,
            "revenue_4q": null,
            "common_shares": 357000,
            "book_valuer_per_share": 19.32,
            "book_valuer_per_share_4q_avg": 15.31,
            "equity": 689582,
            "current_ratio": 279.19,
            "debt_ratio": 34.9,
            "inventory_turnover_ratio": null,
            "account_receivable_turnover_ratio": null,
            "reinvestment_rate": null,
            "research_to_sale_ratio": null,
            "price_fair": 240.8,
            "eps_avg_yearly": 6.88,
            "eps_latest_yearly": 6.88,
            "eps_growth_yearly": 1004.08
        },
        "20081": {
            "year_quarter": 20081,
            "year": 2008,
            "quarter": 1,
            "eps": 0.69,
            "eps_growth_year": 40.82,
            "eps_4q": null,
            "eps_4q_growth_year": null,
            "roe": 2.95,
            "roe_4q": 11.02,
            "gross_profit": 66926,
            "gross_margin": 28.56,
            "gross_margin_4q_avg": 15.61,
            "net_income": 27025,
            "net_income_4q": null,
            "revenue": 234369,
            "revenue_4q": null,
            "common_shares": 405000,
            "book_valuer_per_share": 28.26,
            "book_valuer_per_share_4q_avg": 17.28,
            "equity": 1144445,
            "current_ratio": 355.63,
            "debt_ratio": 25.93,
            "inventory_turnover_ratio": 0.82,
            "account_receivable_turnover_ratio": null,
            "reinvestment_rate": null,
            "research_to_sale_ratio": null,
            "price_fair": 240.8,
            "eps_avg_yearly": 6.88,
            "eps_latest_yearly": 6.88,
            "eps_growth_yearly": 1004.08
        },
        "20082": {
            "year_quarter": 20082,
            "year": 2008,
            "quarter": 2,
            "eps": 0.66,
            "eps_growth_year": -61.63,
            "eps_4q": null,
            "eps_4q_growth_year": null,
            "roe": 2.81,
            "roe_4q": 5.76,
            "gross_profit": 73073,
            "gross_margin": 25.64,
            "gross_margin_4q_avg": 13.55,
            "net_income": 32073,
            "net_income_4q": null,
            "revenue": 284972,
            "revenue_4q": null,
            "common_shares": 405000,
            "book_valuer_per_share": 28.07,
            "book_valuer_per_share_4q_avg": 18.91,
            "equity": 1136663,
            "current_ratio": 294.98,
            "debt_ratio": 28.3,
            "inventory_turnover_ratio": 0.95,
            "account_receivable_turnover_ratio": null,
            "reinvestment_rate": null,
            "research_to_sale_ratio": null,
            "price_fair": 166.6,
            "eps_avg_yearly": 4.76,
            "eps_latest_yearly": 2.64,
            "eps_growth_yearly": 493.35
        },
        "20083": {
            "year_quarter": 20083,
            "year": 2008,
            "quarter": 3,
            "eps": null,
            "eps_growth_year": null,
            "eps_4q": null,
            "eps_4q_growth_year": null,
            "roe": null,
            "roe_4q": 5.76,
            "gross_profit": null,
            "gross_margin": null,
            "gross_margin_4q_avg": 13.55,
            "net_income": null,
            "net_income_4q": null,
            "revenue": null,
            "revenue_4q": null,
            "common_shares": null,
            "book_valuer_per_share": null,
            "book_valuer_per_share_4q_avg": 18.91,
            "equity": null,
            "current_ratio": null,
            "debt_ratio": null,
            "inventory_turnover_ratio": null,
            "account_receivable_turnover_ratio": null,
            "reinvestment_rate": null,
            "research_to_sale_ratio": null,
            "price_fair": 166.6,
            "eps_avg_yearly": 4.76,
            "eps_latest_yearly": 2.64,
            "eps_growth_yearly": 493.35
        },
        "20084": {
            "year_quarter": 20084,
            "year": 2008,
            "quarter": 4,
            "eps": null,
            "eps_growth_year": null,
            "eps_4q": null,
            "eps_4q_growth_year": null,
            "roe": null,
            "roe_4q": 5.76,
            "gross_profit": null,
            "gross_margin": null,
            "gross_margin_4q_avg": 13.55,
            "net_income": null,
            "net_income_4q": null,
            "revenue": null,
            "revenue_4q": null,
            "common_shares": 499200,
            "book_valuer_per_share": 25.01,
            "book_valuer_per_share_4q_avg": 20.34,
            "equity": 1248700,
            "current_ratio": 372.04,
            "debt_ratio": 21.93,
            "inventory_turnover_ratio": null,
            "account_receivable_turnover_ratio": null,
            "reinvestment_rate": null,
            "research_to_sale_ratio": null,
            "price_fair": 166.6,
            "eps_avg_yearly": 4.76,
            "eps_latest_yearly": 2.64,
            "eps_growth_yearly": 493.35
        },
        "20091": {
            "year_quarter": 20091,
            "year": 2009,
            "quarter": 1,
            "eps": 0.93,
            "eps_growth_year": 34.78,
            "eps_4q": null,
            "eps_4q_growth_year": null,
            "roe": 3.63,
            "roe_4q": 6.4399999999999995,
            "gross_profit": 70839,
            "gross_margin": 28.67,
            "gross_margin_4q_avg": 13.58,
            "net_income": 46386,
            "net_income_4q": null,
            "revenue": 247067,
            "revenue_4q": null,
            "common_shares": 499200,
            "book_valuer_per_share": 26.17,
            "book_valuer_per_share_4q_avg": 19.81,
            "equity": 1306598,
            "current_ratio": 353.92,
            "debt_ratio": 22.24,
            "inventory_turnover_ratio": 0.94,
            "account_receivable_turnover_ratio": 1.19,
            "reinvestment_rate": null,
            "research_to_sale_ratio": null,
            "price_fair": 166.6,
            "eps_avg_yearly": 4.76,
            "eps_latest_yearly": 2.64,
            "eps_growth_yearly": 493.35
        },
        "20092": {
            "year_quarter": 20092,
            "year": 2009,
            "quarter": 2,
            "eps": 1.44,
            "eps_growth_year": 118.18,
            "eps_4q": null,
            "eps_4q_growth_year": null,
            "roe": 5.48,
            "roe_4q": 9.11,
            "gross_profit": 137342,
            "gross_margin": 34.25,
            "gross_margin_4q_avg": 15.73,
            "net_income": 71800,
            "net_income_4q": null,
            "revenue": 401028,
            "revenue_4q": null,
            "common_shares": 499200,
            "book_valuer_per_share": 26.32,
            "book_valuer_per_share_4q_avg": 19.38,
            "equity": 1313693,
            "current_ratio": 224.46,
            "debt_ratio": 30.57,
            "inventory_turnover_ratio": 1.19,
            "account_receivable_turnover_ratio": 1.6,
            "reinvestment_rate": null,
            "research_to_sale_ratio": null,
            "price_fair": 178.27,
            "eps_avg_yearly": 5.09,
            "eps_latest_yearly": 5.76,
            "eps_growth_yearly": 402.02
        },
        "20093": {
            "year_quarter": 20093,
            "year": 2009,
            "quarter": 3,
            "eps": 1.83,
            "eps_growth_year": null,
            "eps_4q": null,
            "eps_4q_growth_year": null,
            "roe": 8.02,
            "roe_4q": 17.13,
            "gross_profit": 176193,
            "gross_margin": 33.31,
            "gross_margin_4q_avg": 24.06,
            "net_income": 109816,
            "net_income_4q": null,
            "revenue": 528969,
            "revenue_4q": null,
            "common_shares": 608100,
            "book_valuer_per_share": 23.44,
            "book_valuer_per_share_4q_avg": 25.24,
            "equity": 1425191,
            "current_ratio": 194.29,
            "debt_ratio": 33.11,
            "inventory_turnover_ratio": 1.26,
            "account_receivable_turnover_ratio": 1.53,
            "reinvestment_rate": null,
            "research_to_sale_ratio": null,
            "price_fair": 197.75,
            "eps_avg_yearly": 5.65,
            "eps_latest_yearly": 7.32,
            "eps_growth_yearly": 328.59
        },
        "20094": {
            "year_quarter": 20094,
            "year": 2009,
            "quarter": 4,
            "eps": 1.59,
            "eps_growth_year": null,
            "eps_4q": 4.87,
            "eps_4q_growth_year": null,
            "roe": 5.67,
            "roe_4q": 22.8,
            "gross_profit": 148823,
            "gross_margin": 28.14,
            "gross_margin_4q_avg": 31.09,
            "net_income": 97118,
            "net_income_4q": null,
            "revenue": 528899,
            "revenue_4q": null,
            "common_shares": 668100,
            "book_valuer_per_share": 29.92,
            "book_valuer_per_share_4q_avg": 26.46,
            "equity": 1998641,
            "current_ratio": 279.86,
            "debt_ratio": 28.02,
            "inventory_turnover_ratio": 1.1,
            "account_receivable_turnover_ratio": 3.06,
            "reinvestment_rate": null,
            "research_to_sale_ratio": null,
            "price_fair": 202.72,
            "eps_avg_yearly": 5.79,
            "eps_latest_yearly": 6.36,
            "eps_growth_yearly": 252.38
        },
        "20101": {
            "year_quarter": 20101,
            "year": 2010,
            "quarter": 1,
            "eps": 1.76,
            "eps_growth_year": 89.25,
            "eps_4q": 5.93,
            "eps_4q_growth_year": null,
            "roe": 5.72,
            "roe_4q": 24.89,
            "gross_profit": 205575,
            "gross_margin": 33.95,
            "gross_margin_4q_avg": 32.41,
            "net_income": 117678,
            "net_income_4q": null,
            "revenue": 605488,
            "revenue_4q": null,
            "common_shares": 668100,
            "book_valuer_per_share": 31.62,
            "book_valuer_per_share_4q_avg": 27.83,
            "equity": 2112375,
            "current_ratio": 262.01,
            "debt_ratio": 27.68,
            "inventory_turnover_ratio": 0.96,
            "account_receivable_turnover_ratio": 1.58,
            "reinvestment_rate": null,
            "research_to_sale_ratio": 2.63,
            "price_fair": 210,
            "eps_avg_yearly": 6,
            "eps_latest_yearly": 7.04,
            "eps_growth_yearly": 217.45
        },
        "20102": {
            "year_quarter": 20102,
            "year": 2010,
            "quarter": 2,
            "eps": 2.51,
            "eps_growth_year": 74.64,
            "eps_4q": 6.69,
            "eps_4q_growth_year": null,
            "roe": 9.19,
            "roe_4q": 28.599999999999998,
            "gross_profit": 288555,
            "gross_margin": 32.77,
            "gross_margin_4q_avg": 32.04,
            "net_income": 195728,
            "net_income_4q": null,
            "revenue": 880668,
            "revenue_4q": null,
            "common_shares": 778315,
            "book_valuer_per_share": 27.56,
            "book_valuer_per_share_4q_avg": 28.14,
            "equity": 2145112,
            "current_ratio": 207.97,
            "debt_ratio": 34.37,
            "inventory_turnover_ratio": 1.33,
            "account_receivable_turnover_ratio": 1.71,
            "reinvestment_rate": null,
            "research_to_sale_ratio": 2.17,
            "price_fair": 230.2,
            "eps_avg_yearly": 6.58,
            "eps_latest_yearly": 10.04,
            "eps_growth_yearly": 210.73
        },
        "20103": {
            "year_quarter": 20103,
            "year": 2010,
            "quarter": 3,
            "eps": 1.62,
            "eps_growth_year": -11.22,
            "eps_4q": 6.87,
            "eps_4q_growth_year": null,
            "roe": 5.76,
            "roe_4q": 26.339999999999996,
            "gross_profit": 259987,
            "gross_margin": 29.7,
            "gross_margin_4q_avg": 31.14,
            "net_income": 127063,
            "net_income_4q": null,
            "revenue": 875470,
            "revenue_4q": null,
            "common_shares": 782118,
            "book_valuer_per_share": 29.02,
            "book_valuer_per_share_4q_avg": 29.53,
            "equity": 2270044,
            "current_ratio": 222.21,
            "debt_ratio": 31.99,
            "inventory_turnover_ratio": 1.34,
            "account_receivable_turnover_ratio": 1.31,
            "reinvestment_rate": null,
            "research_to_sale_ratio": 2.43,
            "price_fair": 229.78,
            "eps_avg_yearly": 6.57,
            "eps_latest_yearly": 6.48,
            "eps_growth_yearly": 166.66
        },
        "20104": {
            "year_quarter": 20104,
            "year": 2010,
            "quarter": 4,
            "eps": 0.57,
            "eps_growth_year": -63.89,
            "eps_4q": 5.53,
            "eps_4q_growth_year": 13.73,
            "roe": 1.79,
            "roe_4q": 22.459999999999997,
            "gross_profit": 173390,
            "gross_margin": 26.03,
            "gross_margin_4q_avg": 30.61,
            "net_income": 50982,
            "net_income_4q": null,
            "revenue": 666129,
            "revenue_4q": null,
            "common_shares": 888000,
            "book_valuer_per_share": 38.51,
            "book_valuer_per_share_4q_avg": 31.68,
            "equity": 3419517,
            "current_ratio": 332.48,
            "debt_ratio": 23.08,
            "inventory_turnover_ratio": 0.88,
            "account_receivable_turnover_ratio": 0.95,
            "reinvestment_rate": null,
            "research_to_sale_ratio": 1.96,
            "price_fair": 213.11,
            "eps_avg_yearly": 6.09,
            "eps_latest_yearly": 2.28,
            "eps_growth_yearly": 119.34
        },
        "20111": {
            "year_quarter": 20111,
            "year": 2011,
            "quarter": 1,
            "eps": 1.08,
            "eps_growth_year": -38.64,
            "eps_4q": 5.29,
            "eps_4q_growth_year": -10.9,
            "roe": 2.76,
            "roe_4q": 19.5,
            "gross_profit": 159025,
            "gross_margin": 24,
            "gross_margin_4q_avg": 28.13,
            "net_income": 95709,
            "net_income_4q": null,
            "revenue": 662671,
            "revenue_4q": null,
            "common_shares": 888000,
            "book_valuer_per_share": 39.74,
            "book_valuer_per_share_4q_avg": 33.71,
            "equity": 3528555,
            "current_ratio": 438.27,
            "debt_ratio": 16.99,
            "inventory_turnover_ratio": 0.84,
            "account_receivable_turnover_ratio": 1,
            "reinvestment_rate": null,
            "research_to_sale_ratio": 2.52,
            "price_fair": 206.92,
            "eps_avg_yearly": 5.91,
            "eps_latest_yearly": 4.32,
            "eps_growth_yearly": 143.19
        },
        "20112": {
            "year_quarter": 20112,
            "year": 2011,
            "quarter": 2,
            "eps": 0.72,
            "eps_growth_year": -71.21,
            "eps_4q": 3.4,
            "eps_4q_growth_year": -49.07,
            "roe": 2.17,
            "roe_4q": 12.48,
            "gross_profit": 164133,
            "gross_margin": 24.13,
            "gross_margin_4q_avg": 25.97,
            "net_income": 73927,
            "net_income_4q": null,
            "revenue": 680199,
            "revenue_4q": null,
            "common_shares": 888000,
            "book_valuer_per_share": 37.03,
            "book_valuer_per_share_4q_avg": 36.08,
            "equity": 3288576,
            "current_ratio": 238.06,
            "debt_ratio": 30.91,
            "inventory_turnover_ratio": 0.88,
            "account_receivable_turnover_ratio": 1.02,
            "reinvestment_rate": null,
            "research_to_sale_ratio": 2.96,
            "price_fair": 192.92,
            "eps_avg_yearly": 5.51,
            "eps_latest_yearly": 2.88,
            "eps_growth_yearly": 29.45
        },
        "20113": {
            "year_quarter": 20113,
            "year": 2011,
            "quarter": 3,
            "eps": 0.23,
            "eps_growth_year": -85.72,
            "eps_4q": 2.39,
            "eps_4q_growth_year": -65.27,
            "roe": 0.7,
            "roe_4q": 7.42,
            "gross_profit": 83433,
            "gross_margin": 14.47,
            "gross_margin_4q_avg": 22.16,
            "net_income": 23755,
            "net_income_4q": null,
            "revenue": 576504,
            "revenue_4q": null,
            "common_shares": 1023692,
            "book_valuer_per_share": 33.84,
            "book_valuer_per_share_4q_avg": 37.28,
            "equity": 3464621,
            "current_ratio": 519.89,
            "debt_ratio": 30.53,
            "inventory_turnover_ratio": 0.84,
            "account_receivable_turnover_ratio": 0.9,
            "reinvestment_rate": null,
            "research_to_sale_ratio": 3.44,
            "price_fair": 61.28,
            "eps_avg_yearly": 5.09,
            "eps_latest_yearly": 0.92,
            "eps_growth_yearly": 2.03
        },
        "20114": {
            "year_quarter": 20114,
            "year": 2011,
            "quarter": 4,
            "eps": 0.15,
            "eps_growth_year": -73.4,
            "eps_4q": 1.94,
            "eps_4q_growth_year": -64.9,
            "roe": 0.45,
            "roe_4q": 6.08,
            "gross_profit": 97285,
            "gross_margin": 16.59,
            "gross_margin_4q_avg": 19.8,
            "net_income": 16499,
            "net_income_4q": null,
            "revenue": 586525,
            "revenue_4q": null,
            "common_shares": 1080473,
            "book_valuer_per_share": 35.09,
            "book_valuer_per_share_4q_avg": 36.43,
            "equity": 3790916,
            "current_ratio": 395.54,
            "debt_ratio": 28.58,
            "inventory_turnover_ratio": 0.86,
            "account_receivable_turnover_ratio": 0.97,
            "reinvestment_rate": null,
            "research_to_sale_ratio": 3.21,
            "price_fair": 14.16,
            "eps_avg_yearly": 4.72,
            "eps_latest_yearly": 0.6,
            "eps_growth_yearly": -9.74
        },
        "20121": {
            "year_quarter": 20121,
            "year": 2012,
            "quarter": 1,
            "eps": 0.38,
            "eps_growth_year": -64.81,
            "eps_4q": 1.41,
            "eps_4q_growth_year": -73.33,
            "roe": 1.07,
            "roe_4q": 4.39,
            "gross_profit": 107366,
            "gross_margin": 17.73,
            "gross_margin_4q_avg": 18.23,
            "net_income": 41402,
            "net_income_4q": null,
            "revenue": 605601,
            "revenue_4q": null,
            "common_shares": 1103554,
            "book_valuer_per_share": 35.64,
            "book_valuer_per_share_4q_avg": 35.4,
            "equity": 3932699,
            "current_ratio": 393.68,
            "debt_ratio": 26.06,
            "inventory_turnover_ratio": 0.88,
            "account_receivable_turnover_ratio": 0.96,
            "reinvestment_rate": null,
            "research_to_sale_ratio": 2.83,
            "price_fair": 156.58,
            "eps_avg_yearly": 4.47,
            "eps_latest_yearly": 1.52,
            "eps_growth_yearly": 38.19
        },
        "20122": {
            "year_quarter": 20122,
            "year": 2012,
            "quarter": 2,
            "eps": 0.28,
            "eps_growth_year": -61.34,
            "eps_4q": 0.98,
            "eps_4q_growth_year": -71.11,
            "roe": 0.86,
            "roe_4q": 3.08,
            "gross_profit": 106760,
            "gross_margin": 17.1,
            "gross_margin_4q_avg": 16.47,
            "net_income": 32480,
            "net_income_4q": null,
            "revenue": 624194,
            "revenue_4q": null,
            "common_shares": 1105013,
            "book_valuer_per_share": 33.1,
            "book_valuer_per_share_4q_avg": 34.42,
            "equity": 3657410,
            "current_ratio": 281.27,
            "debt_ratio": 32.84,
            "inventory_turnover_ratio": 0.88,
            "account_receivable_turnover_ratio": 0.95,
            "reinvestment_rate": null,
            "research_to_sale_ratio": 3.75,
            "price_fair": 152.49,
            "eps_avg_yearly": 4.36,
            "eps_latest_yearly": 1.12,
            "eps_growth_yearly": 31.43
        },
        "20123": {
            "year_quarter": 20123,
            "year": 2012,
            "quarter": 3,
            "eps": -0.01,
            "eps_growth_year": -106.4,
            "eps_4q": 0.76,
            "eps_4q_growth_year": -68,
            "roe": -0.05,
            "roe_4q": 2.33,
            "gross_profit": 82610,
            "gross_margin": 14.47,
            "gross_margin_4q_avg": 16.47,
            "net_income": -1724,
            "net_income_4q": null,
            "revenue": 570740,
            "revenue_4q": null,
            "common_shares": 1160543,
            "book_valuer_per_share": 31.46,
            "book_valuer_per_share_4q_avg": 33.82,
            "equity": 3650778,
            "current_ratio": 231.36,
            "debt_ratio": 30.56,
            "inventory_turnover_ratio": 0.81,
            "account_receivable_turnover_ratio": 0.88,
            "reinvestment_rate": null,
            "research_to_sale_ratio": 3.41,
            "price_fair": 152.49,
            "eps_avg_yearly": 4.36,
            "eps_latest_yearly": 1.12,
            "eps_growth_yearly": 31.43
        },
        "20124": {
            "year_quarter": 20124,
            "year": 2012,
            "quarter": 4,
            "eps": -0.37,
            "eps_growth_year": -342.4,
            "eps_4q": 0.26,
            "eps_4q_growth_year": -86.49,
            "roe": -1.17,
            "roe_4q": 0.7100000000000001,
            "gross_profit": 34661,
            "gross_margin": 7.5,
            "gross_margin_4q_avg": 14.2,
            "net_income": -42225,
            "net_income_4q": null,
            "revenue": 462330,
            "revenue_4q": null,
            "common_shares": 1160745,
            "book_valuer_per_share": 31.17,
            "book_valuer_per_share_4q_avg": 32.84,
            "equity": 3560569,
            "current_ratio": 253.03,
            "debt_ratio": 26.84,
            "inventory_turnover_ratio": 0.74,
            "account_receivable_turnover_ratio": 0.77,
            "reinvestment_rate": 248.73,
            "research_to_sale_ratio": 4.8,
            "price_fair": 152.49,
            "eps_avg_yearly": 4.36,
            "eps_latest_yearly": 1.12,
            "eps_growth_yearly": 31.43
        },
        "20131": {
            "year_quarter": 20131,
            "year": 2013,
            "quarter": 1,
            "eps": -0.35,
            "eps_growth_year": -192.11,
            "eps_4q": -0.46,
            "eps_4q_growth_year": -132.54,
            "roe": -1.15,
            "roe_4q": -1.5099999999999998,
            "gross_profit": 36146,
            "gross_margin": 7.95,
            "gross_margin_4q_avg": 11.76,
            "net_income": -40874,
            "net_income_4q": null,
            "revenue": 454631,
            "revenue_4q": null,
            "common_shares": 1160745,
            "book_valuer_per_share": 31.2,
            "book_valuer_per_share_4q_avg": 31.73,
            "equity": 3564852,
            "current_ratio": 251.26,
            "debt_ratio": 26.68,
            "inventory_turnover_ratio": 0.76,
            "account_receivable_turnover_ratio": 0.78,
            "reinvestment_rate": 99.1,
            "research_to_sale_ratio": 4.25,
            "price_fair": 152.49,
            "eps_avg_yearly": 4.36,
            "eps_latest_yearly": 1.12,
            "eps_growth_yearly": 31.43
        },
        "20132": {
            "year_quarter": 20132,
            "year": 2013,
            "quarter": 2,
            "eps": 0.22,
            "eps_growth_year": -21.39,
            "eps_4q": -0.52,
            "eps_4q_growth_year": -152.83,
            "roe": 0.65,
            "roe_4q": -1.72,
            "gross_profit": 99816,
            "gross_margin": 12.26,
            "gross_margin_4q_avg": 10.55,
            "net_income": 23100,
            "net_income_4q": null,
            "revenue": 813875,
            "revenue_4q": null,
            "common_shares": 1160745,
            "book_valuer_per_share": 30.66,
            "book_valuer_per_share_4q_avg": 31.12,
            "equity": 3558883,
            "current_ratio": 173.87,
            "debt_ratio": 36.2,
            "inventory_turnover_ratio": 1.34,
            "account_receivable_turnover_ratio": 1.09,
            "reinvestment_rate": 128.58,
            "research_to_sale_ratio": 3.08,
            "price_fair": 109.28,
            "eps_avg_yearly": 4.24,
            "eps_latest_yearly": 1.12,
            "eps_growth_yearly": 15.77
        },
        "20133": {
            "year_quarter": 20133,
            "year": 2013,
            "quarter": 3,
            "eps": 0.23,
            "eps_growth_year": null,
            "eps_4q": -0.27,
            "eps_4q_growth_year": -135.67,
            "roe": 0.44,
            "roe_4q": -1.2299999999999998,
            "gross_profit": 165118,
            "gross_margin": 19.97,
            "gross_margin_4q_avg": 11.92,
            "net_income": 15727,
            "net_income_4q": null,
            "revenue": 826927,
            "revenue_4q": null,
            "common_shares": 1160745,
            "book_valuer_per_share": 30.79,
            "book_valuer_per_share_4q_avg": 30.96,
            "equity": 3563157,
            "current_ratio": 169.41,
            "debt_ratio": 34.84,
            "inventory_turnover_ratio": 1.1,
            "account_receivable_turnover_ratio": 1,
            "reinvestment_rate": 184.49,
            "research_to_sale_ratio": 3.49,
            "price_fair": 67.69,
            "eps_avg_yearly": 3.71,
            "eps_latest_yearly": 0.92,
            "eps_growth_yearly": 8.26
        },
        "20134": {
            "year_quarter": 20134,
            "year": 2013,
            "quarter": 4,
            "eps": -1.52,
            "eps_growth_year": null,
            "eps_4q": -1.42,
            "eps_4q_growth_year": -642.11,
            "roe": -7.13,
            "roe_4q": -7.1899999999999995,
            "gross_profit": 70862,
            "gross_margin": 11.06,
            "gross_margin_4q_avg": 12.81,
            "net_income": -248717,
            "net_income_4q": null,
            "revenue": 640519,
            "revenue_4q": null,
            "common_shares": 1160745,
            "book_valuer_per_share": 30.17,
            "book_valuer_per_share_4q_avg": 30.71,
            "equity": 3417923,
            "current_ratio": 306.46,
            "debt_ratio": 37.19,
            "inventory_turnover_ratio": 0.93,
            "account_receivable_turnover_ratio": 0.94,
            "reinvestment_rate": 72.14,
            "research_to_sale_ratio": 5.56,
            "price_fair": 82.41,
            "eps_avg_yearly": 3.47,
            "eps_latest_yearly": 0.92,
            "eps_growth_yearly": 13.78
        },
        "20141": {
            "year_quarter": 20141,
            "year": 2014,
            "quarter": 1,
            "eps": 0.06,
            "eps_growth_year": null,
            "eps_4q": -0.89,
            "eps_4q_growth_year": null,
            "roe": 0.1,
            "roe_4q": -5.9399999999999995,
            "gross_profit": 81354,
            "gross_margin": 12.14,
            "gross_margin_4q_avg": 13.86,
            "net_income": 3614,
            "net_income_4q": null,
            "revenue": 670396,
            "revenue_4q": null,
            "common_shares": 1314690,
            "book_valuer_per_share": 30.51,
            "book_valuer_per_share_4q_avg": 30.53,
            "equity": 3924537,
            "current_ratio": 285.84,
            "debt_ratio": 29.17,
            "inventory_turnover_ratio": 1.1,
            "account_receivable_turnover_ratio": 1.08,
            "reinvestment_rate": 67.57,
            "research_to_sale_ratio": 4.54,
            "price_fair": 64.9,
            "eps_avg_yearly": 3.11,
            "eps_latest_yearly": 0.92,
            "eps_growth_yearly": 10.88
        },
        "20142": {
            "year_quarter": 20142,
            "year": 2014,
            "quarter": 2,
            "eps": -0.12,
            "eps_growth_year": -154.55,
            "eps_4q": -1.19,
            "eps_4q_growth_year": null,
            "roe": -0.46,
            "roe_4q": -7.05,
            "gross_profit": 132004,
            "gross_margin": 16.73,
            "gross_margin_4q_avg": 14.98,
            "net_income": -18014,
            "net_income_4q": null,
            "revenue": 789136,
            "revenue_4q": null,
            "common_shares": 1327632,
            "book_valuer_per_share": 29.49,
            "book_valuer_per_share_4q_avg": 30.24,
            "equity": 3860946,
            "current_ratio": 234.88,
            "debt_ratio": 32.23,
            "inventory_turnover_ratio": 1.2,
            "account_receivable_turnover_ratio": 1.13,
            "reinvestment_rate": 142.35,
            "research_to_sale_ratio": 4.08,
            "price_fair": 7.01,
            "eps_avg_yearly": 2.34,
            "eps_latest_yearly": 0.92,
            "eps_growth_yearly": -6.85
        },
        "20143": {
            "year_quarter": 20143,
            "year": 2014,
            "quarter": 3,
            "eps": 0.01,
            "eps_growth_year": -95.65,
            "eps_4q": -1.39,
            "eps_4q_growth_year": null,
            "roe": 0.02,
            "roe_4q": -7.47,
            "gross_profit": 105022,
            "gross_margin": 12.7,
            "gross_margin_4q_avg": 13.16,
            "net_income": 915,
            "net_income_4q": null,
            "revenue": 826624,
            "revenue_4q": null,
            "common_shares": 1327632,
            "book_valuer_per_share": 29.76,
            "book_valuer_per_share_4q_avg": 29.98,
            "equity": 3964931,
            "current_ratio": 216.07,
            "debt_ratio": 33.34,
            "inventory_turnover_ratio": 1.24,
            "account_receivable_turnover_ratio": 1.03,
            "reinvestment_rate": 489.38,
            "research_to_sale_ratio": 3.92,
            "price_fair": 36.45,
            "eps_avg_yearly": 1.82,
            "eps_latest_yearly": 0.92,
            "eps_growth_yearly": 10.03
        },
        "20144": {
            "year_quarter": 20144,
            "year": 2014,
            "quarter": 4,
            "eps": -0.27,
            "eps_growth_year": null,
            "eps_4q": -0.33,
            "eps_4q_growth_year": null,
            "roe": -0.96,
            "roe_4q": -1.2999999999999998,
            "gross_profit": 57277,
            "gross_margin": 8.66,
            "gross_margin_4q_avg": 12.56,
            "net_income": -38275,
            "net_income_4q": null,
            "revenue": 661061,
            "revenue_4q": null,
            "common_shares": 1327632,
            "book_valuer_per_share": 30.33,
            "book_valuer_per_share_4q_avg": 30.02,
            "equity": 3979288,
            "current_ratio": 179.41,
            "debt_ratio": 30.56,
            "inventory_turnover_ratio": 1.2,
            "account_receivable_turnover_ratio": 0.83,
            "reinvestment_rate": 1433.28,
            "research_to_sale_ratio": 4.64,
            "price_fair": 61.4,
            "eps_avg_yearly": 1.75,
            "eps_latest_yearly": 0.92,
            "eps_growth_yearly": 48.49
        },
        "20151": {
            "year_quarter": 20151,
            "year": 2015,
            "quarter": 1,
            "eps": 0.03,
            "eps_growth_year": -50,
            "eps_4q": -0.34,
            "eps_4q_growth_year": null,
            "roe": 0.09,
            "roe_4q": -1.31,
            "gross_profit": 136944,
            "gross_margin": 14.24,
            "gross_margin_4q_avg": 13.08,
            "net_income": 3614,
            "net_income_4q": null,
            "revenue": 961829,
            "revenue_4q": null,
            "common_shares": 1347632,
            "book_valuer_per_share": 29.67,
            "book_valuer_per_share_4q_avg": 29.81,
            "equity": 3951302,
            "current_ratio": 168.23,
            "debt_ratio": 33.05,
            "inventory_turnover_ratio": 1.78,
            "account_receivable_turnover_ratio": 1.12,
            "reinvestment_rate": null,
            "research_to_sale_ratio": 2.46,
            "price_fair": 3.98,
            "eps_avg_yearly": 1.33,
            "eps_latest_yearly": 0.92,
            "eps_growth_yearly": -3.07
        },
        "20152": {
            "year_quarter": 20152,
            "year": 2015,
            "quarter": 2,
            "eps": -0.12,
            "eps_growth_year": null,
            "eps_4q": -0.34,
            "eps_4q_growth_year": null,
            "roe": -0.47,
            "roe_4q": -1.3199999999999998,
            "gross_profit": 139137,
            "gross_margin": 14.65,
            "gross_margin_4q_avg": 12.56,
            "net_income": -18465,
            "net_income_4q": null,
            "revenue": 949658,
            "revenue_4q": null,
            "common_shares": 1347632,
            "book_valuer_per_share": 29.16,
            "book_valuer_per_share_4q_avg": 29.73,
            "equity": 3915272,
            "current_ratio": 155.49,
            "debt_ratio": 36.25,
            "inventory_turnover_ratio": 1.71,
            "account_receivable_turnover_ratio": 0.94,
            "reinvestment_rate": null,
            "research_to_sale_ratio": 3.12,
            "price_fair": 33.51,
            "eps_avg_yearly": 1.02,
            "eps_latest_yearly": 0.92,
            "eps_growth_yearly": 22.98
        },
        "20153": {
            "year_quarter": 20153,
            "year": 2015,
            "quarter": 3,
            "eps": 0.01,
            "eps_growth_year": 0,
            "eps_4q": -0.35,
            "eps_4q_growth_year": null,
            "roe": -0.08,
            "roe_4q": -1.42,
            "gross_profit": 88963,
            "gross_margin": 11.52,
            "gross_margin_4q_avg": 12.27,
            "net_income": -3160,
            "net_income_4q": null,
            "revenue": 772209,
            "revenue_4q": null,
            "common_shares": 1346432,
            "book_valuer_per_share": 30.07,
            "book_valuer_per_share_4q_avg": 29.81,
            "equity": 3879012,
            "current_ratio": 168.81,
            "debt_ratio": 30.53,
            "inventory_turnover_ratio": 1.69,
            "account_receivable_turnover_ratio": 0.76,
            "reinvestment_rate": null,
            "research_to_sale_ratio": 3.4,
            "price_fair": 36.4,
            "eps_avg_yearly": 1.04,
            "eps_latest_yearly": 0.92,
            "eps_growth_yearly": 96.78
        },
        "20154": {
            "year_quarter": 20154,
            "year": 2015,
            "quarter": 4,
            "eps": -1.01,
            "eps_growth_year": null,
            "eps_4q": -1.08,
            "eps_4q_growth_year": null,
            "roe": -3.44,
            "roe_4q": -3.9000000000000004,
            "gross_profit": 56870,
            "gross_margin": 7.91,
            "gross_margin_4q_avg": 12.08,
            "net_income": -130432,
            "net_income_4q": null,
            "revenue": 718683,
            "revenue_4q": null,
            "common_shares": 1326232,
            "book_valuer_per_share": 28.67,
            "book_valuer_per_share_4q_avg": 29.39,
            "equity": 3707411,
            "current_ratio": 181.83,
            "debt_ratio": 25.89,
            "inventory_turnover_ratio": 2.02,
            "account_receivable_turnover_ratio": 0.89,
            "reinvestment_rate": null,
            "research_to_sale_ratio": 3.4,
            "price_fair": 41.53,
            "eps_avg_yearly": 1.19,
            "eps_latest_yearly": 0.92,
            "eps_growth_yearly": 175.42
        },
        "20161": {
            "year_quarter": 20161,
            "year": 2016,
            "quarter": 1,
            "eps": -0.26,
            "eps_growth_year": -966.67,
            "eps_4q": -1.38,
            "eps_4q_growth_year": null,
            "roe": -0.91,
            "roe_4q": -4.8999999999999995,
            "gross_profit": 91737,
            "gross_margin": 12.04,
            "gross_margin_4q_avg": 11.53,
            "net_income": -33468,
            "net_income_4q": null,
            "revenue": 762144,
            "revenue_4q": null,
            "common_shares": 1326232,
            "book_valuer_per_share": 28.25,
            "book_valuer_per_share_4q_avg": 29.04,
            "equity": 3629900,
            "current_ratio": 171.3,
            "debt_ratio": 27.84,
            "inventory_turnover_ratio": 2.21,
            "account_receivable_turnover_ratio": 1.18,
            "reinvestment_rate": null,
            "research_to_sale_ratio": 3.08,
            "price_fair": 3.06,
            "eps_avg_yearly": 1.02,
            "eps_latest_yearly": 0.92,
            "eps_growth_yearly": -43.54
        },
        "20162": {
            "year_quarter": 20162,
            "year": 2016,
            "quarter": 2,
            "eps": -0.43,
            "eps_growth_year": null,
            "eps_4q": -1.71,
            "eps_4q_growth_year": null,
            "roe": -1.75,
            "roe_4q": -6.18,
            "gross_profit": 95016,
            "gross_margin": 9.8,
            "gross_margin_4q_avg": 10.32,
            "net_income": -62566,
            "net_income_4q": null,
            "revenue": 969580,
            "revenue_4q": null,
            "common_shares": 1325364,
            "book_valuer_per_share": 27.27,
            "book_valuer_per_share_4q_avg": 28.57,
            "equity": 3502641,
            "current_ratio": 170.81,
            "debt_ratio": 30.42,
            "inventory_turnover_ratio": 3.1,
            "account_receivable_turnover_ratio": 1.36,
            "reinvestment_rate": null,
            "research_to_sale_ratio": 2.68,
            "price_fair": 25.93,
            "eps_avg_yearly": 0.92,
            "eps_latest_yearly": 0.92,
            "eps_growth_yearly": 18.18
        },
        "20163": {
            "year_quarter": 20163,
            "year": 2016,
            "quarter": 3,
            "eps": 0.16,
            "eps_growth_year": 1500,
            "eps_4q": -1.56,
            "eps_4q_growth_year": null,
            "roe": 0.62,
            "roe_4q": -5.48,
            "gross_profit": 140934,
            "gross_margin": 16.21,
            "gross_margin_4q_avg": 11.49,
            "net_income": 21432,
            "net_income_4q": null,
            "revenue": 869481,
            "revenue_4q": null,
            "common_shares": 1324944,
            "book_valuer_per_share": 26.71,
            "book_valuer_per_share_4q_avg": 27.73,
            "equity": 3439700,
            "current_ratio": 199.61,
            "debt_ratio": 25.08,
            "inventory_turnover_ratio": 2.73,
            "account_receivable_turnover_ratio": 1.22,
            "reinvestment_rate": null,
            "research_to_sale_ratio": 2.71,
            "price_fair": 25.93,
            "eps_avg_yearly": 0.92,
            "eps_latest_yearly": 0.92,
            "eps_growth_yearly": 18.18
        },
        "20164": {
            "year_quarter": 20164,
            "year": 2016,
            "quarter": 4,
            "eps": -0.17,
            "eps_growth_year": null,
            "eps_4q": -0.7,
            "eps_4q_growth_year": null,
            "roe": -0.3,
            "roe_4q": -2.34,
            "gross_profit": 105197,
            "gross_margin": 14.36,
            "gross_margin_4q_avg": 13.1,
            "net_income": -10326,
            "net_income_4q": null,
            "revenue": 732765,
            "revenue_4q": null,
            "common_shares": 1323824,
            "book_valuer_per_share": 26.42,
            "book_valuer_per_share_4q_avg": 27.16,
            "equity": 3401615,
            "current_ratio": 195.84,
            "debt_ratio": 26.1,
            "inventory_turnover_ratio": 2.14,
            "account_receivable_turnover_ratio": 1.09,
            "reinvestment_rate": null,
            "research_to_sale_ratio": 2.94,
            "price_fair": 25.93,
            "eps_avg_yearly": 0.92,
            "eps_latest_yearly": 0.92,
            "eps_growth_yearly": 18.18
        },
        "20171": {
            "year_quarter": 20171,
            "year": 2017,
            "quarter": 1,
            "eps": -0.2,
            "eps_growth_year": null,
            "eps_4q": -0.63,
            "eps_4q_growth_year": null,
            "roe": -0.76,
            "roe_4q": -2.19,
            "gross_profit": 83121,
            "gross_margin": 11.21,
            "gross_margin_4q_avg": 12.9,
            "net_income": -25125,
            "net_income_4q": null,
            "revenue": 741377,
            "revenue_4q": null,
            "common_shares": 1323824,
            "book_valuer_per_share": 25.24,
            "book_valuer_per_share_4q_avg": 26.41,
            "equity": 3249732,
            "current_ratio": 210.92,
            "debt_ratio": 24.12,
            "inventory_turnover_ratio": 2.14,
            "account_receivable_turnover_ratio": 1.08,
            "reinvestment_rate": null,
            "research_to_sale_ratio": 2.86,
            "price_fair": 25.93,
            "eps_avg_yearly": 0.92,
            "eps_latest_yearly": 0.92,
            "eps_growth_yearly": 18.18
        },
        "20172": {
            "year_quarter": 20172,
            "year": 2017,
            "quarter": 2,
            "eps": -0.21,
            "eps_growth_year": null,
            "eps_4q": -0.41,
            "eps_4q_growth_year": null,
            "roe": -0.79,
            "roe_4q": -1.23,
            "gross_profit": 82305,
            "gross_margin": 14.07,
            "gross_margin_4q_avg": 13.96,
            "net_income": -25815,
            "net_income_4q": null,
            "revenue": 584872,
            "revenue_4q": null,
            "common_shares": 1323544,
            "book_valuer_per_share": 25.45,
            "book_valuer_per_share_4q_avg": 25.96,
            "equity": 3277408,
            "current_ratio": 233.89,
            "debt_ratio": 21.6,
            "inventory_turnover_ratio": 1.64,
            "account_receivable_turnover_ratio": 0.98,
            "reinvestment_rate": null,
            "research_to_sale_ratio": 3.85,
            "price_fair": 25.93,
            "eps_avg_yearly": 0.92,
            "eps_latest_yearly": 0.92,
            "eps_growth_yearly": 18.18
        },
        "20173": {
            "year_quarter": 20173,
            "year": 2017,
            "quarter": 3,
            "eps": -0.32,
            "eps_growth_year": -300,
            "eps_4q": -0.89,
            "eps_4q_growth_year": null,
            "roe": -1.31,
            "roe_4q": -3.16,
            "gross_profit": 83560,
            "gross_margin": 14.04,
            "gross_margin_4q_avg": 13.42,
            "net_income": -42921,
            "net_income_4q": null,
            "revenue": 595325,
            "revenue_4q": null,
            "common_shares": 1323544,
            "book_valuer_per_share": 25.39,
            "book_valuer_per_share_4q_avg": 25.63,
            "equity": 3268365,
            "current_ratio": 244.36,
            "debt_ratio": 21.31,
            "inventory_turnover_ratio": 1.5,
            "account_receivable_turnover_ratio": 1.13,
            "reinvestment_rate": null,
            "research_to_sale_ratio": 4.1,
            "price_fair": 0,
            "eps_avg_yearly": 0,
            "eps_latest_yearly": 0,
            "eps_growth_yearly": 0
        },
        "20174": {
            "year_quarter": 20174,
            "year": 2017,
            "quarter": 4,
            "eps": -0.83,
            "eps_growth_year": null,
            "eps_4q": -1.55,
            "eps_4q_growth_year": null,
            "roe": -3.36,
            "roe_4q": -6.22,
            "gross_profit": 84344,
            "gross_margin": 12.69,
            "gross_margin_4q_avg": 13,
            "net_income": -107976,
            "net_income_4q": null,
            "revenue": 664487,
            "revenue_4q": null,
            "common_shares": 1303024,
            "book_valuer_per_share": 24.55,
            "book_valuer_per_share_4q_avg": 25.16,
            "equity": 3157521,
            "current_ratio": 232.09,
            "debt_ratio": 23.34,
            "inventory_turnover_ratio": 1.57,
            "account_receivable_turnover_ratio": 1.22,
            "reinvestment_rate": null,
            "research_to_sale_ratio": 5.17,
            "price_fair": 0,
            "eps_avg_yearly": 0,
            "eps_latest_yearly": 0,
            "eps_growth_yearly": 0
        },
        "20181": {
            "year_quarter": 20181,
            "year": 2018,
            "quarter": 1,
            "eps": 0.01,
            "eps_growth_year": null,
            "eps_4q": -1.34,
            "eps_4q_growth_year": null,
            "roe": 0.21,
            "roe_4q": -5.25,
            "gross_profit": 107709,
            "gross_margin": 15.6,
            "gross_margin_4q_avg": 14.1,
            "net_income": 6700,
            "net_income_4q": null,
            "revenue": 690436,
            "revenue_4q": null,
            "common_shares": 1303024,
            "book_valuer_per_share": 24.73,
            "book_valuer_per_share_4q_avg": 25.03,
            "equity": 3185946,
            "current_ratio": 200.01,
            "debt_ratio": 26.5,
            "inventory_turnover_ratio": 1.6,
            "account_receivable_turnover_ratio": 1.14,
            "reinvestment_rate": null,
            "research_to_sale_ratio": 3.63,
            "price_fair": 0,
            "eps_avg_yearly": 0,
            "eps_latest_yearly": 0,
            "eps_growth_yearly": 0
        },
        "20182": {
            "year_quarter": 20182,
            "year": 2018,
            "quarter": 2,
            "eps": 0.13,
            "eps_growth_year": null,
            "eps_4q": -1,
            "eps_4q_growth_year": null,
            "roe": 0.54,
            "roe_4q": -3.92,
            "gross_profit": 98974,
            "gross_margin": 13.3,
            "gross_margin_4q_avg": 13.91,
            "net_income": 16994,
            "net_income_4q": null,
            "revenue": 744318,
            "revenue_4q": null,
            "common_shares": 1300204,
            "book_valuer_per_share": 24.54,
            "book_valuer_per_share_4q_avg": 24.8,
            "equity": 3156242,
            "current_ratio": 251.43,
            "debt_ratio": 22.22,
            "inventory_turnover_ratio": 1.91,
            "account_receivable_turnover_ratio": 1.08,
            "reinvestment_rate": null,
            "research_to_sale_ratio": 3.72,
            "price_fair": 18.2,
            "eps_avg_yearly": 0.52,
            "eps_latest_yearly": 0.52,
            "eps_growth_yearly": 4800
        },
        "20183": {
            "year_quarter": 20183,
            "year": 2018,
            "quarter": 3,
            "eps": 0.19,
            "eps_growth_year": null,
            "eps_4q": -0.49,
            "eps_4q_growth_year": null,
            "roe": 0.86,
            "roe_4q": -1.75,
            "gross_profit": 123511,
            "gross_margin": 19.32,
            "gross_margin_4q_avg": 15.23,
            "net_income": 26768,
            "net_income_4q": null,
            "revenue": 639290,
            "revenue_4q": null,
            "common_shares": 1250204,
            "book_valuer_per_share": 23.93,
            "book_valuer_per_share_4q_avg": 24.44,
            "equity": 3081581,
            "current_ratio": 228.25,
            "debt_ratio": 25.69,
            "inventory_turnover_ratio": 1.54,
            "account_receivable_turnover_ratio": 0.99,
            "reinvestment_rate": null,
            "research_to_sale_ratio": 4.58,
            "price_fair": 22.4,
            "eps_avg_yearly": 0.64,
            "eps_latest_yearly": 0.76,
            "eps_growth_yearly": 2492.31
        },
        "20184": {
            "year_quarter": 20184,
            "year": 2018,
            "quarter": 4,
            "eps": -0.04,
            "eps_growth_year": null,
            "eps_4q": 0.31,
            "eps_4q_growth_year": null,
            "roe": -0.2,
            "roe_4q": 1.41,
            "gross_profit": 116464,
            "gross_margin": 21.56,
            "gross_margin_4q_avg": 17.45,
            "net_income": -6160,
            "net_income_4q": null,
            "revenue": 540307,
            "revenue_4q": null,
            "common_shares": 1250014,
            "book_valuer_per_share": 23.98,
            "book_valuer_per_share_4q_avg": 24.3,
            "equity": 2974726,
            "current_ratio": 247.8,
            "debt_ratio": 22.9,
            "inventory_turnover_ratio": 1.17,
            "account_receivable_turnover_ratio": 1.04,
            "reinvestment_rate": null,
            "research_to_sale_ratio": 6.43,
            "price_fair": 22.4,
            "eps_avg_yearly": 0.64,
            "eps_latest_yearly": 0.76,
            "eps_growth_yearly": 2492.31
        },
        "20191": {
            "year_quarter": 20191,
            "year": 2019,
            "quarter": 1,
            "eps": 0.05,
            "eps_growth_year": 400,
            "eps_4q": 0.35,
            "eps_4q_growth_year": null,
            "roe": 0.27,
            "roe_4q": 1.47,
            "gross_profit": 114984,
            "gross_margin": 17.61,
            "gross_margin_4q_avg": 17.95,
            "net_income": 8110,
            "net_income_4q": null,
            "revenue": 652894,
            "revenue_4q": null,
            "common_shares": 1250014,
            "book_valuer_per_share": 24.34,
            "book_valuer_per_share_4q_avg": 24.2,
            "equity": 3016840,
            "current_ratio": 225.08,
            "debt_ratio": 26.52,
            "inventory_turnover_ratio": 1.46,
            "account_receivable_turnover_ratio": 1.28,
            "reinvestment_rate": null,
            "research_to_sale_ratio": 4.59,
            "price_fair": 22.4,
            "eps_avg_yearly": 0.64,
            "eps_latest_yearly": 0.76,
            "eps_growth_yearly": 2492.31
        },
        "20192": {
            "year_quarter": 20192,
            "year": 2019,
            "quarter": 2,
            "eps": 0.03,
            "eps_growth_year": -76.92,
            "eps_4q": 0.24,
            "eps_4q_growth_year": null,
            "roe": 0.18,
            "roe_4q": 1.1099999999999999,
            "gross_profit": 114071,
            "gross_margin": 19.28,
            "gross_margin_4q_avg": 19.44,
            "net_income": 5420,
            "net_income_4q": null,
            "revenue": 591766,
            "revenue_4q": null,
            "common_shares": 1230014,
            "book_valuer_per_share": 23.84,
            "book_valuer_per_share_4q_avg": 24.02,
            "equity": 2957515,
            "current_ratio": 228.41,
            "debt_ratio": 25.88,
            "inventory_turnover_ratio": 1.4,
            "account_receivable_turnover_ratio": 1.06,
            "reinvestment_rate": null,
            "research_to_sale_ratio": 5.77,
            "price_fair": 16.33,
            "eps_avg_yearly": 0.47,
            "eps_latest_yearly": 0.12,
            "eps_growth_yearly": 1608.21
        },
        "20193": {
            "year_quarter": 20193,
            "year": 2019,
            "quarter": 3,
            "eps": -0.05,
            "eps_growth_year": -126.32,
            "eps_4q": -0.01,
            "eps_4q_growth_year": null,
            "roe": -0.15,
            "roe_4q": 0.10000000000000003,
            "gross_profit": 94773,
            "gross_margin": 17.75,
            "gross_margin_4q_avg": 19.05,
            "net_income": -4276,
            "net_income_4q": null,
            "revenue": 534036,
            "revenue_4q": null,
            "common_shares": 1250014,
            "book_valuer_per_share": 22.92,
            "book_valuer_per_share_4q_avg": 23.77,
            "equity": 2897260,
            "current_ratio": 276.67,
            "debt_ratio": 20.94,
            "inventory_turnover_ratio": 1.54,
            "account_receivable_turnover_ratio": 1.04,
            "reinvestment_rate": null,
            "research_to_sale_ratio": 7.26,
            "price_fair": 16.33,
            "eps_avg_yearly": 0.47,
            "eps_latest_yearly": 0.12,
            "eps_growth_yearly": 1608.21
        },
        "20194": {
            "year_quarter": 20194,
            "year": 2019,
            "quarter": 4,
            "eps": -2.39,
            "eps_growth_year": null,
            "eps_4q": -2.36,
            "eps_4q_growth_year": -856.29,
            "roe": -10.44,
            "roe_4q": -10.14,
            "gross_profit": 72529,
            "gross_margin": 15.08,
            "gross_margin_4q_avg": 17.43,
            "net_income": -286977,
            "net_income_4q": null,
            "revenue": 480908,
            "revenue_4q": null,
            "common_shares": 1250014,
            "book_valuer_per_share": 20.46,
            "book_valuer_per_share_4q_avg": 22.89,
            "equity": 2598488,
            "current_ratio": 242.41,
            "debt_ratio": 24.79,
            "inventory_turnover_ratio": 1.65,
            "account_receivable_turnover_ratio": 1.09,
            "reinvestment_rate": null,
            "research_to_sale_ratio": 8.29,
            "price_fair": 16.33,
            "eps_avg_yearly": 0.47,
            "eps_latest_yearly": 0.12,
            "eps_growth_yearly": 1608.21
        },
        "20201": {
            "year_quarter": 20201,
            "year": 2020,
            "quarter": 1,
            "eps": -0.07,
            "eps_growth_year": -240,
            "eps_4q": -2.47,
            "eps_4q_growth_year": -804.61,
            "roe": -0.42,
            "roe_4q": -10.83,
            "gross_profit": 76812,
            "gross_margin": 15.47,
            "gross_margin_4q_avg": 16.9,
            "net_income": -10965,
            "net_income_4q": null,
            "revenue": 496474,
            "revenue_4q": null,
            "common_shares": 1250014,
            "book_valuer_per_share": 20.31,
            "book_valuer_per_share_4q_avg": 21.88,
            "equity": 2576733,
            "current_ratio": 226.76,
            "debt_ratio": 26.98,
            "inventory_turnover_ratio": 1.47,
            "account_receivable_turnover_ratio": 1.11,
            "reinvestment_rate": null,
            "research_to_sale_ratio": 4.5,
            "price_fair": 16.33,
            "eps_avg_yearly": 0.47,
            "eps_latest_yearly": 0.12,
            "eps_growth_yearly": 1608.21
        },
        "20202": {
            "year_quarter": 20202,
            "year": 2020,
            "quarter": 2,
            "eps": 0.11,
            "eps_growth_year": 266.67,
            "eps_4q": -2.43,
            "eps_4q_growth_year": -1102.49,
            "roe": 0.35,
            "roe_4q": -10.66,
            "gross_profit": 96264,
            "gross_margin": 19.88,
            "gross_margin_4q_avg": 17.05,
            "net_income": 8973,
            "net_income_4q": null,
            "revenue": 484312,
            "revenue_4q": null,
            "common_shares": 1250014,
            "book_valuer_per_share": 20.16,
            "book_valuer_per_share_4q_avg": 20.96,
            "equity": 2520958,
            "current_ratio": 242.11,
            "debt_ratio": 25.04,
            "inventory_turnover_ratio": 1.37,
            "account_receivable_turnover_ratio": 1.09,
            "reinvestment_rate": null,
            "research_to_sale_ratio": 5.24,
            "price_fair": 16.33,
            "eps_avg_yearly": 0.47,
            "eps_latest_yearly": 0.12,
            "eps_growth_yearly": 1608.21
        },
        "20203": {
            "year_quarter": 20203,
            "year": 2020,
            "quarter": 3,
            "eps": 0.22,
            "eps_growth_year": null,
            "eps_4q": -2.18,
            "eps_4q_growth_year": null,
            "roe": 0.88,
            "roe_4q": -9.629999999999999,
            "gross_profit": 95653,
            "gross_margin": 19.99,
            "gross_margin_4q_avg": 17.61,
            "net_income": 22387,
            "net_income_4q": null,
            "revenue": 478432,
            "revenue_4q": null,
            "common_shares": 1225564,
            "book_valuer_per_share": 20.89,
            "book_valuer_per_share_4q_avg": 20.46,
            "equity": 2574228,
            "current_ratio": 232.48,
            "debt_ratio": 27.32,
            "inventory_turnover_ratio": 1.67,
            "account_receivable_turnover_ratio": 1.15,
            "reinvestment_rate": null,
            "research_to_sale_ratio": 6.47,
            "price_fair": 19.95,
            "eps_avg_yearly": 0.57,
            "eps_latest_yearly": 0.88,
            "eps_growth_yearly": 1306.15
        },
        "20204": {
            "year_quarter": 20204,
            "year": 2020,
            "quarter": 4,
            "eps": 0.1,
            "eps_growth_year": null,
            "eps_4q": 0.35,
            "eps_4q_growth_year": null,
            "roe": 0.48,
            "roe_4q": 1.29,
            "gross_profit": 96643,
            "gross_margin": 21.86,
            "gross_margin_4q_avg": 19.3,
            "net_income": 12428,
            "net_income_4q": null,
            "revenue": 442020,
            "revenue_4q": null,
            "common_shares": 1225564,
            "book_valuer_per_share": 21.54,
            "book_valuer_per_share_4q_avg": 20.73,
            "equity": 2653662,
            "current_ratio": 207.95,
            "debt_ratio": 29.5,
            "inventory_turnover_ratio": 1.43,
            "account_receivable_turnover_ratio": 1.05,
            "reinvestment_rate": null,
            "research_to_sale_ratio": 5.48,
            "price_fair": 18.76,
            "eps_avg_yearly": 0.54,
            "eps_latest_yearly": 0.4,
            "eps_growth_yearly": 1001.29
        },
        "20211": {
            "year_quarter": 20211,
            "year": 2021,
            "quarter": 1,
            "eps": 0.29,
            "eps_growth_year": null,
            "eps_4q": 0.7,
            "eps_4q_growth_year": null,
            "roe": 1.44,
            "roe_4q": 3.15,
            "gross_profit": 134679,
            "gross_margin": 24.87,
            "gross_margin_4q_avg": 21.65,
            "net_income": 37796,
            "net_income_4q": null,
            "revenue": 541547,
            "revenue_4q": null,
            "common_shares": 1225564,
            "book_valuer_per_share": 21.05,
            "book_valuer_per_share_4q_avg": 20.91,
            "equity": 2599073,
            "current_ratio": 349.41,
            "debt_ratio": 31.29,
            "inventory_turnover_ratio": 1.56,
            "account_receivable_turnover_ratio": 1.25,
            "reinvestment_rate": null,
            "research_to_sale_ratio": 4.12,
            "price_fair": 22.4,
            "eps_avg_yearly": 0.64,
            "eps_latest_yearly": 1.16,
            "eps_growth_yearly": 961.07
        },
        "20212": {
            "year_quarter": 20212,
            "year": 2021,
            "quarter": 2,
            "eps": 0.31,
            "eps_growth_year": 181.82,
            "eps_4q": 0.91,
            "eps_4q_growth_year": null,
            "roe": 1.46,
            "roe_4q": 4.26,
            "gross_profit": 150662,
            "gross_margin": 26.01,
            "gross_margin_4q_avg": 23.18,
            "net_income": 38009,
            "net_income_4q": null,
            "revenue": 579183,
            "revenue_4q": null,
            "common_shares": 1225564,
            "book_valuer_per_share": 21.19,
            "book_valuer_per_share_4q_avg": 21.17,
            "equity": 2616098,
            "current_ratio": 298.51,
            "debt_ratio": 33.62,
            "inventory_turnover_ratio": 1.59,
            "account_receivable_turnover_ratio": 1.19,
            "reinvestment_rate": null,
            "research_to_sale_ratio": 5.26,
            "price_fair": 25.4,
            "eps_avg_yearly": 0.73,
            "eps_latest_yearly": 1.24,
            "eps_growth_yearly": 827.72
        },
        "20213": {
            "year_quarter": 20213,
            "year": 2021,
            "quarter": 3,
            "eps": 0.2,
            "eps_growth_year": -9.09,
            "eps_4q": 0.85,
            "eps_4q_growth_year": null,
            "roe": 0.92,
            "roe_4q": 4.3,
            "gross_profit": 109206,
            "gross_margin": 22.5,
            "gross_margin_4q_avg": 23.81,
            "net_income": 24449,
            "net_income_4q": null,
            "revenue": 485432,
            "revenue_4q": null,
            "common_shares": 1282073,
            "book_valuer_per_share": 20.85,
            "book_valuer_per_share_4q_avg": 21.16,
            "equity": 2693201,
            "current_ratio": 314.33,
            "debt_ratio": 30.11,
            "inventory_turnover_ratio": 1.3,
            "account_receivable_turnover_ratio": 1.01,
            "reinvestment_rate": null,
            "research_to_sale_ratio": 5.17,
            "price_fair": 25.73,
            "eps_avg_yearly": 0.74,
            "eps_latest_yearly": 0.8,
            "eps_growth_yearly": 706.51
        },
        "20214": {
            "year_quarter": 20214,
            "year": 2021,
            "quarter": 4,
            "eps": 0.2,
            "eps_growth_year": 107.53,
            "eps_4q": 0.96,
            "eps_4q_growth_year": 170.93,
            "roe": 1,
            "roe_4q": 4.82,
            "gross_profit": 115661,
            "gross_margin": 23.15,
            "gross_margin_4q_avg": 24.13,
            "net_income": 27491,
            "net_income_4q": null,
            "revenue": 499702,
            "revenue_4q": null,
            "common_shares": 1288617,
            "book_valuer_per_share": 21.06,
            "book_valuer_per_share_4q_avg": 21.04,
            "equity": 2784063,
            "current_ratio": 292.34,
            "debt_ratio": 31.2,
            "inventory_turnover_ratio": 1.24,
            "account_receivable_turnover_ratio": 1.15,
            "reinvestment_rate": null,
            "research_to_sale_ratio": 4.8,
            "price_fair": 25.98,
            "eps_avg_yearly": 0.74,
            "eps_latest_yearly": 0.8,
            "eps_growth_yearly": 628.01
        },
        "20221": {
            "year_quarter": 20221,
            "year": 2022,
            "quarter": 1,
            "eps": 0.13,
            "eps_growth_year": -55.17,
            "eps_4q": 0.82,
            "eps_4q_growth_year": 16.57,
            "roe": 0.64,
            "roe_4q": 4.02,
            "gross_profit": 111812,
            "gross_margin": 23.57,
            "gross_margin_4q_avg": 23.81,
            "net_income": 18204,
            "net_income_4q": null,
            "revenue": 474325,
            "revenue_4q": null,
            "common_shares": 1288617,
            "book_valuer_per_share": 21.7,
            "book_valuer_per_share_4q_avg": 21.2,
            "equity": 2869829,
            "current_ratio": 359.22,
            "debt_ratio": 27.46,
            "inventory_turnover_ratio": 1.17,
            "account_receivable_turnover_ratio": 1.03,
            "reinvestment_rate": null,
            "research_to_sale_ratio": 5.38,
            "price_fair": 25.2,
            "eps_avg_yearly": 0.72,
            "eps_latest_yearly": 0.52,
            "eps_growth_yearly": 551.21
        },
        "20222": {
            "year_quarter": 20222,
            "year": 2022,
            "quarter": 2,
            "eps": 0.12,
            "eps_growth_year": -61.29,
            "eps_4q": 0.62,
            "eps_4q_growth_year": -31.45,
            "roe": 0.71,
            "roe_4q": 3.27,
            "gross_profit": 122564,
            "gross_margin": 26.13,
            "gross_margin_4q_avg": 23.84,
            "net_income": 20305,
            "net_income_4q": null,
            "revenue": 469034,
            "revenue_4q": null,
            "common_shares": 1288617,
            "book_valuer_per_share": 21.34,
            "book_valuer_per_share_4q_avg": 21.24,
            "equity": 2823427,
            "current_ratio": 407.56,
            "debt_ratio": 25.81,
            "inventory_turnover_ratio": 1.18,
            "account_receivable_turnover_ratio": 1.07,
            "reinvestment_rate": null,
            "research_to_sale_ratio": 6.26,
            "price_fair": 25.06,
            "eps_avg_yearly": 0.72,
            "eps_latest_yearly": 0.48,
            "eps_growth_yearly": 68.13
        },
        "20223": {
            "year_quarter": 20223,
            "year": 2022,
            "quarter": 3,
            "eps": 0.15,
            "eps_growth_year": -25,
            "eps_4q": 0.59,
            "eps_4q_growth_year": -30.84,
            "roe": 0.86,
            "roe_4q": 3.21,
            "gross_profit": 114367,
            "gross_margin": 25.16,
            "gross_margin_4q_avg": 24.5,
            "net_income": 24371,
            "net_income_4q": null,
            "revenue": 454470,
            "revenue_4q": null,
            "common_shares": 1353353,
            "book_valuer_per_share": 20.56,
            "book_valuer_per_share_4q_avg": 21.17,
            "equity": 2850021,
            "current_ratio": 407.19,
            "debt_ratio": 25.73,
            "inventory_turnover_ratio": 1.17,
            "account_receivable_turnover_ratio": 1.1,
            "reinvestment_rate": null,
            "research_to_sale_ratio": 6.4,
            "price_fair": 24.5,
            "eps_avg_yearly": 0.7,
            "eps_latest_yearly": 0.6,
            "eps_growth_yearly": 59.67
        },
        "20224": {
            "year_quarter": 20224,
            "year": 2022,
            "quarter": 4,
            "eps": -0.2,
            "eps_growth_year": -200.18,
            "eps_4q": 0.2,
            "eps_4q_growth_year": -79.48,
            "roe": -1.03,
            "roe_4q": 1.18,
            "gross_profit": 113821,
            "gross_margin": 25.63,
            "gross_margin_4q_avg": 25.12,
            "net_income": -29037,
            "net_income_4q": null,
            "revenue": 444154,
            "revenue_4q": null,
            "common_shares": 1353353,
            "book_valuer_per_share": 20.24,
            "book_valuer_per_share_4q_avg": 20.96,
            "equity": 2782499,
            "current_ratio": 363.73,
            "debt_ratio": 27.41,
            "inventory_turnover_ratio": 1.11,
            "account_receivable_turnover_ratio": 1.03,
            "reinvestment_rate": null,
            "research_to_sale_ratio": 7,
            "price_fair": 24.5,
            "eps_avg_yearly": 0.7,
            "eps_latest_yearly": 0.6,
            "eps_growth_yearly": 59.67
        },
        "20231": {
            "year_quarter": 20231,
            "year": 2023,
            "quarter": 1,
            "eps": 0.1,
            "eps_growth_year": -23.08,
            "eps_4q": 0.16,
            "eps_4q_growth_year": -79.95,
            "roe": 0.4,
            "roe_4q": 0.94,
            "gross_profit": 123091,
            "gross_margin": 27.39,
            "gross_margin_4q_avg": 26.08,
            "net_income": 11363,
            "net_income_4q": null,
            "revenue": 449388,
            "revenue_4q": null,
            "common_shares": 1377152,
            "book_valuer_per_share": 20.32,
            "book_valuer_per_share_4q_avg": 20.62,
            "equity": 2840423,
            "current_ratio": 270.53,
            "debt_ratio": 23.82,
            "inventory_turnover_ratio": 1.06,
            "account_receivable_turnover_ratio": 1.07,
            "reinvestment_rate": null,
            "research_to_sale_ratio": 6.47,
            "price_fair": 24.5,
            "eps_avg_yearly": 0.7,
            "eps_latest_yearly": 0.6,
            "eps_growth_yearly": 59.67
        },
        "20232": {
            "year_quarter": 20232,
            "year": 2023,
            "quarter": 2,
            "eps": 0.1,
            "eps_growth_year": -16.67,
            "eps_4q": 0.14,
            "eps_4q_growth_year": -77.18,
            "roe": 0.5,
            "roe_4q": 0.73,
            "gross_profit": 121877,
            "gross_margin": 25.51,
            "gross_margin_4q_avg": 25.92,
            "net_income": 14115,
            "net_income_4q": null,
            "revenue": 477722,
            "revenue_4q": null,
            "common_shares": 1418884,
            "book_valuer_per_share": 19.77,
            "book_valuer_per_share_4q_avg": 20.22,
            "equity": 2845312,
            "current_ratio": 281.88,
            "debt_ratio": 22.84,
            "inventory_turnover_ratio": 1.15,
            "account_receivable_turnover_ratio": 1.16,
            "reinvestment_rate": null,
            "research_to_sale_ratio": 7.87,
            "price_fair": 25.48,
            "eps_avg_yearly": 0.73,
            "eps_latest_yearly": 0.4,
            "eps_growth_yearly": 75.67
        },
        "20233": {
            "year_quarter": 20233,
            "year": 2023,
            "quarter": 3,
            "eps": 0.11,
            "eps_growth_year": -26.67,
            "eps_4q": 0.1,
            "eps_4q_growth_year": -82.38,
            "roe": 0.51,
            "roe_4q": 0.3800000000000001,
            "gross_profit": 132125,
            "gross_margin": 24.82,
            "gross_margin_4q_avg": 25.84,
            "net_income": 14795,
            "net_income_4q": null,
            "revenue": 532286,
            "revenue_4q": null,
            "common_shares": 1442329,
            "book_valuer_per_share": 20.33,
            "book_valuer_per_share_4q_avg": 20.17,
            "equity": 2999837,
            "current_ratio": 343.52,
            "debt_ratio": 19.6,
            "inventory_turnover_ratio": 1.32,
            "account_receivable_turnover_ratio": 1.2,
            "reinvestment_rate": null,
            "research_to_sale_ratio": 6.1,
            "price_fair": 24.56,
            "eps_avg_yearly": 0.7,
            "eps_latest_yearly": 0.44,
            "eps_growth_yearly": 72.43
        }
    },
    "months": {
        "2007-10": {
            "month": "2007-10",
            "price": "141.94",
            "revenue": 84243
        },
        "2007-11": {
            "month": "2007-11",
            "price": "144.63",
            "revenue": 73018
        },
        "2007-12": {
            "month": "2007-12",
            "price": "142.15",
            "revenue": 66146
        },
        "2008-01": {
            "month": "2008-01",
            "price": "135.50",
            "revenue": 78385
        },
        "2008-02": {
            "month": "2008-02",
            "price": "128.02",
            "revenue": 61462
        },
        "2008-03": {
            "month": "2008-03",
            "price": "119.23",
            "revenue": 102425
        },
        "2008-04": {
            "month": "2008-04",
            "price": "109.30",
            "revenue": 97828
        },
        "2008-05": {
            "month": "2008-05",
            "price": "104.09",
            "revenue": 99766
        },
        "2008-06": {
            "month": "2008-06",
            "price": "101.89",
            "revenue": 93903
        },
        "2008-07": {
            "month": "2008-07",
            "price": "93.64",
            "revenue": 111775
        },
        "2008-08": {
            "month": "2008-08",
            "price": "80.81",
            "revenue": 90589
        },
        "2008-09": {
            "month": "2008-09",
            "price": "65.44",
            "revenue": 90047
        },
        "2008-10": {
            "month": "2008-10",
            "price": "39.50",
            "revenue": 93889
        },
        "2008-11": {
            "month": "2008-11",
            "price": "28.67",
            "revenue": 79535
        },
        "2008-12": {
            "month": "2008-12",
            "price": "28.96",
            "revenue": 68870
        },
        "2009-01": {
            "month": "2009-01",
            "price": "27.01",
            "revenue": 66260
        },
        "2009-02": {
            "month": "2009-02",
            "price": "28.90",
            "revenue": 74352
        },
        "2009-03": {
            "month": "2009-03",
            "price": "40.40",
            "revenue": 106928
        },
        "2009-04": {
            "month": "2009-04",
            "price": "53.12",
            "revenue": 116949
        },
        "2009-05": {
            "month": "2009-05",
            "price": "72.29",
            "revenue": 129695
        },
        "2009-06": {
            "month": "2009-06",
            "price": "75.56",
            "revenue": 150066
        },
        "2009-07": {
            "month": "2009-07",
            "price": "89.37",
            "revenue": 168406
        },
        "2009-08": {
            "month": "2009-08",
            "price": "89.30",
            "revenue": 181483
        },
        "2009-09": {
            "month": "2009-09",
            "price": "98.75",
            "revenue": 179079
        },
        "2009-10": {
            "month": "2009-10",
            "price": "128.55",
            "revenue": 184802
        },
        "2009-11": {
            "month": "2009-11",
            "price": "126.65",
            "revenue": 173210
        },
        "2009-12": {
            "month": "2009-12",
            "price": "122.85",
            "revenue": 170887
        },
        "2010-01": {
            "month": "2010-01",
            "price": "119.23",
            "revenue": 205803
        },
        "2010-02": {
            "month": "2010-02",
            "price": "115.33",
            "revenue": 173217
        },
        "2010-03": {
            "month": "2010-03",
            "price": "141.99",
            "revenue": 224754
        },
        "2010-04": {
            "month": "2010-04",
            "price": "170.58",
            "revenue": 294761
        },
        "2010-05": {
            "month": "2010-05",
            "price": "165.62",
            "revenue": 295595
        },
        "2010-06": {
            "month": "2010-06",
            "price": "164.41",
            "revenue": 286638
        },
        "2010-07": {
            "month": "2010-07",
            "price": "157.66",
            "revenue": 287717
        },
        "2010-08": {
            "month": "2010-08",
            "price": "158.82",
            "revenue": 290651
        },
        "2010-09": {
            "month": "2010-09",
            "price": "151.97",
            "revenue": 290515
        },
        "2010-10": {
            "month": "2010-10",
            "price": "142.37",
            "revenue": 246473
        },
        "2010-11": {
            "month": "2010-11",
            "price": "151.69",
            "revenue": 215364
        },
        "2010-12": {
            "month": "2010-12",
            "price": "179.37",
            "revenue": 191169
        },
        "2011-01": {
            "month": "2011-01",
            "price": "168.70",
            "revenue": 221653
        },
        "2011-02": {
            "month": "2011-02",
            "price": "158.18",
            "revenue": 181005
        },
        "2011-03": {
            "month": "2011-03",
            "price": "171.46",
            "revenue": 258251
        },
        "2011-04": {
            "month": "2011-04",
            "price": "160.00",
            "revenue": 249868
        },
        "2011-05": {
            "month": "2011-05",
            "price": "124.17",
            "revenue": 231065
        },
        "2011-06": {
            "month": "2011-06",
            "price": "125.69",
            "revenue": 194683
        },
        "2011-07": {
            "month": "2011-07",
            "price": "90.62",
            "revenue": 192529
        },
        "2011-08": {
            "month": "2011-08",
            "price": "62.26",
            "revenue": 190431
        },
        "2011-09": {
            "month": "2011-09",
            "price": "60.80",
            "revenue": 185768
        },
        "2011-10": {
            "month": "2011-10",
            "price": "70.70",
            "revenue": 184372
        },
        "2011-11": {
            "month": "2011-11",
            "price": "61.36",
            "revenue": 201263
        },
        "2011-12": {
            "month": "2011-12",
            "price": "54.65",
            "revenue": 195018
        },
        "2012-01": {
            "month": "2012-01",
            "price": "56.37",
            "revenue": 185693
        },
        "2012-02": {
            "month": "2012-02",
            "price": "70.90",
            "revenue": 196280
        },
        "2012-03": {
            "month": "2012-03",
            "price": "68.13",
            "revenue": 213606
        },
        "2012-04": {
            "month": "2012-04",
            "price": "62.96",
            "revenue": 226762
        },
        "2012-05": {
            "month": "2012-05",
            "price": "59.74",
            "revenue": 210663
        },
        "2012-06": {
            "month": "2012-06",
            "price": "51.37",
            "revenue": 205316
        },
        "2012-07": {
            "month": "2012-07",
            "price": "50.26",
            "revenue": 195287
        },
        "2012-08": {
            "month": "2012-08",
            "price": "44.41",
            "revenue": 195854
        },
        "2012-09": {
            "month": "2012-09",
            "price": "45.17",
            "revenue": 172359
        },
        "2012-10": {
            "month": "2012-10",
            "price": "39.17",
            "revenue": 160711
        },
        "2012-11": {
            "month": "2012-11",
            "price": "33.57",
            "revenue": 161343
        },
        "2012-12": {
            "month": "2012-12",
            "price": "36.96",
            "revenue": 136416
        },
        "2013-01": {
            "month": "2013-01",
            "price": "38.16",
            "revenue": 150296
        },
        "2013-02": {
            "month": "2013-02",
            "price": "37.18",
            "revenue": 120929
        },
        "2013-03": {
            "month": "2013-03",
            "price": "39.64",
            "revenue": 183442
        },
        "2013-04": {
            "month": "2013-04",
            "price": "36.13",
            "revenue": 249571
        },
        "2013-05": {
            "month": "2013-05",
            "price": "37.41",
            "revenue": 271267
        },
        "2013-06": {
            "month": "2013-06",
            "price": "36.35",
            "revenue": 294286
        },
        "2013-07": {
            "month": "2013-07",
            "price": "36.58",
            "revenue": 300826
        },
        "2013-08": {
            "month": "2013-08",
            "price": "35.61",
            "revenue": 289717
        },
        "2013-09": {
            "month": "2013-09",
            "price": "36.76",
            "revenue": 234998
        },
        "2013-10": {
            "month": "2013-10",
            "price": "36.35",
            "revenue": 218234
        },
        "2013-11": {
            "month": "2013-11",
            "price": "31.81",
            "revenue": 213375
        },
        "2013-12": {
            "month": "2013-12",
            "price": "32.15",
            "revenue": 208910
        },
        "2014-01": {
            "month": "2014-01",
            "price": "36.29",
            "revenue": 228785
        },
        "2014-02": {
            "month": "2014-02",
            "price": "37.81",
            "revenue": 183374
        },
        "2014-03": {
            "month": "2014-03",
            "price": "43.56",
            "revenue": 258237
        },
        "2014-04": {
            "month": "2014-04",
            "price": "39.94",
            "revenue": 268019
        },
        "2014-05": {
            "month": "2014-05",
            "price": "34.70",
            "revenue": 291314
        },
        "2014-06": {
            "month": "2014-06",
            "price": "38.03",
            "revenue": 229803
        },
        "2014-07": {
            "month": "2014-07",
            "price": "34.79",
            "revenue": 289736
        },
        "2014-08": {
            "month": "2014-08",
            "price": "31.80",
            "revenue": 305525
        },
        "2014-09": {
            "month": "2014-09",
            "price": "30.22",
            "revenue": 231363
        },
        "2014-10": {
            "month": "2014-10",
            "price": "24.59",
            "revenue": 249237
        },
        "2014-11": {
            "month": "2014-11",
            "price": "23.54",
            "revenue": 205041
        },
        "2014-12": {
            "month": "2014-12",
            "price": "25.11",
            "revenue": 205249
        },
        "2015-01": {
            "month": "2015-01",
            "price": "25.62",
            "revenue": 332165
        },
        "2015-02": {
            "month": "2015-02",
            "price": "28.40",
            "revenue": 237083
        },
        "2015-03": {
            "month": "2015-03",
            "price": "29.45",
            "revenue": 392581
        },
        "2015-04": {
            "month": "2015-04",
            "price": "28.27",
            "revenue": 408232
        },
        "2015-05": {
            "month": "2015-05",
            "price": "26.02",
            "revenue": 307947
        },
        "2015-06": {
            "month": "2015-06",
            "price": "21.63",
            "revenue": 233667
        },
        "2015-07": {
            "month": "2015-07",
            "price": "20.50",
            "revenue": 289665
        },
        "2015-08": {
            "month": "2015-08",
            "price": "19.35",
            "revenue": 231144
        },
        "2015-09": {
            "month": "2015-09",
            "price": "18.47",
            "revenue": 251212
        },
        "2015-10": {
            "month": "2015-10",
            "price": "18.63",
            "revenue": 257358
        },
        "2015-11": {
            "month": "2015-11",
            "price": "18.02",
            "revenue": 248839
        },
        "2015-12": {
            "month": "2015-12",
            "price": "17.08",
            "revenue": 212485
        },
        "2016-01": {
            "month": "2016-01",
            "price": "15.71",
            "revenue": 244994
        },
        "2016-02": {
            "month": "2016-02",
            "price": "16.19",
            "revenue": 174047
        },
        "2016-03": {
            "month": "2016-03",
            "price": "16.23",
            "revenue": 343103
        },
        "2016-04": {
            "month": "2016-04",
            "price": "15.31",
            "revenue": 311441
        },
        "2016-05": {
            "month": "2016-05",
            "price": "12.45",
            "revenue": 330179
        },
        "2016-06": {
            "month": "2016-06",
            "price": "13.20",
            "revenue": 327958
        },
        "2016-07": {
            "month": "2016-07",
            "price": "14.67",
            "revenue": 297918
        },
        "2016-08": {
            "month": "2016-08",
            "price": "13.70",
            "revenue": 310965
        },
        "2016-09": {
            "month": "2016-09",
            "price": "14.28",
            "revenue": 260600
        },
        "2016-10": {
            "month": "2016-10",
            "price": "13.65",
            "revenue": 270495
        },
        "2016-11": {
            "month": "2016-11",
            "price": "13.22",
            "revenue": 245014
        },
        "2016-12": {
            "month": "2016-12",
            "price": "13.42",
            "revenue": 272401
        },
        "2017-01": {
            "month": "2017-01",
            "price": "14.21",
            "revenue": 255556
        },
        "2017-02": {
            "month": "2017-02",
            "price": "17.67",
            "revenue": 181918
        },
        "2017-03": {
            "month": "2017-03",
            "price": "18.19",
            "revenue": 303903
        },
        "2017-04": {
            "month": "2017-04",
            "price": "17.04",
            "revenue": 194908
        },
        "2017-05": {
            "month": "2017-05",
            "price": "14.93",
            "revenue": 192459
        },
        "2017-06": {
            "month": "2017-06",
            "price": "14.50",
            "revenue": 197505
        },
        "2017-07": {
            "month": "2017-07",
            "price": "13.89",
            "revenue": 176267
        },
        "2017-08": {
            "month": "2017-08",
            "price": "13.89",
            "revenue": 183530
        },
        "2017-09": {
            "month": "2017-09",
            "price": "14.65",
            "revenue": 235528
        },
        "2017-10": {
            "month": "2017-10",
            "price": "15.54",
            "revenue": 209734
        },
        "2017-11": {
            "month": "2017-11",
            "price": "15.61",
            "revenue": 221674
        },
        "2017-12": {
            "month": "2017-12",
            "price": "15.03",
            "revenue": 232771
        },
        "2018-01": {
            "month": "2018-01",
            "price": "16.20",
            "revenue": 247117
        },
        "2018-02": {
            "month": "2018-02",
            "price": "16.09",
            "revenue": 225551
        },
        "2018-03": {
            "month": "2018-03",
            "price": "16.13",
            "revenue": 217768
        },
        "2018-04": {
            "month": "2018-04",
            "price": "15.41",
            "revenue": 204305
        },
        "2018-05": {
            "month": "2018-05",
            "price": "15.54",
            "revenue": 251566
        },
        "2018-06": {
            "month": "2018-06",
            "price": "18.66",
            "revenue": 288447
        },
        "2018-07": {
            "month": "2018-07",
            "price": "17.45",
            "revenue": 211576
        },
        "2018-08": {
            "month": "2018-08",
            "price": "16.23",
            "revenue": 221687
        },
        "2018-09": {
            "month": "2018-09",
            "price": "14.78",
            "revenue": 206027
        },
        "2018-10": {
            "month": "2018-10",
            "price": "12.72",
            "revenue": 191166
        },
        "2018-11": {
            "month": "2018-11",
            "price": "13.62",
            "revenue": 185207
        },
        "2018-12": {
            "month": "2018-12",
            "price": "14.12",
            "revenue": 173195
        },
        "2019-01": {
            "month": "2019-01",
            "price": "13.55",
            "revenue": 262293
        },
        "2019-02": {
            "month": "2019-02",
            "price": "14.22",
            "revenue": 185469
        },
        "2019-03": {
            "month": "2019-03",
            "price": "14.45",
            "revenue": 195871
        },
        "2019-04": {
            "month": "2019-04",
            "price": "16.19",
            "revenue": 206510
        },
        "2019-05": {
            "month": "2019-05",
            "price": "15.29",
            "revenue": 198950
        },
        "2019-06": {
            "month": "2019-06",
            "price": "14.71",
            "revenue": 195567
        },
        "2019-07": {
            "month": "2019-07",
            "price": "14.42",
            "revenue": 171902
        },
        "2019-08": {
            "month": "2019-08",
            "price": "13.14",
            "revenue": 192378
        },
        "2019-09": {
            "month": "2019-09",
            "price": "13.18",
            "revenue": 169756
        },
        "2019-10": {
            "month": "2019-10",
            "price": "13.12",
            "revenue": 155673
        },
        "2019-11": {
            "month": "2019-11",
            "price": "12.66",
            "revenue": 164516
        },
        "2019-12": {
            "month": "2019-12",
            "price": "13.09",
            "revenue": 176105
        },
        "2020-01": {
            "month": "2020-01",
            "price": "12.83",
            "revenue": 130232
        },
        "2020-02": {
            "month": "2020-02",
            "price": "11.57",
            "revenue": 105302
        },
        "2020-03": {
            "month": "2020-03",
            "price": "9.56",
            "revenue": 260940
        },
        "2020-04": {
            "month": "2020-04",
            "price": "11.04",
            "revenue": 189316
        },
        "2020-05": {
            "month": "2020-05",
            "price": "12.39",
            "revenue": 141062
        },
        "2020-06": {
            "month": "2020-06",
            "price": "11.38",
            "revenue": 153934
        },
        "2020-07": {
            "month": "2020-07",
            "price": "11.73",
            "revenue": 142162
        },
        "2020-08": {
            "month": "2020-08",
            "price": "11.53",
            "revenue": 154698
        },
        "2020-09": {
            "month": "2020-09",
            "price": "11.99",
            "revenue": 181572
        },
        "2020-10": {
            "month": "2020-10",
            "price": "11.78",
            "revenue": 141693
        },
        "2020-11": {
            "month": "2020-11",
            "price": "12.89",
            "revenue": 161732
        },
        "2020-12": {
            "month": "2020-12",
            "price": "15.79",
            "revenue": 164028
        },
        "2021-01": {
            "month": "2021-01",
            "price": "18.98",
            "revenue": 204631
        },
        "2021-02": {
            "month": "2021-02",
            "price": "18.14",
            "revenue": 144894
        },
        "2021-03": {
            "month": "2021-03",
            "price": "20.43",
            "revenue": 192022
        },
        "2021-04": {
            "month": "2021-04",
            "price": "23.24",
            "revenue": 203476
        },
        "2021-05": {
            "month": "2021-05",
            "price": "18.98",
            "revenue": 195018
        },
        "2021-06": {
            "month": "2021-06",
            "price": "19.62",
            "revenue": 180689
        },
        "2021-07": {
            "month": "2021-07",
            "price": "25.55",
            "revenue": 161022
        },
        "2021-08": {
            "month": "2021-08",
            "price": "24.18",
            "revenue": 146792
        },
        "2021-09": {
            "month": "2021-09",
            "price": "21.62",
            "revenue": 177618
        },
        "2021-10": {
            "month": "2021-10",
            "price": "19.99",
            "revenue": 156989
        },
        "2021-11": {
            "month": "2021-11",
            "price": "21.85",
            "revenue": 172428
        },
        "2021-12": {
            "month": "2021-12",
            "price": "23.87",
            "revenue": 168784
        },
        "2022-01": {
            "month": "2022-01",
            "price": "21.54",
            "revenue": 176214
        },
        "2022-02": {
            "month": "2022-02",
            "price": "20.90",
            "revenue": 134880
        },
        "2022-03": {
            "month": "2022-03",
            "price": "19.90",
            "revenue": 163231
        },
        "2022-04": {
            "month": "2022-04",
            "price": "18.07",
            "revenue": 153478
        },
        "2022-05": {
            "month": "2022-05",
            "price": "16.43",
            "revenue": 154125
        },
        "2022-06": {
            "month": "2022-06",
            "price": "15.95",
            "revenue": 161431
        },
        "2022-07": {
            "month": "2022-07",
            "price": "14.75",
            "revenue": 147124
        },
        "2022-08": {
            "month": "2022-08",
            "price": "17.45",
            "revenue": 154570
        },
        "2022-09": {
            "month": "2022-09",
            "price": "16.49",
            "revenue": 152776
        },
        "2022-10": {
            "month": "2022-10",
            "price": "14.62",
            "revenue": 144377
        },
        "2022-11": {
            "month": "2022-11",
            "price": "15.20",
            "revenue": 157286
        },
        "2022-12": {
            "month": "2022-12",
            "price": "16.34",
            "revenue": 141295
        },
        "2023-01": {
            "month": "2023-01",
            "price": "16.60",
            "revenue": 152404
        },
        "2023-02": {
            "month": "2023-02",
            "price": "20.69",
            "revenue": 141661
        },
        "2023-03": {
            "month": "2023-03",
            "price": "22.27",
            "revenue": 155323
        },
        "2023-04": {
            "month": "2023-04",
            "price": "23.81",
            "revenue": 173210
        },
        "2023-05": {
            "month": "2023-05",
            "price": "24.29",
            "revenue": 156259
        },
        "2023-06": {
            "month": "2023-06",
            "price": "25.60",
            "revenue": 148253
        },
        "2023-07": {
            "month": "2023-07",
            "price": "26.21",
            "revenue": 173146
        },
        "2023-08": {
            "month": "2023-08",
            "price": "25.25",
            "revenue": 177729
        },
        "2023-09": {
            "month": "2023-09",
            "price": "23.28",
            "revenue": 181411
        },
        "2023-10": {
            "month": "2023-10",
            "price": "22.89",
            "revenue": 169440
        },
        "2023-11": {
            "month": "2023-11",
            "price": "23.89",
            "revenue": 187219
        },
        "2023-12": {
            "month": "2023-12",
            "price": "24.76",
            "revenue": 175006
        }
    }
}
