{
    "summary": {
        "stock_name": "瑞鼎",
        "stock_id": "3592",
        "category": "半導體",
        "main_business": "研究、開發、設計、生產、製造及銷售1. 顯示器驅動IC<br>2. 觸控IC<br>3. 時序控制IC與電源管理IC",
        "website_url": "http://www.rad-ic.com",
        "ceo": "林文聰",
        "pe_ratio": 12,
        "report_year_from": 2007,
        "report_year_to": 2023,
        "age": 16,
        "eps_negative_percentage": 0,
        "eps_growth_avg": {
            "last_all": null,
            "last_2y": null,
            "last_4y": null,
            "last_8y": null,
            "last_12y": null,
            "last_16y": null,
            "last_20y": null,
            "at_2006_last_3y": null,
            "at_2007_last_3y": null,
            "at_2008_last_3y": null,
            "at_2009_last_3y": null,
            "at_2010_last_3y": null,
            "at_2011_last_3y": null,
            "at_2012_last_3y": null,
            "at_2013_last_3y": null,
            "at_2014_last_3y": null,
            "at_2015_last_3y": null,
            "at_2016_last_3y": null,
            "at_2017_last_3y": null,
            "at_2018_last_3y": null,
            "at_2019_last_3y": null,
            "at_2020_last_3y": null,
            "at_2021_last_3y": null,
            "at_2022_last_3y": null,
            "at_2023_last_3y": null,
            "at_2006_last_all": null,
            "at_2007_last_all": null,
            "at_2008_last_all": null,
            "at_2009_last_all": null,
            "at_2010_last_all": null,
            "at_2011_last_all": null,
            "at_2012_last_all": null,
            "at_2013_last_all": null,
            "at_2014_last_all": null,
            "at_2015_last_all": null,
            "at_2016_last_all": null,
            "at_2017_last_all": null,
            "at_2018_last_all": null,
            "at_2019_last_all": null,
            "at_2020_last_all": null,
            "at_2021_last_all": null,
            "at_2022_last_all": null,
            "at_2023_last_all": null
        },
        "latest_eps": 32.36,
        "latest_price": 375,
        "latest_roe": 23.69,
        "latest_gross_margin": 27.58,
        "latest_equity": 10042284,
        "latest_revenue": 3663841,
        "latest_gross_profit": 1010563,
        "latest_net_income": 167844,
        "latest_debt_ratio": 51.88,
        "latest_current_ratio": 195.6,
        "latest_account_receivable_turnover_ratio": 1.27,
        "latest_inventory_turnover_ratio": 0.8,
        "latest_reinvestment_rate": null,
        "latest_research_to_sale_ratio": 17.25
    },
    "eps_dividends": {
        "2001": {
            "cash": 0,
            "stock": 0,
            "eps": 0
        },
        "2002": {
            "cash": 0,
            "stock": 0,
            "eps": 0
        },
        "2003": {
            "cash": 0,
            "stock": 0,
            "eps": 0
        },
        "2004": {
            "cash": 0,
            "stock": 0,
            "eps": 0
        },
        "2005": {
            "cash": 0,
            "stock": 0,
            "eps": 0
        },
        "2006": {
            "cash": 0,
            "stock": 0,
            "eps": 0
        },
        "2007": {
            "cash": 0,
            "stock": 0,
            "eps": 0
        },
        "2008": {
            "cash": 0,
            "stock": 0,
            "eps": 0
        },
        "2009": {
            "cash": 7.5,
            "stock": 1.5,
            "eps": 0
        },
        "2010": {
            "cash": 15,
            "stock": 2,
            "eps": 0
        },
        "2011": {
            "cash": 10,
            "stock": 0,
            "eps": 0
        },
        "2012": {
            "cash": 8,
            "stock": 0,
            "eps": 0
        },
        "2013": {
            "cash": 0,
            "stock": 0,
            "eps": 0
        },
        "2014": {
            "cash": 8,
            "stock": 0,
            "eps": 0
        },
        "2015": {
            "cash": 6,
            "stock": 0,
            "eps": 0
        },
        "2016": {
            "cash": 6,
            "stock": 0,
            "eps": 0
        },
        "2017": {
            "cash": 6.5,
            "stock": 0,
            "eps": 0
        },
        "2018": {
            "cash": 5.5,
            "stock": 0,
            "eps": 0
        },
        "2019": {
            "cash": 7,
            "stock": 0,
            "eps": 0
        },
        "2020": {
            "cash": 8,
            "stock": 0,
            "eps": 0
        },
        "2021": {
            "cash": 10.5,
            "stock": 0,
            "eps": 30.17
        },
        "2022": {
            "cash": 45,
            "stock": 0,
            "eps": 51.37
        },
        "2023": {
            "cash": 41,
            "stock": 0,
            "eps": 2.21
        }
    },
    "dividends": {
        "2009-04-27": {
            "cash": 7.5,
            "stock": 1.5
        },
        "2010-03-29": {
            "cash": 15,
            "stock": 2
        },
        "2011-04-19": {
            "cash": 10,
            "stock": 0
        },
        "2012-04-20": {
            "cash": 8,
            "stock": 0
        },
        "2014-04-24": {
            "cash": 8,
            "stock": 0
        },
        "2015-08-07": {
            "cash": 6,
            "stock": 0
        },
        "2016-09-05": {
            "cash": 6,
            "stock": 0
        },
        "2017-07-28": {
            "cash": 6.5,
            "stock": 0
        },
        "2018-07-31": {
            "cash": 5.5,
            "stock": 0
        },
        "2019-07-26": {
            "cash": 7,
            "stock": 0
        },
        "2020-07-30": {
            "cash": 8,
            "stock": 0
        },
        "2021-07-30": {
            "cash": 10.5,
            "stock": 0
        },
        "2022-07-29": {
            "cash": 45,
            "stock": 0
        },
        "2023-07-28": {
            "cash": 41,
            "stock": 0
        }
    },
    "prices": {
        "200101": "無",
        "200102": "無",
        "200103": "無",
        "200104": "無",
        "200105": "無",
        "200106": "無",
        "200107": "無",
        "200108": "無",
        "200109": "無",
        "200110": "無",
        "200111": "無",
        "200112": "無",
        "200201": "無",
        "200202": "無",
        "200203": "無",
        "200204": "無",
        "200205": "無",
        "200206": "無",
        "200207": "無",
        "200208": "無",
        "200209": "無",
        "200210": "無",
        "200211": "無",
        "200212": "無",
        "200301": "無",
        "200302": "無",
        "200303": "無",
        "200304": "無",
        "200305": "無",
        "200306": "無",
        "200307": "無",
        "200308": "無",
        "200309": "無",
        "200310": "無",
        "200311": "無",
        "200312": "無",
        "200401": "無",
        "200402": "無",
        "200403": "無",
        "200404": "無",
        "200405": "無",
        "200406": "無",
        "200407": "無",
        "200408": "無",
        "200409": "無",
        "200410": "無",
        "200411": "無",
        "200412": "無",
        "200501": "無",
        "200502": "無",
        "200503": "無",
        "200504": "無",
        "200505": "無",
        "200506": "無",
        "200507": "無",
        "200508": "無",
        "200509": "無",
        "200510": "無",
        "200511": "無",
        "200512": "無",
        "200601": "無",
        "200602": "無",
        "200603": "無",
        "200604": "無",
        "200605": "無",
        "200606": "無",
        "200607": "無",
        "200608": "無",
        "200609": "無",
        "200610": "無",
        "200611": "無",
        "200612": "無",
        "200701": "無",
        "200702": "無",
        "200703": "無",
        "200704": "無",
        "200705": "無",
        "200706": "無",
        "200707": "無",
        "200708": "無",
        "200709": "無",
        "200710": "265.06",
        "200711": "239.86",
        "200712": "215.62",
        "200801": "208.59",
        "200802": "186.49",
        "200803": "201.23",
        "200804": "255.75",
        "200805": "328.43",
        "200806": "311.91",
        "200807": "258.16",
        "200808": "228.91",
        "200809": "213.12",
        "200810": "149.21",
        "200811": "92.56",
        "200812": "81.60",
        "200901": "84.21",
        "200902": "101.38",
        "200903": "139.61",
        "200904": "175.53",
        "200905": "229.66",
        "200906": "211.14",
        "200907": "231.13",
        "200908": "211.67",
        "200909": "206.46",
        "200910": "199.83",
        "200911": "190.06",
        "200912": "194.71",
        "201001": "195.85",
        "201002": "192.60",
        "201003": "190.09",
        "201004": "202.36",
        "201005": "221.66",
        "201006": "231.91",
        "201007": "189.22",
        "201008": "161.84",
        "201009": "165.12",
        "201010": "157.77",
        "201011": "158.15",
        "201012": "166.92",
        "201101": "158.24",
        "201102": "159.28",
        "201103": "152.39",
        "201104": "146.06",
        "201105": "134.38",
        "201106": "130.15",
        "201107": "102.67",
        "201108": "79.36",
        "201109": "82.91",
        "201110": "76.34",
        "201111": "72.84",
        "201112": "64.10",
        "201201": "66.02",
        "201202": "81.35",
        "201203": "87.76",
        "201204": "87.13",
        "201205": "82.83",
        "201206": "71.35",
        "201207": "67.39",
        "201208": "67.25",
        "201209": "78.28",
        "201210": "73.16",
        "201211": "72.67",
        "201212": "74.14",
        "201301": "74.24",
        "201302": "79.32",
        "201303": "88.19",
        "201304": "89.79",
        "201305": "99.08",
        "201306": "96.33",
        "201307": "90.31",
        "201308": "91.20",
        "201309": "91.83",
        "201310": "87.35",
        "201311": "83.63",
        "201312": "85.56",
        "201401": "85.12",
        "201402": "82.38",
        "201403": "80.71",
        "201404": "80.47",
        "201405": "80.32",
        "201406": "80.27",
        "201407": "72.31",
        "201408": "61.96",
        "201409": "59.18",
        "201410": "56.02",
        "201411": "56.07",
        "201412": "55.27",
        "201501": "58.22",
        "201502": "59.65",
        "201503": "57.48",
        "201504": "58.30",
        "201505": "61.25",
        "201506": "60.43",
        "201507": "52.43",
        "201508": "38.75",
        "201509": "35.14",
        "201510": "35.35",
        "201511": "39.42",
        "201512": "40.51",
        "201601": "37.71",
        "201602": "43.84",
        "201603": "48.58",
        "201604": "47.78",
        "201605": "45.76",
        "201606": "52.08",
        "201607": "58.42",
        "201608": "59.23",
        "201609": "62.90",
        "201610": "62.74",
        "201611": "54.90",
        "201612": "54.69",
        "201701": "56.28",
        "201702": "61.67",
        "201703": "66.92",
        "201704": "66.72",
        "201705": "66.68",
        "201706": "67.57",
        "201707": "62.88",
        "201708": "62.16",
        "201709": "63.21",
        "201710": "62.82",
        "201711": "62.44",
        "201712": "59.55",
        "201801": "58.77",
        "201802": "58.42",
        "201803": "57.90",
        "201804": "57.47",
        "201805": "56.91",
        "201806": "58.77",
        "201807": "55.00",
        "201808": "56.07",
        "201809": "60.75",
        "201810": "58.37",
        "201811": "58.26",
        "201812": "62.63",
        "201901": "71.32",
        "201902": "81.89",
        "201903": "86.43",
        "201904": "91.30",
        "201905": "88.11",
        "201906": "87.71",
        "201907": "89.40",
        "201908": "97.79",
        "201909": "97.26",
        "201910": "94.31",
        "201911": "93.54",
        "201912": "96.05",
        "202001": "98.71",
        "202002": "91.79",
        "202003": "83.89",
        "202004": "87.43",
        "202005": "93.48",
        "202006": "95.11",
        "202007": "90.31",
        "202008": "87.56",
        "202009": "86.77",
        "202010": "88.96",
        "202011": "91.39",
        "202012": "101.71",
        "202101": "162.30",
        "202102": "289.27",
        "202103": "360.55",
        "202104": "432.53",
        "202105": "343.93",
        "202106": "359.81",
        "202107": "381.02",
        "202108": "398.23",
        "202109": "357.50",
        "202110": "346.98",
        "202111": "419.98",
        "202112": "557.27",
        "202201": "600.83",
        "202202": "622.60",
        "202203": "542.87",
        "202204": "481.11",
        "202205": "493.17",
        "202206": "436.07",
        "202207": "283.19",
        "202208": "271.00",
        "202209": "242.83",
        "202210": "225.00",
        "202211": "286.50",
        "202212": "305.14",
        "202301": "340.62",
        "202302": "379.31",
        "202303": "411.30",
        "202304": "410.82",
        "202305": "352.43",
        "202306": "372.89"
    },
    "quarters": {
        "20011": {
            "year_quarter": 20011,
            "year": 2001,
            "quarter": 1,
            "eps": null,
            "eps_growth_year": null,
            "eps_4q": null,
            "eps_4q_growth_year": null,
            "roe": null,
            "roe_4q": 0,
            "gross_profit": null,
            "gross_margin": null,
            "gross_margin_4q_avg": 0,
            "net_income": null,
            "revenue": null,
            "common_shares": null,
            "book_valuer_per_share": null,
            "book_valuer_per_share_4q_avg": 0,
            "equity": null,
            "current_ratio": null,
            "debt_ratio": null,
            "inventory_turnover_ratio": null,
            "account_receivable_turnover_ratio": null,
            "reinvestment_rate": null,
            "research_to_sale_ratio": null,
            "price_fair": 0,
            "eps_avg_yearly": 0,
            "eps_latest_yearly": 0,
            "eps_growth_yearly": 0
        },
        "20012": {
            "year_quarter": 20012,
            "year": 2001,
            "quarter": 2,
            "eps": null,
            "eps_growth_year": null,
            "eps_4q": null,
            "eps_4q_growth_year": null,
            "roe": null,
            "roe_4q": 0,
            "gross_profit": null,
            "gross_margin": null,
            "gross_margin_4q_avg": 0,
            "net_income": null,
            "revenue": null,
            "common_shares": null,
            "book_valuer_per_share": null,
            "book_valuer_per_share_4q_avg": 0,
            "equity": null,
            "current_ratio": null,
            "debt_ratio": null,
            "inventory_turnover_ratio": null,
            "account_receivable_turnover_ratio": null,
            "reinvestment_rate": null,
            "research_to_sale_ratio": null,
            "price_fair": 0,
            "eps_avg_yearly": 0,
            "eps_latest_yearly": 0,
            "eps_growth_yearly": 0
        },
        "20013": {
            "year_quarter": 20013,
            "year": 2001,
            "quarter": 3,
            "eps": null,
            "eps_growth_year": null,
            "eps_4q": null,
            "eps_4q_growth_year": null,
            "roe": null,
            "roe_4q": 0,
            "gross_profit": null,
            "gross_margin": null,
            "gross_margin_4q_avg": 0,
            "net_income": null,
            "revenue": null,
            "common_shares": null,
            "book_valuer_per_share": null,
            "book_valuer_per_share_4q_avg": 0,
            "equity": null,
            "current_ratio": null,
            "debt_ratio": null,
            "inventory_turnover_ratio": null,
            "account_receivable_turnover_ratio": null,
            "reinvestment_rate": null,
            "research_to_sale_ratio": null,
            "price_fair": 0,
            "eps_avg_yearly": 0,
            "eps_latest_yearly": 0,
            "eps_growth_yearly": 0
        },
        "20014": {
            "year_quarter": 20014,
            "year": 2001,
            "quarter": 4,
            "eps": null,
            "eps_growth_year": null,
            "eps_4q": null,
            "eps_4q_growth_year": null,
            "roe": null,
            "roe_4q": 0,
            "gross_profit": null,
            "gross_margin": null,
            "gross_margin_4q_avg": 0,
            "net_income": null,
            "revenue": null,
            "common_shares": null,
            "book_valuer_per_share": null,
            "book_valuer_per_share_4q_avg": 0,
            "equity": null,
            "current_ratio": null,
            "debt_ratio": null,
            "inventory_turnover_ratio": null,
            "account_receivable_turnover_ratio": null,
            "reinvestment_rate": null,
            "research_to_sale_ratio": null,
            "price_fair": 0,
            "eps_avg_yearly": 0,
            "eps_latest_yearly": 0,
            "eps_growth_yearly": 0
        },
        "20021": {
            "year_quarter": 20021,
            "year": 2002,
            "quarter": 1,
            "eps": null,
            "eps_growth_year": null,
            "eps_4q": null,
            "eps_4q_growth_year": null,
            "roe": null,
            "roe_4q": 0,
            "gross_profit": null,
            "gross_margin": null,
            "gross_margin_4q_avg": 0,
            "net_income": null,
            "revenue": null,
            "common_shares": null,
            "book_valuer_per_share": null,
            "book_valuer_per_share_4q_avg": 0,
            "equity": null,
            "current_ratio": null,
            "debt_ratio": null,
            "inventory_turnover_ratio": null,
            "account_receivable_turnover_ratio": null,
            "reinvestment_rate": null,
            "research_to_sale_ratio": null,
            "price_fair": 0,
            "eps_avg_yearly": 0,
            "eps_latest_yearly": 0,
            "eps_growth_yearly": 0
        },
        "20022": {
            "year_quarter": 20022,
            "year": 2002,
            "quarter": 2,
            "eps": null,
            "eps_growth_year": null,
            "eps_4q": null,
            "eps_4q_growth_year": null,
            "roe": null,
            "roe_4q": 0,
            "gross_profit": null,
            "gross_margin": null,
            "gross_margin_4q_avg": 0,
            "net_income": null,
            "revenue": null,
            "common_shares": null,
            "book_valuer_per_share": null,
            "book_valuer_per_share_4q_avg": 0,
            "equity": null,
            "current_ratio": null,
            "debt_ratio": null,
            "inventory_turnover_ratio": null,
            "account_receivable_turnover_ratio": null,
            "reinvestment_rate": null,
            "research_to_sale_ratio": null,
            "price_fair": 0,
            "eps_avg_yearly": 0,
            "eps_latest_yearly": 0,
            "eps_growth_yearly": 0
        },
        "20023": {
            "year_quarter": 20023,
            "year": 2002,
            "quarter": 3,
            "eps": null,
            "eps_growth_year": null,
            "eps_4q": null,
            "eps_4q_growth_year": null,
            "roe": null,
            "roe_4q": 0,
            "gross_profit": null,
            "gross_margin": null,
            "gross_margin_4q_avg": 0,
            "net_income": null,
            "revenue": null,
            "common_shares": null,
            "book_valuer_per_share": null,
            "book_valuer_per_share_4q_avg": 0,
            "equity": null,
            "current_ratio": null,
            "debt_ratio": null,
            "inventory_turnover_ratio": null,
            "account_receivable_turnover_ratio": null,
            "reinvestment_rate": null,
            "research_to_sale_ratio": null,
            "price_fair": 0,
            "eps_avg_yearly": 0,
            "eps_latest_yearly": 0,
            "eps_growth_yearly": 0
        },
        "20024": {
            "year_quarter": 20024,
            "year": 2002,
            "quarter": 4,
            "eps": null,
            "eps_growth_year": null,
            "eps_4q": null,
            "eps_4q_growth_year": null,
            "roe": null,
            "roe_4q": 0,
            "gross_profit": null,
            "gross_margin": null,
            "gross_margin_4q_avg": 0,
            "net_income": null,
            "revenue": null,
            "common_shares": null,
            "book_valuer_per_share": null,
            "book_valuer_per_share_4q_avg": 0,
            "equity": null,
            "current_ratio": null,
            "debt_ratio": null,
            "inventory_turnover_ratio": null,
            "account_receivable_turnover_ratio": null,
            "reinvestment_rate": null,
            "research_to_sale_ratio": null,
            "price_fair": 0,
            "eps_avg_yearly": 0,
            "eps_latest_yearly": 0,
            "eps_growth_yearly": 0
        },
        "20031": {
            "year_quarter": 20031,
            "year": 2003,
            "quarter": 1,
            "eps": null,
            "eps_growth_year": null,
            "eps_4q": null,
            "eps_4q_growth_year": null,
            "roe": null,
            "roe_4q": 0,
            "gross_profit": null,
            "gross_margin": null,
            "gross_margin_4q_avg": 0,
            "net_income": null,
            "revenue": null,
            "common_shares": null,
            "book_valuer_per_share": null,
            "book_valuer_per_share_4q_avg": 0,
            "equity": null,
            "current_ratio": null,
            "debt_ratio": null,
            "inventory_turnover_ratio": null,
            "account_receivable_turnover_ratio": null,
            "reinvestment_rate": null,
            "research_to_sale_ratio": null,
            "price_fair": 0,
            "eps_avg_yearly": 0,
            "eps_latest_yearly": 0,
            "eps_growth_yearly": 0
        },
        "20032": {
            "year_quarter": 20032,
            "year": 2003,
            "quarter": 2,
            "eps": null,
            "eps_growth_year": null,
            "eps_4q": null,
            "eps_4q_growth_year": null,
            "roe": null,
            "roe_4q": 0,
            "gross_profit": null,
            "gross_margin": null,
            "gross_margin_4q_avg": 0,
            "net_income": null,
            "revenue": null,
            "common_shares": null,
            "book_valuer_per_share": null,
            "book_valuer_per_share_4q_avg": 0,
            "equity": null,
            "current_ratio": null,
            "debt_ratio": null,
            "inventory_turnover_ratio": null,
            "account_receivable_turnover_ratio": null,
            "reinvestment_rate": null,
            "research_to_sale_ratio": null,
            "price_fair": 0,
            "eps_avg_yearly": 0,
            "eps_latest_yearly": 0,
            "eps_growth_yearly": 0
        },
        "20033": {
            "year_quarter": 20033,
            "year": 2003,
            "quarter": 3,
            "eps": null,
            "eps_growth_year": null,
            "eps_4q": null,
            "eps_4q_growth_year": null,
            "roe": null,
            "roe_4q": 0,
            "gross_profit": null,
            "gross_margin": null,
            "gross_margin_4q_avg": 0,
            "net_income": null,
            "revenue": null,
            "common_shares": null,
            "book_valuer_per_share": null,
            "book_valuer_per_share_4q_avg": 0,
            "equity": null,
            "current_ratio": null,
            "debt_ratio": null,
            "inventory_turnover_ratio": null,
            "account_receivable_turnover_ratio": null,
            "reinvestment_rate": null,
            "research_to_sale_ratio": null,
            "price_fair": 0,
            "eps_avg_yearly": 0,
            "eps_latest_yearly": 0,
            "eps_growth_yearly": 0
        },
        "20034": {
            "year_quarter": 20034,
            "year": 2003,
            "quarter": 4,
            "eps": null,
            "eps_growth_year": null,
            "eps_4q": null,
            "eps_4q_growth_year": null,
            "roe": null,
            "roe_4q": 0,
            "gross_profit": null,
            "gross_margin": null,
            "gross_margin_4q_avg": 0,
            "net_income": null,
            "revenue": null,
            "common_shares": null,
            "book_valuer_per_share": null,
            "book_valuer_per_share_4q_avg": 0,
            "equity": null,
            "current_ratio": null,
            "debt_ratio": null,
            "inventory_turnover_ratio": null,
            "account_receivable_turnover_ratio": null,
            "reinvestment_rate": null,
            "research_to_sale_ratio": null,
            "price_fair": 0,
            "eps_avg_yearly": 0,
            "eps_latest_yearly": 0,
            "eps_growth_yearly": 0
        },
        "20041": {
            "year_quarter": 20041,
            "year": 2004,
            "quarter": 1,
            "eps": null,
            "eps_growth_year": null,
            "eps_4q": null,
            "eps_4q_growth_year": null,
            "roe": null,
            "roe_4q": 0,
            "gross_profit": null,
            "gross_margin": null,
            "gross_margin_4q_avg": 0,
            "net_income": null,
            "revenue": null,
            "common_shares": null,
            "book_valuer_per_share": null,
            "book_valuer_per_share_4q_avg": 0,
            "equity": null,
            "current_ratio": null,
            "debt_ratio": null,
            "inventory_turnover_ratio": null,
            "account_receivable_turnover_ratio": null,
            "reinvestment_rate": null,
            "research_to_sale_ratio": null,
            "price_fair": 0,
            "eps_avg_yearly": 0,
            "eps_latest_yearly": 0,
            "eps_growth_yearly": 0
        },
        "20042": {
            "year_quarter": 20042,
            "year": 2004,
            "quarter": 2,
            "eps": null,
            "eps_growth_year": null,
            "eps_4q": null,
            "eps_4q_growth_year": null,
            "roe": null,
            "roe_4q": 0,
            "gross_profit": null,
            "gross_margin": null,
            "gross_margin_4q_avg": 0,
            "net_income": null,
            "revenue": null,
            "common_shares": null,
            "book_valuer_per_share": null,
            "book_valuer_per_share_4q_avg": 0,
            "equity": null,
            "current_ratio": null,
            "debt_ratio": null,
            "inventory_turnover_ratio": null,
            "account_receivable_turnover_ratio": null,
            "reinvestment_rate": null,
            "research_to_sale_ratio": null,
            "price_fair": 0,
            "eps_avg_yearly": 0,
            "eps_latest_yearly": 0,
            "eps_growth_yearly": 0
        },
        "20043": {
            "year_quarter": 20043,
            "year": 2004,
            "quarter": 3,
            "eps": null,
            "eps_growth_year": null,
            "eps_4q": null,
            "eps_4q_growth_year": null,
            "roe": null,
            "roe_4q": 0,
            "gross_profit": null,
            "gross_margin": null,
            "gross_margin_4q_avg": 0,
            "net_income": null,
            "revenue": null,
            "common_shares": null,
            "book_valuer_per_share": null,
            "book_valuer_per_share_4q_avg": 0,
            "equity": null,
            "current_ratio": null,
            "debt_ratio": null,
            "inventory_turnover_ratio": null,
            "account_receivable_turnover_ratio": null,
            "reinvestment_rate": null,
            "research_to_sale_ratio": null,
            "price_fair": 0,
            "eps_avg_yearly": 0,
            "eps_latest_yearly": 0,
            "eps_growth_yearly": 0
        },
        "20044": {
            "year_quarter": 20044,
            "year": 2004,
            "quarter": 4,
            "eps": null,
            "eps_growth_year": null,
            "eps_4q": null,
            "eps_4q_growth_year": null,
            "roe": null,
            "roe_4q": 0,
            "gross_profit": null,
            "gross_margin": null,
            "gross_margin_4q_avg": 0,
            "net_income": null,
            "revenue": null,
            "common_shares": null,
            "book_valuer_per_share": null,
            "book_valuer_per_share_4q_avg": 0,
            "equity": null,
            "current_ratio": null,
            "debt_ratio": null,
            "inventory_turnover_ratio": null,
            "account_receivable_turnover_ratio": null,
            "reinvestment_rate": null,
            "research_to_sale_ratio": null,
            "price_fair": 0,
            "eps_avg_yearly": 0,
            "eps_latest_yearly": 0,
            "eps_growth_yearly": 0
        },
        "20051": {
            "year_quarter": 20051,
            "year": 2005,
            "quarter": 1,
            "eps": null,
            "eps_growth_year": null,
            "eps_4q": null,
            "eps_4q_growth_year": null,
            "roe": null,
            "roe_4q": 0,
            "gross_profit": null,
            "gross_margin": null,
            "gross_margin_4q_avg": 0,
            "net_income": null,
            "revenue": null,
            "common_shares": null,
            "book_valuer_per_share": null,
            "book_valuer_per_share_4q_avg": 0,
            "equity": null,
            "current_ratio": null,
            "debt_ratio": null,
            "inventory_turnover_ratio": null,
            "account_receivable_turnover_ratio": null,
            "reinvestment_rate": null,
            "research_to_sale_ratio": null,
            "price_fair": 0,
            "eps_avg_yearly": 0,
            "eps_latest_yearly": 0,
            "eps_growth_yearly": 0
        },
        "20052": {
            "year_quarter": 20052,
            "year": 2005,
            "quarter": 2,
            "eps": null,
            "eps_growth_year": null,
            "eps_4q": null,
            "eps_4q_growth_year": null,
            "roe": null,
            "roe_4q": 0,
            "gross_profit": null,
            "gross_margin": null,
            "gross_margin_4q_avg": 0,
            "net_income": null,
            "revenue": null,
            "common_shares": null,
            "book_valuer_per_share": null,
            "book_valuer_per_share_4q_avg": 0,
            "equity": null,
            "current_ratio": null,
            "debt_ratio": null,
            "inventory_turnover_ratio": null,
            "account_receivable_turnover_ratio": null,
            "reinvestment_rate": null,
            "research_to_sale_ratio": null,
            "price_fair": 0,
            "eps_avg_yearly": 0,
            "eps_latest_yearly": 0,
            "eps_growth_yearly": 0
        },
        "20053": {
            "year_quarter": 20053,
            "year": 2005,
            "quarter": 3,
            "eps": null,
            "eps_growth_year": null,
            "eps_4q": null,
            "eps_4q_growth_year": null,
            "roe": null,
            "roe_4q": 0,
            "gross_profit": null,
            "gross_margin": null,
            "gross_margin_4q_avg": 0,
            "net_income": null,
            "revenue": null,
            "common_shares": null,
            "book_valuer_per_share": null,
            "book_valuer_per_share_4q_avg": 0,
            "equity": null,
            "current_ratio": null,
            "debt_ratio": null,
            "inventory_turnover_ratio": null,
            "account_receivable_turnover_ratio": null,
            "reinvestment_rate": null,
            "research_to_sale_ratio": null,
            "price_fair": 0,
            "eps_avg_yearly": 0,
            "eps_latest_yearly": 0,
            "eps_growth_yearly": 0
        },
        "20054": {
            "year_quarter": 20054,
            "year": 2005,
            "quarter": 4,
            "eps": null,
            "eps_growth_year": null,
            "eps_4q": null,
            "eps_4q_growth_year": null,
            "roe": null,
            "roe_4q": 0,
            "gross_profit": null,
            "gross_margin": null,
            "gross_margin_4q_avg": 0,
            "net_income": null,
            "revenue": null,
            "common_shares": null,
            "book_valuer_per_share": null,
            "book_valuer_per_share_4q_avg": 0,
            "equity": null,
            "current_ratio": null,
            "debt_ratio": null,
            "inventory_turnover_ratio": null,
            "account_receivable_turnover_ratio": null,
            "reinvestment_rate": null,
            "research_to_sale_ratio": null,
            "price_fair": 0,
            "eps_avg_yearly": 0,
            "eps_latest_yearly": 0,
            "eps_growth_yearly": 0
        },
        "20061": {
            "year_quarter": 20061,
            "year": 2006,
            "quarter": 1,
            "eps": null,
            "eps_growth_year": null,
            "eps_4q": null,
            "eps_4q_growth_year": null,
            "roe": null,
            "roe_4q": 0,
            "gross_profit": null,
            "gross_margin": null,
            "gross_margin_4q_avg": 0,
            "net_income": null,
            "revenue": null,
            "common_shares": null,
            "book_valuer_per_share": null,
            "book_valuer_per_share_4q_avg": 0,
            "equity": null,
            "current_ratio": null,
            "debt_ratio": null,
            "inventory_turnover_ratio": null,
            "account_receivable_turnover_ratio": null,
            "reinvestment_rate": null,
            "research_to_sale_ratio": null,
            "price_fair": 0,
            "eps_avg_yearly": 0,
            "eps_latest_yearly": 0,
            "eps_growth_yearly": 0
        },
        "20062": {
            "year_quarter": 20062,
            "year": 2006,
            "quarter": 2,
            "eps": null,
            "eps_growth_year": null,
            "eps_4q": null,
            "eps_4q_growth_year": null,
            "roe": null,
            "roe_4q": 0,
            "gross_profit": null,
            "gross_margin": null,
            "gross_margin_4q_avg": 0,
            "net_income": null,
            "revenue": null,
            "common_shares": null,
            "book_valuer_per_share": null,
            "book_valuer_per_share_4q_avg": 0,
            "equity": null,
            "current_ratio": null,
            "debt_ratio": null,
            "inventory_turnover_ratio": null,
            "account_receivable_turnover_ratio": null,
            "reinvestment_rate": null,
            "research_to_sale_ratio": null,
            "price_fair": 0,
            "eps_avg_yearly": 0,
            "eps_latest_yearly": 0,
            "eps_growth_yearly": 0
        },
        "20063": {
            "year_quarter": 20063,
            "year": 2006,
            "quarter": 3,
            "eps": null,
            "eps_growth_year": null,
            "eps_4q": null,
            "eps_4q_growth_year": null,
            "roe": null,
            "roe_4q": 0,
            "gross_profit": null,
            "gross_margin": null,
            "gross_margin_4q_avg": 0,
            "net_income": null,
            "revenue": null,
            "common_shares": null,
            "book_valuer_per_share": null,
            "book_valuer_per_share_4q_avg": 0,
            "equity": null,
            "current_ratio": null,
            "debt_ratio": null,
            "inventory_turnover_ratio": null,
            "account_receivable_turnover_ratio": null,
            "reinvestment_rate": null,
            "research_to_sale_ratio": null,
            "price_fair": 0,
            "eps_avg_yearly": 0,
            "eps_latest_yearly": 0,
            "eps_growth_yearly": 0
        },
        "20064": {
            "year_quarter": 20064,
            "year": 2006,
            "quarter": 4,
            "eps": null,
            "eps_growth_year": null,
            "eps_4q": null,
            "eps_4q_growth_year": null,
            "roe": null,
            "roe_4q": 0,
            "gross_profit": null,
            "gross_margin": null,
            "gross_margin_4q_avg": 0,
            "net_income": null,
            "revenue": null,
            "common_shares": null,
            "book_valuer_per_share": null,
            "book_valuer_per_share_4q_avg": 0,
            "equity": null,
            "current_ratio": null,
            "debt_ratio": null,
            "inventory_turnover_ratio": null,
            "account_receivable_turnover_ratio": null,
            "reinvestment_rate": null,
            "research_to_sale_ratio": null,
            "price_fair": 0,
            "eps_avg_yearly": 0,
            "eps_latest_yearly": 0,
            "eps_growth_yearly": 0
        },
        "20071": {
            "year_quarter": 20071,
            "year": 2007,
            "quarter": 1,
            "eps": null,
            "eps_growth_year": null,
            "eps_4q": null,
            "eps_4q_growth_year": null,
            "roe": null,
            "roe_4q": 0,
            "gross_profit": null,
            "gross_margin": null,
            "gross_margin_4q_avg": 0,
            "net_income": null,
            "revenue": null,
            "common_shares": null,
            "book_valuer_per_share": null,
            "book_valuer_per_share_4q_avg": 0,
            "equity": null,
            "current_ratio": null,
            "debt_ratio": null,
            "inventory_turnover_ratio": null,
            "account_receivable_turnover_ratio": null,
            "reinvestment_rate": null,
            "research_to_sale_ratio": null,
            "price_fair": 0,
            "eps_avg_yearly": 0,
            "eps_latest_yearly": 0,
            "eps_growth_yearly": 0
        },
        "20072": {
            "year_quarter": 20072,
            "year": 2007,
            "quarter": 2,
            "eps": null,
            "eps_growth_year": null,
            "eps_4q": null,
            "eps_4q_growth_year": null,
            "roe": null,
            "roe_4q": 0,
            "gross_profit": null,
            "gross_margin": null,
            "gross_margin_4q_avg": 0,
            "net_income": null,
            "revenue": null,
            "common_shares": null,
            "book_valuer_per_share": null,
            "book_valuer_per_share_4q_avg": 0,
            "equity": null,
            "current_ratio": null,
            "debt_ratio": null,
            "inventory_turnover_ratio": null,
            "account_receivable_turnover_ratio": null,
            "reinvestment_rate": null,
            "research_to_sale_ratio": null,
            "price_fair": 0,
            "eps_avg_yearly": 0,
            "eps_latest_yearly": 0,
            "eps_growth_yearly": 0
        },
        "20073": {
            "year_quarter": 20073,
            "year": 2007,
            "quarter": 3,
            "eps": null,
            "eps_growth_year": null,
            "eps_4q": null,
            "eps_4q_growth_year": null,
            "roe": null,
            "roe_4q": 0,
            "gross_profit": null,
            "gross_margin": null,
            "gross_margin_4q_avg": 0,
            "net_income": null,
            "revenue": null,
            "common_shares": null,
            "book_valuer_per_share": null,
            "book_valuer_per_share_4q_avg": 0,
            "equity": null,
            "current_ratio": null,
            "debt_ratio": null,
            "inventory_turnover_ratio": null,
            "account_receivable_turnover_ratio": null,
            "reinvestment_rate": null,
            "research_to_sale_ratio": null,
            "price_fair": 0,
            "eps_avg_yearly": 0,
            "eps_latest_yearly": 0,
            "eps_growth_yearly": 0
        },
        "20074": {
            "year_quarter": 20074,
            "year": 2007,
            "quarter": 4,
            "eps": null,
            "eps_growth_year": null,
            "eps_4q": null,
            "eps_4q_growth_year": null,
            "roe": null,
            "roe_4q": 0,
            "gross_profit": null,
            "gross_margin": null,
            "gross_margin_4q_avg": 0,
            "net_income": null,
            "revenue": null,
            "common_shares": null,
            "book_valuer_per_share": null,
            "book_valuer_per_share_4q_avg": 0,
            "equity": null,
            "current_ratio": null,
            "debt_ratio": null,
            "inventory_turnover_ratio": null,
            "account_receivable_turnover_ratio": null,
            "reinvestment_rate": null,
            "research_to_sale_ratio": null,
            "price_fair": 0,
            "eps_avg_yearly": 0,
            "eps_latest_yearly": 0,
            "eps_growth_yearly": 0
        },
        "20081": {
            "year_quarter": 20081,
            "year": 2008,
            "quarter": 1,
            "eps": null,
            "eps_growth_year": null,
            "eps_4q": null,
            "eps_4q_growth_year": null,
            "roe": null,
            "roe_4q": 0,
            "gross_profit": null,
            "gross_margin": null,
            "gross_margin_4q_avg": 0,
            "net_income": null,
            "revenue": null,
            "common_shares": null,
            "book_valuer_per_share": null,
            "book_valuer_per_share_4q_avg": 0,
            "equity": null,
            "current_ratio": null,
            "debt_ratio": null,
            "inventory_turnover_ratio": null,
            "account_receivable_turnover_ratio": null,
            "reinvestment_rate": null,
            "research_to_sale_ratio": null,
            "price_fair": 0,
            "eps_avg_yearly": 0,
            "eps_latest_yearly": 0,
            "eps_growth_yearly": 0
        },
        "20082": {
            "year_quarter": 20082,
            "year": 2008,
            "quarter": 2,
            "eps": null,
            "eps_growth_year": null,
            "eps_4q": null,
            "eps_4q_growth_year": null,
            "roe": null,
            "roe_4q": 0,
            "gross_profit": null,
            "gross_margin": null,
            "gross_margin_4q_avg": 0,
            "net_income": null,
            "revenue": null,
            "common_shares": null,
            "book_valuer_per_share": null,
            "book_valuer_per_share_4q_avg": 0,
            "equity": null,
            "current_ratio": null,
            "debt_ratio": null,
            "inventory_turnover_ratio": null,
            "account_receivable_turnover_ratio": null,
            "reinvestment_rate": null,
            "research_to_sale_ratio": null,
            "price_fair": 0,
            "eps_avg_yearly": 0,
            "eps_latest_yearly": 0,
            "eps_growth_yearly": 0
        },
        "20083": {
            "year_quarter": 20083,
            "year": 2008,
            "quarter": 3,
            "eps": null,
            "eps_growth_year": null,
            "eps_4q": null,
            "eps_4q_growth_year": null,
            "roe": null,
            "roe_4q": 0,
            "gross_profit": null,
            "gross_margin": null,
            "gross_margin_4q_avg": 0,
            "net_income": null,
            "revenue": null,
            "common_shares": null,
            "book_valuer_per_share": null,
            "book_valuer_per_share_4q_avg": 0,
            "equity": null,
            "current_ratio": null,
            "debt_ratio": null,
            "inventory_turnover_ratio": null,
            "account_receivable_turnover_ratio": null,
            "reinvestment_rate": null,
            "research_to_sale_ratio": null,
            "price_fair": 0,
            "eps_avg_yearly": 0,
            "eps_latest_yearly": 0,
            "eps_growth_yearly": 0
        },
        "20084": {
            "year_quarter": 20084,
            "year": 2008,
            "quarter": 4,
            "eps": null,
            "eps_growth_year": null,
            "eps_4q": null,
            "eps_4q_growth_year": null,
            "roe": null,
            "roe_4q": 0,
            "gross_profit": null,
            "gross_margin": null,
            "gross_margin_4q_avg": 0,
            "net_income": null,
            "revenue": null,
            "common_shares": 455000,
            "book_valuer_per_share": null,
            "book_valuer_per_share_4q_avg": 0,
            "equity": 1691575,
            "current_ratio": null,
            "debt_ratio": null,
            "inventory_turnover_ratio": null,
            "account_receivable_turnover_ratio": null,
            "reinvestment_rate": null,
            "research_to_sale_ratio": null,
            "price_fair": 0,
            "eps_avg_yearly": 0,
            "eps_latest_yearly": 0,
            "eps_growth_yearly": 0
        },
        "20091": {
            "year_quarter": 20091,
            "year": 2009,
            "quarter": 1,
            "eps": null,
            "eps_growth_year": null,
            "eps_4q": null,
            "eps_4q_growth_year": null,
            "roe": null,
            "roe_4q": 0,
            "gross_profit": null,
            "gross_margin": null,
            "gross_margin_4q_avg": 0,
            "net_income": null,
            "revenue": null,
            "common_shares": null,
            "book_valuer_per_share": null,
            "book_valuer_per_share_4q_avg": 0,
            "equity": null,
            "current_ratio": null,
            "debt_ratio": null,
            "inventory_turnover_ratio": null,
            "account_receivable_turnover_ratio": null,
            "reinvestment_rate": null,
            "research_to_sale_ratio": null,
            "price_fair": 0,
            "eps_avg_yearly": 0,
            "eps_latest_yearly": 0,
            "eps_growth_yearly": 0
        },
        "20092": {
            "year_quarter": 20092,
            "year": 2009,
            "quarter": 2,
            "eps": null,
            "eps_growth_year": null,
            "eps_4q": null,
            "eps_4q_growth_year": null,
            "roe": null,
            "roe_4q": 0,
            "gross_profit": null,
            "gross_margin": null,
            "gross_margin_4q_avg": 0,
            "net_income": null,
            "revenue": null,
            "common_shares": 455000,
            "book_valuer_per_share": null,
            "book_valuer_per_share_4q_avg": 0,
            "equity": 1916162,
            "current_ratio": null,
            "debt_ratio": null,
            "inventory_turnover_ratio": null,
            "account_receivable_turnover_ratio": null,
            "reinvestment_rate": null,
            "research_to_sale_ratio": null,
            "price_fair": 0,
            "eps_avg_yearly": 0,
            "eps_latest_yearly": 0,
            "eps_growth_yearly": 0
        },
        "20093": {
            "year_quarter": 20093,
            "year": 2009,
            "quarter": 3,
            "eps": null,
            "eps_growth_year": null,
            "eps_4q": null,
            "eps_4q_growth_year": null,
            "roe": null,
            "roe_4q": 0,
            "gross_profit": null,
            "gross_margin": null,
            "gross_margin_4q_avg": 0,
            "net_income": null,
            "revenue": null,
            "common_shares": null,
            "book_valuer_per_share": null,
            "book_valuer_per_share_4q_avg": 0,
            "equity": null,
            "current_ratio": null,
            "debt_ratio": null,
            "inventory_turnover_ratio": null,
            "account_receivable_turnover_ratio": null,
            "reinvestment_rate": null,
            "research_to_sale_ratio": null,
            "price_fair": 0,
            "eps_avg_yearly": 0,
            "eps_latest_yearly": 0,
            "eps_growth_yearly": 0
        },
        "20094": {
            "year_quarter": 20094,
            "year": 2009,
            "quarter": 4,
            "eps": null,
            "eps_growth_year": null,
            "eps_4q": null,
            "eps_4q_growth_year": null,
            "roe": null,
            "roe_4q": 0,
            "gross_profit": null,
            "gross_margin": null,
            "gross_margin_4q_avg": 0,
            "net_income": null,
            "revenue": null,
            "common_shares": 531750,
            "book_valuer_per_share": 51.46,
            "book_valuer_per_share_4q_avg": 12.87,
            "equity": 2736186,
            "current_ratio": 201.43,
            "debt_ratio": 47.8,
            "inventory_turnover_ratio": null,
            "account_receivable_turnover_ratio": null,
            "reinvestment_rate": null,
            "research_to_sale_ratio": null,
            "price_fair": 0,
            "eps_avg_yearly": 0,
            "eps_latest_yearly": 0,
            "eps_growth_yearly": 0
        },
        "20101": {
            "year_quarter": 20101,
            "year": 2010,
            "quarter": 1,
            "eps": null,
            "eps_growth_year": null,
            "eps_4q": null,
            "eps_4q_growth_year": null,
            "roe": null,
            "roe_4q": 0,
            "gross_profit": null,
            "gross_margin": null,
            "gross_margin_4q_avg": 0,
            "net_income": null,
            "revenue": null,
            "common_shares": null,
            "book_valuer_per_share": null,
            "book_valuer_per_share_4q_avg": 12.87,
            "equity": null,
            "current_ratio": null,
            "debt_ratio": null,
            "inventory_turnover_ratio": null,
            "account_receivable_turnover_ratio": null,
            "reinvestment_rate": null,
            "research_to_sale_ratio": null,
            "price_fair": 0,
            "eps_avg_yearly": 0,
            "eps_latest_yearly": 0,
            "eps_growth_yearly": 0
        },
        "20102": {
            "year_quarter": 20102,
            "year": 2010,
            "quarter": 2,
            "eps": null,
            "eps_growth_year": null,
            "eps_4q": null,
            "eps_4q_growth_year": null,
            "roe": null,
            "roe_4q": 0,
            "gross_profit": null,
            "gross_margin": null,
            "gross_margin_4q_avg": 0,
            "net_income": null,
            "revenue": null,
            "common_shares": 531750,
            "book_valuer_per_share": 53.25,
            "book_valuer_per_share_4q_avg": 26.18,
            "equity": 2831640,
            "current_ratio": 169.38,
            "debt_ratio": 57.1,
            "inventory_turnover_ratio": null,
            "account_receivable_turnover_ratio": null,
            "reinvestment_rate": null,
            "research_to_sale_ratio": null,
            "price_fair": 0,
            "eps_avg_yearly": 0,
            "eps_latest_yearly": 0,
            "eps_growth_yearly": 0
        },
        "20103": {
            "year_quarter": 20103,
            "year": 2010,
            "quarter": 3,
            "eps": null,
            "eps_growth_year": null,
            "eps_4q": null,
            "eps_4q_growth_year": null,
            "roe": null,
            "roe_4q": 0,
            "gross_profit": null,
            "gross_margin": null,
            "gross_margin_4q_avg": 0,
            "net_income": null,
            "revenue": null,
            "common_shares": null,
            "book_valuer_per_share": null,
            "book_valuer_per_share_4q_avg": 26.18,
            "equity": null,
            "current_ratio": null,
            "debt_ratio": null,
            "inventory_turnover_ratio": null,
            "account_receivable_turnover_ratio": null,
            "reinvestment_rate": null,
            "research_to_sale_ratio": null,
            "price_fair": 0,
            "eps_avg_yearly": 0,
            "eps_latest_yearly": 0,
            "eps_growth_yearly": 0
        },
        "20104": {
            "year_quarter": 20104,
            "year": 2010,
            "quarter": 4,
            "eps": null,
            "eps_growth_year": null,
            "eps_4q": null,
            "eps_4q_growth_year": null,
            "roe": null,
            "roe_4q": 0,
            "gross_profit": null,
            "gross_margin": null,
            "gross_margin_4q_avg": 0,
            "net_income": null,
            "revenue": null,
            "common_shares": 649800,
            "book_valuer_per_share": 50.43,
            "book_valuer_per_share_4q_avg": 25.92,
            "equity": 3277148,
            "current_ratio": 228.08,
            "debt_ratio": 41.3,
            "inventory_turnover_ratio": null,
            "account_receivable_turnover_ratio": null,
            "reinvestment_rate": null,
            "research_to_sale_ratio": null,
            "price_fair": 0,
            "eps_avg_yearly": 0,
            "eps_latest_yearly": 0,
            "eps_growth_yearly": 0
        },
        "20111": {
            "year_quarter": 20111,
            "year": 2011,
            "quarter": 1,
            "eps": null,
            "eps_growth_year": null,
            "eps_4q": null,
            "eps_4q_growth_year": null,
            "roe": null,
            "roe_4q": 0,
            "gross_profit": null,
            "gross_margin": null,
            "gross_margin_4q_avg": 0,
            "net_income": null,
            "revenue": null,
            "common_shares": null,
            "book_valuer_per_share": null,
            "book_valuer_per_share_4q_avg": 25.92,
            "equity": null,
            "current_ratio": null,
            "debt_ratio": null,
            "inventory_turnover_ratio": null,
            "account_receivable_turnover_ratio": null,
            "reinvestment_rate": null,
            "research_to_sale_ratio": null,
            "price_fair": 0,
            "eps_avg_yearly": 0,
            "eps_latest_yearly": 0,
            "eps_growth_yearly": 0
        },
        "20112": {
            "year_quarter": 20112,
            "year": 2011,
            "quarter": 2,
            "eps": null,
            "eps_growth_year": null,
            "eps_4q": null,
            "eps_4q_growth_year": null,
            "roe": null,
            "roe_4q": 0,
            "gross_profit": null,
            "gross_margin": null,
            "gross_margin_4q_avg": 0,
            "net_income": null,
            "revenue": null,
            "common_shares": 649800,
            "book_valuer_per_share": 46.91,
            "book_valuer_per_share_4q_avg": 24.34,
            "equity": 3048140,
            "current_ratio": 188.97,
            "debt_ratio": 49.72,
            "inventory_turnover_ratio": null,
            "account_receivable_turnover_ratio": null,
            "reinvestment_rate": null,
            "research_to_sale_ratio": null,
            "price_fair": 0,
            "eps_avg_yearly": 0,
            "eps_latest_yearly": 0,
            "eps_growth_yearly": 0
        },
        "20113": {
            "year_quarter": 20113,
            "year": 2011,
            "quarter": 3,
            "eps": null,
            "eps_growth_year": null,
            "eps_4q": null,
            "eps_4q_growth_year": null,
            "roe": null,
            "roe_4q": 0,
            "gross_profit": null,
            "gross_margin": null,
            "gross_margin_4q_avg": 0,
            "net_income": null,
            "revenue": null,
            "common_shares": null,
            "book_valuer_per_share": null,
            "book_valuer_per_share_4q_avg": 24.34,
            "equity": null,
            "current_ratio": null,
            "debt_ratio": null,
            "inventory_turnover_ratio": null,
            "account_receivable_turnover_ratio": null,
            "reinvestment_rate": null,
            "research_to_sale_ratio": null,
            "price_fair": 0,
            "eps_avg_yearly": 0,
            "eps_latest_yearly": 0,
            "eps_growth_yearly": 0
        },
        "20114": {
            "year_quarter": 20114,
            "year": 2011,
            "quarter": 4,
            "eps": null,
            "eps_growth_year": null,
            "eps_4q": null,
            "eps_4q_growth_year": null,
            "roe": null,
            "roe_4q": 0,
            "gross_profit": null,
            "gross_margin": null,
            "gross_margin_4q_avg": 0,
            "net_income": null,
            "revenue": null,
            "common_shares": 649800,
            "book_valuer_per_share": 52.16,
            "book_valuer_per_share_4q_avg": 24.77,
            "equity": 3389634,
            "current_ratio": 216.27,
            "debt_ratio": 42.67,
            "inventory_turnover_ratio": null,
            "account_receivable_turnover_ratio": null,
            "reinvestment_rate": null,
            "research_to_sale_ratio": null,
            "price_fair": 0,
            "eps_avg_yearly": 0,
            "eps_latest_yearly": 0,
            "eps_growth_yearly": 0
        },
        "20121": {
            "year_quarter": 20121,
            "year": 2012,
            "quarter": 1,
            "eps": null,
            "eps_growth_year": null,
            "eps_4q": null,
            "eps_4q_growth_year": null,
            "roe": null,
            "roe_4q": 0,
            "gross_profit": null,
            "gross_margin": null,
            "gross_margin_4q_avg": 0,
            "net_income": null,
            "revenue": null,
            "common_shares": null,
            "book_valuer_per_share": null,
            "book_valuer_per_share_4q_avg": 24.77,
            "equity": null,
            "current_ratio": null,
            "debt_ratio": null,
            "inventory_turnover_ratio": null,
            "account_receivable_turnover_ratio": null,
            "reinvestment_rate": null,
            "research_to_sale_ratio": null,
            "price_fair": 0,
            "eps_avg_yearly": 0,
            "eps_latest_yearly": 0,
            "eps_growth_yearly": 0
        },
        "20122": {
            "year_quarter": 20122,
            "year": 2012,
            "quarter": 2,
            "eps": null,
            "eps_growth_year": null,
            "eps_4q": null,
            "eps_4q_growth_year": null,
            "roe": null,
            "roe_4q": 0,
            "gross_profit": null,
            "gross_margin": null,
            "gross_margin_4q_avg": 0,
            "net_income": null,
            "revenue": null,
            "common_shares": 649800,
            "book_valuer_per_share": 49.91,
            "book_valuer_per_share_4q_avg": 25.52,
            "equity": 3243006,
            "current_ratio": 188.07,
            "debt_ratio": 49.55,
            "inventory_turnover_ratio": null,
            "account_receivable_turnover_ratio": null,
            "reinvestment_rate": null,
            "research_to_sale_ratio": null,
            "price_fair": 0,
            "eps_avg_yearly": 0,
            "eps_latest_yearly": 0,
            "eps_growth_yearly": 0
        },
        "20123": {
            "year_quarter": 20123,
            "year": 2012,
            "quarter": 3,
            "eps": null,
            "eps_growth_year": null,
            "eps_4q": null,
            "eps_4q_growth_year": null,
            "roe": null,
            "roe_4q": 0,
            "gross_profit": null,
            "gross_margin": null,
            "gross_margin_4q_avg": 0,
            "net_income": null,
            "revenue": null,
            "common_shares": null,
            "book_valuer_per_share": null,
            "book_valuer_per_share_4q_avg": 25.52,
            "equity": null,
            "current_ratio": null,
            "debt_ratio": null,
            "inventory_turnover_ratio": null,
            "account_receivable_turnover_ratio": null,
            "reinvestment_rate": null,
            "research_to_sale_ratio": null,
            "price_fair": 0,
            "eps_avg_yearly": 0,
            "eps_latest_yearly": 0,
            "eps_growth_yearly": 0
        },
        "20124": {
            "year_quarter": 20124,
            "year": 2012,
            "quarter": 4,
            "eps": null,
            "eps_growth_year": null,
            "eps_4q": null,
            "eps_4q_growth_year": null,
            "roe": null,
            "roe_4q": 0,
            "gross_profit": null,
            "gross_margin": null,
            "gross_margin_4q_avg": 0,
            "net_income": null,
            "revenue": null,
            "common_shares": 649800,
            "book_valuer_per_share": 56.55,
            "book_valuer_per_share_4q_avg": 26.62,
            "equity": 3674865,
            "current_ratio": 215.46,
            "debt_ratio": 43.67,
            "inventory_turnover_ratio": null,
            "account_receivable_turnover_ratio": null,
            "reinvestment_rate": null,
            "research_to_sale_ratio": null,
            "price_fair": 0,
            "eps_avg_yearly": 0,
            "eps_latest_yearly": 0,
            "eps_growth_yearly": 0
        },
        "20131": {
            "year_quarter": 20131,
            "year": 2013,
            "quarter": 1,
            "eps": null,
            "eps_growth_year": null,
            "eps_4q": null,
            "eps_4q_growth_year": null,
            "roe": null,
            "roe_4q": 0,
            "gross_profit": null,
            "gross_margin": null,
            "gross_margin_4q_avg": 0,
            "net_income": null,
            "revenue": null,
            "common_shares": null,
            "book_valuer_per_share": null,
            "book_valuer_per_share_4q_avg": 26.62,
            "equity": null,
            "current_ratio": null,
            "debt_ratio": null,
            "inventory_turnover_ratio": null,
            "account_receivable_turnover_ratio": null,
            "reinvestment_rate": null,
            "research_to_sale_ratio": null,
            "price_fair": 0,
            "eps_avg_yearly": 0,
            "eps_latest_yearly": 0,
            "eps_growth_yearly": 0
        },
        "20132": {
            "year_quarter": 20132,
            "year": 2013,
            "quarter": 2,
            "eps": null,
            "eps_growth_year": null,
            "eps_4q": null,
            "eps_4q_growth_year": null,
            "roe": null,
            "roe_4q": 0,
            "gross_profit": null,
            "gross_margin": null,
            "gross_margin_4q_avg": 0,
            "net_income": null,
            "revenue": null,
            "common_shares": 649800,
            "book_valuer_per_share": 55.51,
            "book_valuer_per_share_4q_avg": 28.02,
            "equity": 3607075,
            "current_ratio": 184.32,
            "debt_ratio": 50.96,
            "inventory_turnover_ratio": null,
            "account_receivable_turnover_ratio": null,
            "reinvestment_rate": null,
            "research_to_sale_ratio": null,
            "price_fair": 0,
            "eps_avg_yearly": 0,
            "eps_latest_yearly": 0,
            "eps_growth_yearly": 0
        },
        "20133": {
            "year_quarter": 20133,
            "year": 2013,
            "quarter": 3,
            "eps": null,
            "eps_growth_year": null,
            "eps_4q": null,
            "eps_4q_growth_year": null,
            "roe": null,
            "roe_4q": 0,
            "gross_profit": null,
            "gross_margin": null,
            "gross_margin_4q_avg": 0,
            "net_income": null,
            "revenue": null,
            "common_shares": null,
            "book_valuer_per_share": null,
            "book_valuer_per_share_4q_avg": 28.02,
            "equity": null,
            "current_ratio": null,
            "debt_ratio": null,
            "inventory_turnover_ratio": null,
            "account_receivable_turnover_ratio": null,
            "reinvestment_rate": null,
            "research_to_sale_ratio": null,
            "price_fair": 0,
            "eps_avg_yearly": 0,
            "eps_latest_yearly": 0,
            "eps_growth_yearly": 0
        },
        "20134": {
            "year_quarter": 20134,
            "year": 2013,
            "quarter": 4,
            "eps": null,
            "eps_growth_year": null,
            "eps_4q": null,
            "eps_4q_growth_year": null,
            "roe": null,
            "roe_4q": 0,
            "gross_profit": null,
            "gross_margin": null,
            "gross_margin_4q_avg": 0,
            "net_income": null,
            "revenue": null,
            "common_shares": 649800,
            "book_valuer_per_share": 60.59,
            "book_valuer_per_share_4q_avg": 29.03,
            "equity": 3937452,
            "current_ratio": 234.08,
            "debt_ratio": 40.09,
            "inventory_turnover_ratio": null,
            "account_receivable_turnover_ratio": null,
            "reinvestment_rate": null,
            "research_to_sale_ratio": null,
            "price_fair": 0,
            "eps_avg_yearly": 0,
            "eps_latest_yearly": 0,
            "eps_growth_yearly": 0
        },
        "20141": {
            "year_quarter": 20141,
            "year": 2014,
            "quarter": 1,
            "eps": null,
            "eps_growth_year": null,
            "eps_4q": null,
            "eps_4q_growth_year": null,
            "roe": null,
            "roe_4q": 0,
            "gross_profit": null,
            "gross_margin": null,
            "gross_margin_4q_avg": 0,
            "net_income": null,
            "revenue": null,
            "common_shares": null,
            "book_valuer_per_share": null,
            "book_valuer_per_share_4q_avg": 29.03,
            "equity": null,
            "current_ratio": null,
            "debt_ratio": null,
            "inventory_turnover_ratio": null,
            "account_receivable_turnover_ratio": null,
            "reinvestment_rate": null,
            "research_to_sale_ratio": null,
            "price_fair": 0,
            "eps_avg_yearly": 0,
            "eps_latest_yearly": 0,
            "eps_growth_yearly": 0
        },
        "20142": {
            "year_quarter": 20142,
            "year": 2014,
            "quarter": 2,
            "eps": null,
            "eps_growth_year": null,
            "eps_4q": null,
            "eps_4q_growth_year": null,
            "roe": null,
            "roe_4q": 0,
            "gross_profit": null,
            "gross_margin": null,
            "gross_margin_4q_avg": 0,
            "net_income": null,
            "revenue": null,
            "common_shares": 649800,
            "book_valuer_per_share": 55.68,
            "book_valuer_per_share_4q_avg": 29.07,
            "equity": 3618049,
            "current_ratio": 226.22,
            "debt_ratio": 41.65,
            "inventory_turnover_ratio": null,
            "account_receivable_turnover_ratio": null,
            "reinvestment_rate": null,
            "research_to_sale_ratio": null,
            "price_fair": 0,
            "eps_avg_yearly": 0,
            "eps_latest_yearly": 0,
            "eps_growth_yearly": 0
        },
        "20143": {
            "year_quarter": 20143,
            "year": 2014,
            "quarter": 3,
            "eps": null,
            "eps_growth_year": null,
            "eps_4q": null,
            "eps_4q_growth_year": null,
            "roe": null,
            "roe_4q": 0,
            "gross_profit": null,
            "gross_margin": null,
            "gross_margin_4q_avg": 0,
            "net_income": null,
            "revenue": null,
            "common_shares": null,
            "book_valuer_per_share": null,
            "book_valuer_per_share_4q_avg": 29.07,
            "equity": null,
            "current_ratio": null,
            "debt_ratio": null,
            "inventory_turnover_ratio": null,
            "account_receivable_turnover_ratio": null,
            "reinvestment_rate": null,
            "research_to_sale_ratio": null,
            "price_fair": 0,
            "eps_avg_yearly": 0,
            "eps_latest_yearly": 0,
            "eps_growth_yearly": 0
        },
        "20144": {
            "year_quarter": 20144,
            "year": 2014,
            "quarter": 4,
            "eps": null,
            "eps_growth_year": null,
            "eps_4q": null,
            "eps_4q_growth_year": null,
            "roe": null,
            "roe_4q": 0,
            "gross_profit": null,
            "gross_margin": null,
            "gross_margin_4q_avg": 0,
            "net_income": null,
            "revenue": null,
            "common_shares": 649800,
            "book_valuer_per_share": 59.7,
            "book_valuer_per_share_4q_avg": 28.85,
            "equity": 3765081,
            "current_ratio": 250.19,
            "debt_ratio": 38.04,
            "inventory_turnover_ratio": null,
            "account_receivable_turnover_ratio": null,
            "reinvestment_rate": null,
            "research_to_sale_ratio": null,
            "price_fair": 0,
            "eps_avg_yearly": 0,
            "eps_latest_yearly": 0,
            "eps_growth_yearly": 0
        },
        "20151": {
            "year_quarter": 20151,
            "year": 2015,
            "quarter": 1,
            "eps": null,
            "eps_growth_year": null,
            "eps_4q": null,
            "eps_4q_growth_year": null,
            "roe": null,
            "roe_4q": 0,
            "gross_profit": null,
            "gross_margin": null,
            "gross_margin_4q_avg": 0,
            "net_income": null,
            "revenue": null,
            "common_shares": null,
            "book_valuer_per_share": null,
            "book_valuer_per_share_4q_avg": 28.85,
            "equity": null,
            "current_ratio": null,
            "debt_ratio": null,
            "inventory_turnover_ratio": null,
            "account_receivable_turnover_ratio": null,
            "reinvestment_rate": null,
            "research_to_sale_ratio": null,
            "price_fair": 0,
            "eps_avg_yearly": 0,
            "eps_latest_yearly": 0,
            "eps_growth_yearly": 0
        },
        "20152": {
            "year_quarter": 20152,
            "year": 2015,
            "quarter": 2,
            "eps": null,
            "eps_growth_year": null,
            "eps_4q": null,
            "eps_4q_growth_year": null,
            "roe": null,
            "roe_4q": 0,
            "gross_profit": null,
            "gross_margin": null,
            "gross_margin_4q_avg": 0,
            "net_income": null,
            "revenue": null,
            "common_shares": 649800,
            "book_valuer_per_share": 55.92,
            "book_valuer_per_share_4q_avg": 28.91,
            "equity": 3526879,
            "current_ratio": 242.23,
            "debt_ratio": 39.57,
            "inventory_turnover_ratio": null,
            "account_receivable_turnover_ratio": null,
            "reinvestment_rate": null,
            "research_to_sale_ratio": null,
            "price_fair": 0,
            "eps_avg_yearly": 0,
            "eps_latest_yearly": 0,
            "eps_growth_yearly": 0
        },
        "20153": {
            "year_quarter": 20153,
            "year": 2015,
            "quarter": 3,
            "eps": null,
            "eps_growth_year": null,
            "eps_4q": null,
            "eps_4q_growth_year": null,
            "roe": null,
            "roe_4q": 0,
            "gross_profit": null,
            "gross_margin": null,
            "gross_margin_4q_avg": 0,
            "net_income": null,
            "revenue": null,
            "common_shares": null,
            "book_valuer_per_share": null,
            "book_valuer_per_share_4q_avg": 28.91,
            "equity": null,
            "current_ratio": null,
            "debt_ratio": null,
            "inventory_turnover_ratio": null,
            "account_receivable_turnover_ratio": null,
            "reinvestment_rate": null,
            "research_to_sale_ratio": null,
            "price_fair": 0,
            "eps_avg_yearly": 0,
            "eps_latest_yearly": 0,
            "eps_growth_yearly": 0
        },
        "20154": {
            "year_quarter": 20154,
            "year": 2015,
            "quarter": 4,
            "eps": null,
            "eps_growth_year": null,
            "eps_4q": null,
            "eps_4q_growth_year": null,
            "roe": null,
            "roe_4q": 0,
            "gross_profit": null,
            "gross_margin": null,
            "gross_margin_4q_avg": 0,
            "net_income": null,
            "revenue": null,
            "common_shares": 649800,
            "book_valuer_per_share": 60.2,
            "book_valuer_per_share_4q_avg": 29.03,
            "equity": 3785932,
            "current_ratio": 285.54,
            "debt_ratio": 33.49,
            "inventory_turnover_ratio": null,
            "account_receivable_turnover_ratio": null,
            "reinvestment_rate": null,
            "research_to_sale_ratio": null,
            "price_fair": 0,
            "eps_avg_yearly": 0,
            "eps_latest_yearly": 0,
            "eps_growth_yearly": 0
        },
        "20161": {
            "year_quarter": 20161,
            "year": 2016,
            "quarter": 1,
            "eps": null,
            "eps_growth_year": null,
            "eps_4q": null,
            "eps_4q_growth_year": null,
            "roe": null,
            "roe_4q": 0,
            "gross_profit": null,
            "gross_margin": null,
            "gross_margin_4q_avg": 0,
            "net_income": null,
            "revenue": null,
            "common_shares": null,
            "book_valuer_per_share": null,
            "book_valuer_per_share_4q_avg": 29.03,
            "equity": null,
            "current_ratio": null,
            "debt_ratio": null,
            "inventory_turnover_ratio": null,
            "account_receivable_turnover_ratio": null,
            "reinvestment_rate": null,
            "research_to_sale_ratio": null,
            "price_fair": 0,
            "eps_avg_yearly": 0,
            "eps_latest_yearly": 0,
            "eps_growth_yearly": 0
        },
        "20162": {
            "year_quarter": 20162,
            "year": 2016,
            "quarter": 2,
            "eps": null,
            "eps_growth_year": null,
            "eps_4q": null,
            "eps_4q_growth_year": null,
            "roe": null,
            "roe_4q": 0,
            "gross_profit": null,
            "gross_margin": null,
            "gross_margin_4q_avg": 0,
            "net_income": null,
            "revenue": null,
            "common_shares": 649800,
            "book_valuer_per_share": 57.14,
            "book_valuer_per_share_4q_avg": 29.34,
            "equity": 3544262,
            "current_ratio": 224.67,
            "debt_ratio": 42.58,
            "inventory_turnover_ratio": null,
            "account_receivable_turnover_ratio": null,
            "reinvestment_rate": null,
            "research_to_sale_ratio": null,
            "price_fair": 0,
            "eps_avg_yearly": 0,
            "eps_latest_yearly": 0,
            "eps_growth_yearly": 0
        },
        "20163": {
            "year_quarter": 20163,
            "year": 2016,
            "quarter": 3,
            "eps": null,
            "eps_growth_year": null,
            "eps_4q": null,
            "eps_4q_growth_year": null,
            "roe": null,
            "roe_4q": 0,
            "gross_profit": null,
            "gross_margin": null,
            "gross_margin_4q_avg": 0,
            "net_income": null,
            "revenue": null,
            "common_shares": null,
            "book_valuer_per_share": null,
            "book_valuer_per_share_4q_avg": 29.34,
            "equity": null,
            "current_ratio": null,
            "debt_ratio": null,
            "inventory_turnover_ratio": null,
            "account_receivable_turnover_ratio": null,
            "reinvestment_rate": null,
            "research_to_sale_ratio": null,
            "price_fair": 0,
            "eps_avg_yearly": 0,
            "eps_latest_yearly": 0,
            "eps_growth_yearly": 0
        },
        "20164": {
            "year_quarter": 20164,
            "year": 2016,
            "quarter": 4,
            "eps": null,
            "eps_growth_year": null,
            "eps_4q": null,
            "eps_4q_growth_year": null,
            "roe": null,
            "roe_4q": 0,
            "gross_profit": null,
            "gross_margin": null,
            "gross_margin_4q_avg": 0,
            "net_income": null,
            "revenue": null,
            "common_shares": 722300,
            "book_valuer_per_share": 62.27,
            "book_valuer_per_share_4q_avg": 29.85,
            "equity": 3983192,
            "current_ratio": 247.72,
            "debt_ratio": 36.91,
            "inventory_turnover_ratio": null,
            "account_receivable_turnover_ratio": null,
            "reinvestment_rate": null,
            "research_to_sale_ratio": null,
            "price_fair": 0,
            "eps_avg_yearly": 0,
            "eps_latest_yearly": 0,
            "eps_growth_yearly": 0
        },
        "20171": {
            "year_quarter": 20171,
            "year": 2017,
            "quarter": 1,
            "eps": null,
            "eps_growth_year": null,
            "eps_4q": null,
            "eps_4q_growth_year": null,
            "roe": null,
            "roe_4q": 0,
            "gross_profit": null,
            "gross_margin": null,
            "gross_margin_4q_avg": 0,
            "net_income": null,
            "revenue": null,
            "common_shares": null,
            "book_valuer_per_share": null,
            "book_valuer_per_share_4q_avg": 29.85,
            "equity": null,
            "current_ratio": null,
            "debt_ratio": null,
            "inventory_turnover_ratio": null,
            "account_receivable_turnover_ratio": null,
            "reinvestment_rate": null,
            "research_to_sale_ratio": null,
            "price_fair": 0,
            "eps_avg_yearly": 0,
            "eps_latest_yearly": 0,
            "eps_growth_yearly": 0
        },
        "20172": {
            "year_quarter": 20172,
            "year": 2017,
            "quarter": 2,
            "eps": null,
            "eps_growth_year": null,
            "eps_4q": null,
            "eps_4q_growth_year": null,
            "roe": null,
            "roe_4q": 0,
            "gross_profit": null,
            "gross_margin": null,
            "gross_margin_4q_avg": 0,
            "net_income": null,
            "revenue": null,
            "common_shares": 722300,
            "book_valuer_per_share": 58.28,
            "book_valuer_per_share_4q_avg": 30.14,
            "equity": 3728057,
            "current_ratio": 215.55,
            "debt_ratio": 42.67,
            "inventory_turnover_ratio": null,
            "account_receivable_turnover_ratio": null,
            "reinvestment_rate": null,
            "research_to_sale_ratio": null,
            "price_fair": 0,
            "eps_avg_yearly": 0,
            "eps_latest_yearly": 0,
            "eps_growth_yearly": 0
        },
        "20173": {
            "year_quarter": 20173,
            "year": 2017,
            "quarter": 3,
            "eps": null,
            "eps_growth_year": null,
            "eps_4q": null,
            "eps_4q_growth_year": null,
            "roe": null,
            "roe_4q": 0,
            "gross_profit": null,
            "gross_margin": null,
            "gross_margin_4q_avg": 0,
            "net_income": null,
            "revenue": null,
            "common_shares": null,
            "book_valuer_per_share": null,
            "book_valuer_per_share_4q_avg": 30.14,
            "equity": null,
            "current_ratio": null,
            "debt_ratio": null,
            "inventory_turnover_ratio": null,
            "account_receivable_turnover_ratio": null,
            "reinvestment_rate": null,
            "research_to_sale_ratio": null,
            "price_fair": 0,
            "eps_avg_yearly": 0,
            "eps_latest_yearly": 0,
            "eps_growth_yearly": 0
        },
        "20174": {
            "year_quarter": 20174,
            "year": 2017,
            "quarter": 4,
            "eps": null,
            "eps_growth_year": null,
            "eps_4q": null,
            "eps_4q_growth_year": null,
            "roe": null,
            "roe_4q": 0,
            "gross_profit": null,
            "gross_margin": null,
            "gross_margin_4q_avg": 0,
            "net_income": null,
            "revenue": null,
            "common_shares": 703200,
            "book_valuer_per_share": 59.27,
            "book_valuer_per_share_4q_avg": 29.39,
            "equity": 3791137,
            "current_ratio": 221.08,
            "debt_ratio": 41.03,
            "inventory_turnover_ratio": null,
            "account_receivable_turnover_ratio": null,
            "reinvestment_rate": null,
            "research_to_sale_ratio": null,
            "price_fair": 0,
            "eps_avg_yearly": 0,
            "eps_latest_yearly": 0,
            "eps_growth_yearly": 0
        },
        "20181": {
            "year_quarter": 20181,
            "year": 2018,
            "quarter": 1,
            "eps": null,
            "eps_growth_year": null,
            "eps_4q": null,
            "eps_4q_growth_year": null,
            "roe": null,
            "roe_4q": 0,
            "gross_profit": null,
            "gross_margin": null,
            "gross_margin_4q_avg": 0,
            "net_income": null,
            "revenue": null,
            "common_shares": null,
            "book_valuer_per_share": null,
            "book_valuer_per_share_4q_avg": 29.39,
            "equity": null,
            "current_ratio": null,
            "debt_ratio": null,
            "inventory_turnover_ratio": null,
            "account_receivable_turnover_ratio": null,
            "reinvestment_rate": null,
            "research_to_sale_ratio": null,
            "price_fair": 0,
            "eps_avg_yearly": 0,
            "eps_latest_yearly": 0,
            "eps_growth_yearly": 0
        },
        "20182": {
            "year_quarter": 20182,
            "year": 2018,
            "quarter": 2,
            "eps": null,
            "eps_growth_year": null,
            "eps_4q": null,
            "eps_4q_growth_year": null,
            "roe": null,
            "roe_4q": 0,
            "gross_profit": null,
            "gross_margin": null,
            "gross_margin_4q_avg": 0,
            "net_income": null,
            "revenue": null,
            "common_shares": 703200,
            "book_valuer_per_share": 56.62,
            "book_valuer_per_share_4q_avg": 28.97,
            "equity": 3677732,
            "current_ratio": 196.07,
            "debt_ratio": 46.57,
            "inventory_turnover_ratio": null,
            "account_receivable_turnover_ratio": null,
            "reinvestment_rate": null,
            "research_to_sale_ratio": null,
            "price_fair": 0,
            "eps_avg_yearly": 0,
            "eps_latest_yearly": 0,
            "eps_growth_yearly": 0
        },
        "20183": {
            "year_quarter": 20183,
            "year": 2018,
            "quarter": 3,
            "eps": null,
            "eps_growth_year": null,
            "eps_4q": null,
            "eps_4q_growth_year": null,
            "roe": null,
            "roe_4q": 0,
            "gross_profit": null,
            "gross_margin": null,
            "gross_margin_4q_avg": 0,
            "net_income": null,
            "revenue": null,
            "common_shares": null,
            "book_valuer_per_share": null,
            "book_valuer_per_share_4q_avg": 28.97,
            "equity": null,
            "current_ratio": null,
            "debt_ratio": null,
            "inventory_turnover_ratio": null,
            "account_receivable_turnover_ratio": null,
            "reinvestment_rate": null,
            "research_to_sale_ratio": null,
            "price_fair": 0,
            "eps_avg_yearly": 0,
            "eps_latest_yearly": 0,
            "eps_growth_yearly": 0
        },
        "20184": {
            "year_quarter": 20184,
            "year": 2018,
            "quarter": 4,
            "eps": null,
            "eps_growth_year": null,
            "eps_4q": null,
            "eps_4q_growth_year": null,
            "roe": null,
            "roe_4q": 0,
            "gross_profit": null,
            "gross_margin": null,
            "gross_margin_4q_avg": 0,
            "net_income": null,
            "revenue": null,
            "common_shares": 703200,
            "book_valuer_per_share": 62.54,
            "book_valuer_per_share_4q_avg": 29.79,
            "equity": 4062302,
            "current_ratio": 194.53,
            "debt_ratio": 46.16,
            "inventory_turnover_ratio": null,
            "account_receivable_turnover_ratio": null,
            "reinvestment_rate": null,
            "research_to_sale_ratio": null,
            "price_fair": 0,
            "eps_avg_yearly": 0,
            "eps_latest_yearly": 0,
            "eps_growth_yearly": 0
        },
        "20191": {
            "year_quarter": 20191,
            "year": 2019,
            "quarter": 1,
            "eps": null,
            "eps_growth_year": null,
            "eps_4q": null,
            "eps_4q_growth_year": null,
            "roe": null,
            "roe_4q": 0,
            "gross_profit": null,
            "gross_margin": null,
            "gross_margin_4q_avg": 0,
            "net_income": null,
            "revenue": null,
            "common_shares": null,
            "book_valuer_per_share": null,
            "book_valuer_per_share_4q_avg": 29.79,
            "equity": null,
            "current_ratio": null,
            "debt_ratio": null,
            "inventory_turnover_ratio": null,
            "account_receivable_turnover_ratio": null,
            "reinvestment_rate": null,
            "research_to_sale_ratio": null,
            "price_fair": 0,
            "eps_avg_yearly": 0,
            "eps_latest_yearly": 0,
            "eps_growth_yearly": 0
        },
        "20192": {
            "year_quarter": 20192,
            "year": 2019,
            "quarter": 2,
            "eps": null,
            "eps_growth_year": null,
            "eps_4q": null,
            "eps_4q_growth_year": null,
            "roe": null,
            "roe_4q": 0,
            "gross_profit": null,
            "gross_margin": null,
            "gross_margin_4q_avg": 0,
            "net_income": null,
            "revenue": null,
            "common_shares": 703200,
            "book_valuer_per_share": 61.25,
            "book_valuer_per_share_4q_avg": 30.95,
            "equity": 3981147,
            "current_ratio": 179.92,
            "debt_ratio": 50.47,
            "inventory_turnover_ratio": null,
            "account_receivable_turnover_ratio": null,
            "reinvestment_rate": null,
            "research_to_sale_ratio": null,
            "price_fair": 0,
            "eps_avg_yearly": 0,
            "eps_latest_yearly": 0,
            "eps_growth_yearly": 0
        },
        "20193": {
            "year_quarter": 20193,
            "year": 2019,
            "quarter": 3,
            "eps": null,
            "eps_growth_year": null,
            "eps_4q": null,
            "eps_4q_growth_year": null,
            "roe": null,
            "roe_4q": 0,
            "gross_profit": null,
            "gross_margin": null,
            "gross_margin_4q_avg": 0,
            "net_income": null,
            "revenue": null,
            "common_shares": null,
            "book_valuer_per_share": null,
            "book_valuer_per_share_4q_avg": 30.95,
            "equity": null,
            "current_ratio": null,
            "debt_ratio": null,
            "inventory_turnover_ratio": null,
            "account_receivable_turnover_ratio": null,
            "reinvestment_rate": null,
            "research_to_sale_ratio": null,
            "price_fair": 0,
            "eps_avg_yearly": 0,
            "eps_latest_yearly": 0,
            "eps_growth_yearly": 0
        },
        "20194": {
            "year_quarter": 20194,
            "year": 2019,
            "quarter": 4,
            "eps": null,
            "eps_growth_year": null,
            "eps_4q": null,
            "eps_4q_growth_year": null,
            "roe": null,
            "roe_4q": 0,
            "gross_profit": null,
            "gross_margin": null,
            "gross_margin_4q_avg": 0,
            "net_income": null,
            "revenue": null,
            "common_shares": 670034,
            "book_valuer_per_share": 64.62,
            "book_valuer_per_share_4q_avg": 31.47,
            "equity": 4329615,
            "current_ratio": 183.27,
            "debt_ratio": 49.44,
            "inventory_turnover_ratio": null,
            "account_receivable_turnover_ratio": null,
            "reinvestment_rate": null,
            "research_to_sale_ratio": null,
            "price_fair": 0,
            "eps_avg_yearly": 0,
            "eps_latest_yearly": 0,
            "eps_growth_yearly": 0
        },
        "20201": {
            "year_quarter": 20201,
            "year": 2020,
            "quarter": 1,
            "eps": null,
            "eps_growth_year": null,
            "eps_4q": null,
            "eps_4q_growth_year": null,
            "roe": null,
            "roe_4q": 0,
            "gross_profit": null,
            "gross_margin": null,
            "gross_margin_4q_avg": 0,
            "net_income": null,
            "revenue": null,
            "common_shares": null,
            "book_valuer_per_share": null,
            "book_valuer_per_share_4q_avg": 31.47,
            "equity": null,
            "current_ratio": null,
            "debt_ratio": null,
            "inventory_turnover_ratio": null,
            "account_receivable_turnover_ratio": null,
            "reinvestment_rate": null,
            "research_to_sale_ratio": null,
            "price_fair": 0,
            "eps_avg_yearly": 0,
            "eps_latest_yearly": 0,
            "eps_growth_yearly": 0
        },
        "20202": {
            "year_quarter": 20202,
            "year": 2020,
            "quarter": 2,
            "eps": null,
            "eps_growth_year": null,
            "eps_4q": null,
            "eps_4q_growth_year": null,
            "roe": null,
            "roe_4q": 0,
            "gross_profit": null,
            "gross_margin": null,
            "gross_margin_4q_avg": 0,
            "net_income": null,
            "revenue": null,
            "common_shares": 669434,
            "book_valuer_per_share": 61.32,
            "book_valuer_per_share_4q_avg": 31.49,
            "equity": 4105005,
            "current_ratio": 181.25,
            "debt_ratio": 49.8,
            "inventory_turnover_ratio": null,
            "account_receivable_turnover_ratio": null,
            "reinvestment_rate": null,
            "research_to_sale_ratio": null,
            "price_fair": 0,
            "eps_avg_yearly": 0,
            "eps_latest_yearly": 0,
            "eps_growth_yearly": 0
        },
        "20203": {
            "year_quarter": 20203,
            "year": 2020,
            "quarter": 3,
            "eps": null,
            "eps_growth_year": null,
            "eps_4q": null,
            "eps_4q_growth_year": null,
            "roe": null,
            "roe_4q": 0,
            "gross_profit": null,
            "gross_margin": null,
            "gross_margin_4q_avg": 0,
            "net_income": null,
            "revenue": null,
            "common_shares": null,
            "book_valuer_per_share": null,
            "book_valuer_per_share_4q_avg": 31.49,
            "equity": null,
            "current_ratio": null,
            "debt_ratio": null,
            "inventory_turnover_ratio": null,
            "account_receivable_turnover_ratio": null,
            "reinvestment_rate": null,
            "research_to_sale_ratio": null,
            "price_fair": 0,
            "eps_avg_yearly": 0,
            "eps_latest_yearly": 0,
            "eps_growth_yearly": 0
        },
        "20204": {
            "year_quarter": 20204,
            "year": 2020,
            "quarter": 4,
            "eps": null,
            "eps_growth_year": null,
            "eps_4q": null,
            "eps_4q_growth_year": null,
            "roe": null,
            "roe_4q": 0,
            "gross_profit": null,
            "gross_margin": null,
            "gross_margin_4q_avg": 0,
            "net_income": null,
            "revenue": null,
            "common_shares": 669434,
            "book_valuer_per_share": 70.64,
            "book_valuer_per_share_4q_avg": 32.99,
            "equity": 4728858,
            "current_ratio": 185.24,
            "debt_ratio": 49.16,
            "inventory_turnover_ratio": null,
            "account_receivable_turnover_ratio": null,
            "reinvestment_rate": null,
            "research_to_sale_ratio": null,
            "price_fair": 0,
            "eps_avg_yearly": 0,
            "eps_latest_yearly": 0,
            "eps_growth_yearly": 0
        },
        "20211": {
            "year_quarter": 20211,
            "year": 2021,
            "quarter": 1,
            "eps": null,
            "eps_growth_year": null,
            "eps_4q": null,
            "eps_4q_growth_year": null,
            "roe": null,
            "roe_4q": 0,
            "gross_profit": null,
            "gross_margin": null,
            "gross_margin_4q_avg": 0,
            "net_income": null,
            "revenue": null,
            "common_shares": null,
            "book_valuer_per_share": null,
            "book_valuer_per_share_4q_avg": 32.99,
            "equity": null,
            "current_ratio": null,
            "debt_ratio": null,
            "inventory_turnover_ratio": null,
            "account_receivable_turnover_ratio": null,
            "reinvestment_rate": null,
            "research_to_sale_ratio": null,
            "price_fair": 0,
            "eps_avg_yearly": 0,
            "eps_latest_yearly": 0,
            "eps_growth_yearly": 0
        },
        "20212": {
            "year_quarter": 20212,
            "year": 2021,
            "quarter": 2,
            "eps": null,
            "eps_growth_year": null,
            "eps_4q": null,
            "eps_4q_growth_year": null,
            "roe": null,
            "roe_4q": 0,
            "gross_profit": null,
            "gross_margin": null,
            "gross_margin_4q_avg": 0,
            "net_income": null,
            "revenue": null,
            "common_shares": 669368,
            "book_valuer_per_share": 88.57,
            "book_valuer_per_share_4q_avg": 39.8,
            "equity": 5928887,
            "current_ratio": 173.11,
            "debt_ratio": 52.45,
            "inventory_turnover_ratio": null,
            "account_receivable_turnover_ratio": null,
            "reinvestment_rate": null,
            "research_to_sale_ratio": null,
            "price_fair": 0,
            "eps_avg_yearly": 0,
            "eps_latest_yearly": 0,
            "eps_growth_yearly": 0
        },
        "20213": {
            "year_quarter": 20213,
            "year": 2021,
            "quarter": 3,
            "eps": 19.04,
            "eps_growth_year": null,
            "eps_4q": null,
            "eps_4q_growth_year": null,
            "roe": 19.16,
            "roe_4q": 19.16,
            "gross_profit": 3117747,
            "gross_margin": 46.28,
            "gross_margin_4q_avg": 11.57,
            "net_income": 1256617,
            "revenue": 6737252,
            "common_shares": 669368,
            "book_valuer_per_share": 107.37,
            "book_valuer_per_share_4q_avg": 66.65,
            "equity": 7187082,
            "current_ratio": 172.09,
            "debt_ratio": 49.76,
            "inventory_turnover_ratio": 1.97,
            "account_receivable_turnover_ratio": 1.24,
            "reinvestment_rate": null,
            "research_to_sale_ratio": 19.29,
            "price_fair": 0,
            "eps_avg_yearly": 0,
            "eps_latest_yearly": 0,
            "eps_growth_yearly": 0
        },
        "20214": {
            "year_quarter": 20214,
            "year": 2021,
            "quarter": 4,
            "eps": 11.13,
            "eps_growth_year": null,
            "eps_4q": null,
            "eps_4q_growth_year": null,
            "roe": 14.81,
            "roe_4q": 33.97,
            "gross_profit": 3031386,
            "gross_margin": 45.52,
            "gross_margin_4q_avg": 22.95,
            "net_income": 1201513,
            "revenue": 6660021,
            "common_shares": 669368,
            "book_valuer_per_share": 132.32,
            "book_valuer_per_share_4q_avg": 82.07,
            "equity": 9033382,
            "current_ratio": 195.57,
            "debt_ratio": 52.96,
            "inventory_turnover_ratio": 1.81,
            "account_receivable_turnover_ratio": 1.13,
            "reinvestment_rate": null,
            "research_to_sale_ratio": 18.62,
            "price_fair": 133.56,
            "eps_avg_yearly": 44.52,
            "eps_latest_yearly": 44.52,
            "eps_growth_yearly": -166.18
        },
        "20221": {
            "year_quarter": 20221,
            "year": 2022,
            "quarter": 1,
            "eps": 21.05,
            "eps_growth_year": null,
            "eps_4q": null,
            "eps_4q_growth_year": null,
            "roe": 15.98,
            "roe_4q": 49.95,
            "gross_profit": 3469488,
            "gross_margin": 45.07,
            "gross_margin_4q_avg": 34.22,
            "net_income": 1575200,
            "revenue": 7698177,
            "common_shares": 758552,
            "book_valuer_per_share": 140.82,
            "book_valuer_per_share_4q_avg": 117.27,
            "equity": 10682134,
            "current_ratio": 172.9,
            "debt_ratio": 59.51,
            "inventory_turnover_ratio": 1.72,
            "account_receivable_turnover_ratio": 1.13,
            "reinvestment_rate": null,
            "research_to_sale_ratio": 18.86,
            "price_fair": 2252.6,
            "eps_avg_yearly": 64.36,
            "eps_latest_yearly": 84.2,
            "eps_growth_yearly": 95.17
        },
        "20222": {
            "year_quarter": 20222,
            "year": 2022,
            "quarter": 2,
            "eps": 17.84,
            "eps_growth_year": null,
            "eps_4q": 70.87,
            "eps_4q_growth_year": null,
            "roe": 11.85,
            "roe_4q": 61.8,
            "gross_profit": 3000132,
            "gross_margin": 42.71,
            "gross_margin_4q_avg": 44.9,
            "net_income": 1342411,
            "revenue": 7024211,
            "common_shares": 758552,
            "book_valuer_per_share": 157.75,
            "book_valuer_per_share_4q_avg": 134.57,
            "equity": 11966201,
            "current_ratio": 178.68,
            "debt_ratio": 57.17,
            "inventory_turnover_ratio": 1.27,
            "account_receivable_turnover_ratio": 1.02,
            "reinvestment_rate": null,
            "research_to_sale_ratio": 20.36,
            "price_fair": 2334.27,
            "eps_avg_yearly": 66.69,
            "eps_latest_yearly": 71.36,
            "eps_growth_yearly": 43.11
        },
        "20223": {
            "year_quarter": 20223,
            "year": 2022,
            "quarter": 3,
            "eps": 7.28,
            "eps_growth_year": -61.76,
            "eps_4q": 61.56,
            "eps_4q_growth_year": null,
            "roe": 4.5,
            "roe_4q": 47.14,
            "gross_profit": 1463315,
            "gross_margin": 37.49,
            "gross_margin_4q_avg": 42.7,
            "net_income": 550461,
            "revenue": 3903647,
            "common_shares": 758552,
            "book_valuer_per_share": 164.66,
            "book_valuer_per_share_4q_avg": 148.89,
            "equity": 12489977,
            "current_ratio": 241.33,
            "debt_ratio": 44.11,
            "inventory_turnover_ratio": 0.62,
            "account_receivable_turnover_ratio": 0.84,
            "reinvestment_rate": null,
            "research_to_sale_ratio": 19.97,
            "price_fair": 171.9,
            "eps_avg_yearly": 57.3,
            "eps_latest_yearly": 29.12,
            "eps_growth_yearly": -26.86
        },
        "20224": {
            "year_quarter": 20224,
            "year": 2022,
            "quarter": 4,
            "eps": 5.2,
            "eps_growth_year": -53.28,
            "eps_4q": 50.92,
            "eps_4q_growth_year": null,
            "roe": 3.1,
            "roe_4q": 35.43,
            "gross_profit": 1303746,
            "gross_margin": 31.07,
            "gross_margin_4q_avg": 39.09,
            "net_income": 394264,
            "revenue": 4196129,
            "common_shares": 758552,
            "book_valuer_per_share": 170.55,
            "book_valuer_per_share_4q_avg": 158.45,
            "equity": 12937437,
            "current_ratio": 264.21,
            "debt_ratio": 40.03,
            "inventory_turnover_ratio": 0.72,
            "account_receivable_turnover_ratio": 1.46,
            "reinvestment_rate": null,
            "research_to_sale_ratio": 11.81,
            "price_fair": 150,
            "eps_avg_yearly": 50,
            "eps_latest_yearly": 20.8,
            "eps_growth_yearly": -44.34
        },
        "20231": {
            "year_quarter": 20231,
            "year": 2023,
            "quarter": 1,
            "eps": 2.21,
            "eps_growth_year": -89.5,
            "eps_4q": 32.36,
            "eps_4q_growth_year": null,
            "roe": 1.46,
            "roe_4q": 20.91,
            "gross_profit": 1010563,
            "gross_margin": 27.58,
            "gross_margin_4q_avg": 34.71,
            "net_income": 167844,
            "revenue": 3663841,
            "common_shares": 758552,
            "book_valuer_per_share": 132.39,
            "book_valuer_per_share_4q_avg": 156.34,
            "equity": 10042284,
            "current_ratio": 195.6,
            "debt_ratio": 51.88,
            "inventory_turnover_ratio": 0.8,
            "account_receivable_turnover_ratio": 1.27,
            "reinvestment_rate": null,
            "research_to_sale_ratio": 17.25,
            "price_fair": 129.42,
            "eps_avg_yearly": 43.14,
            "eps_latest_yearly": 8.84,
            "eps_growth_yearly": -75.29
        }
    },
    "months": {
        "2007-10": {
            "month": "2007-10",
            "price": "265.06",
            "revenue": 510818
        },
        "2007-11": {
            "month": "2007-11",
            "price": "239.86",
            "revenue": 475855
        },
        "2007-12": {
            "month": "2007-12",
            "price": "215.62",
            "revenue": 489889
        },
        "2008-01": {
            "month": "2008-01",
            "price": "208.59",
            "revenue": 505913
        },
        "2008-02": {
            "month": "2008-02",
            "price": "186.49",
            "revenue": 499165
        },
        "2008-03": {
            "month": "2008-03",
            "price": "201.23",
            "revenue": 541843
        },
        "2008-04": {
            "month": "2008-04",
            "price": "255.75",
            "revenue": 530441
        },
        "2008-05": {
            "month": "2008-05",
            "price": "328.43",
            "revenue": 639224
        },
        "2008-06": {
            "month": "2008-06",
            "price": "311.91",
            "revenue": 612314
        },
        "2008-07": {
            "month": "2008-07",
            "price": "258.16",
            "revenue": 624533
        },
        "2008-08": {
            "month": "2008-08",
            "price": "228.91",
            "revenue": 581286
        },
        "2008-09": {
            "month": "2008-09",
            "price": "213.12",
            "revenue": 555736
        },
        "2008-10": {
            "month": "2008-10",
            "price": "149.21",
            "revenue": 572519
        },
        "2008-11": {
            "month": "2008-11",
            "price": "92.56",
            "revenue": 392632
        },
        "2008-12": {
            "month": "2008-12",
            "price": "81.60",
            "revenue": 284852
        },
        "2009-01": {
            "month": "2009-01",
            "price": "84.21",
            "revenue": 234476
        },
        "2009-02": {
            "month": "2009-02",
            "price": "101.38",
            "revenue": 364003
        },
        "2009-03": {
            "month": "2009-03",
            "price": "139.61",
            "revenue": 551199
        },
        "2009-04": {
            "month": "2009-04",
            "price": "175.53",
            "revenue": 590909
        },
        "2009-05": {
            "month": "2009-05",
            "price": "229.66",
            "revenue": 663361
        },
        "2009-06": {
            "month": "2009-06",
            "price": "211.14",
            "revenue": 624612
        },
        "2009-07": {
            "month": "2009-07",
            "price": "231.13",
            "revenue": 750600
        },
        "2009-08": {
            "month": "2009-08",
            "price": "211.67",
            "revenue": 809307
        },
        "2009-09": {
            "month": "2009-09",
            "price": "206.46",
            "revenue": 854544
        },
        "2009-10": {
            "month": "2009-10",
            "price": "199.83",
            "revenue": 825077
        },
        "2009-11": {
            "month": "2009-11",
            "price": "190.06",
            "revenue": 763908
        },
        "2009-12": {
            "month": "2009-12",
            "price": "194.71",
            "revenue": 777572
        },
        "2010-01": {
            "month": "2010-01",
            "price": "195.85",
            "revenue": 818741
        },
        "2010-02": {
            "month": "2010-02",
            "price": "192.60",
            "revenue": 687811
        },
        "2010-03": {
            "month": "2010-03",
            "price": "190.09",
            "revenue": 907721
        },
        "2010-04": {
            "month": "2010-04",
            "price": "202.36",
            "revenue": 894980
        },
        "2010-05": {
            "month": "2010-05",
            "price": "221.66",
            "revenue": 832302
        },
        "2010-06": {
            "month": "2010-06",
            "price": "231.91",
            "revenue": 716787
        },
        "2010-07": {
            "month": "2010-07",
            "price": "189.22",
            "revenue": 736986
        },
        "2010-08": {
            "month": "2010-08",
            "price": "161.84",
            "revenue": 711691
        },
        "2010-09": {
            "month": "2010-09",
            "price": "165.12",
            "revenue": 736257
        },
        "2010-10": {
            "month": "2010-10",
            "price": "157.77",
            "revenue": 715780
        },
        "2010-11": {
            "month": "2010-11",
            "price": "158.15",
            "revenue": 743342
        },
        "2010-12": {
            "month": "2010-12",
            "price": "166.92",
            "revenue": 669690
        },
        "2011-01": {
            "month": "2011-01",
            "price": "158.24",
            "revenue": 779049
        },
        "2011-02": {
            "month": "2011-02",
            "price": "159.28",
            "revenue": 647225
        },
        "2011-03": {
            "month": "2011-03",
            "price": "152.39",
            "revenue": 846583
        },
        "2011-04": {
            "month": "2011-04",
            "price": "146.06",
            "revenue": 830727
        },
        "2011-05": {
            "month": "2011-05",
            "price": "134.38",
            "revenue": 801198
        },
        "2011-06": {
            "month": "2011-06",
            "price": "130.15",
            "revenue": 673308
        },
        "2011-07": {
            "month": "2011-07",
            "price": "102.67",
            "revenue": 783122
        },
        "2011-08": {
            "month": "2011-08",
            "price": "79.36",
            "revenue": 732555
        },
        "2011-09": {
            "month": "2011-09",
            "price": "82.91",
            "revenue": 780497
        },
        "2011-10": {
            "month": "2011-10",
            "price": "76.34",
            "revenue": 784423
        },
        "2011-11": {
            "month": "2011-11",
            "price": "72.84",
            "revenue": 710710
        },
        "2011-12": {
            "month": "2011-12",
            "price": "64.10",
            "revenue": 686464
        },
        "2012-01": {
            "month": "2012-01",
            "price": "66.02",
            "revenue": 727539
        },
        "2012-02": {
            "month": "2012-02",
            "price": "81.35",
            "revenue": 810161
        },
        "2012-03": {
            "month": "2012-03",
            "price": "87.76",
            "revenue": 874653
        },
        "2012-04": {
            "month": "2012-04",
            "price": "87.13",
            "revenue": 927213
        },
        "2012-05": {
            "month": "2012-05",
            "price": "82.83",
            "revenue": 844822
        },
        "2012-06": {
            "month": "2012-06",
            "price": "71.35",
            "revenue": 863844
        },
        "2012-07": {
            "month": "2012-07",
            "price": "67.39",
            "revenue": 848423
        },
        "2012-08": {
            "month": "2012-08",
            "price": "67.25",
            "revenue": 951443
        },
        "2012-09": {
            "month": "2012-09",
            "price": "78.28",
            "revenue": 964495
        },
        "2012-10": {
            "month": "2012-10",
            "price": "73.16",
            "revenue": 963265
        },
        "2012-11": {
            "month": "2012-11",
            "price": "72.67",
            "revenue": 900549
        },
        "2012-12": {
            "month": "2012-12",
            "price": "74.14",
            "revenue": 881830
        },
        "2013-01": {
            "month": "2013-01",
            "price": "74.24",
            "revenue": 969459
        },
        "2013-02": {
            "month": "2013-02",
            "price": "79.32",
            "revenue": 835187
        },
        "2013-03": {
            "month": "2013-03",
            "price": "88.19",
            "revenue": 1000919
        },
        "2013-04": {
            "month": "2013-04",
            "price": "89.79",
            "revenue": 1023724
        },
        "2013-05": {
            "month": "2013-05",
            "price": "99.08",
            "revenue": 955623
        },
        "2013-06": {
            "month": "2013-06",
            "price": "96.33",
            "revenue": 955113
        },
        "2013-07": {
            "month": "2013-07",
            "price": "90.31",
            "revenue": 971109
        },
        "2013-08": {
            "month": "2013-08",
            "price": "91.20",
            "revenue": 1020179
        },
        "2013-09": {
            "month": "2013-09",
            "price": "91.83",
            "revenue": 888026
        },
        "2013-10": {
            "month": "2013-10",
            "price": "87.35",
            "revenue": 787541
        },
        "2013-11": {
            "month": "2013-11",
            "price": "83.63",
            "revenue": 804162
        },
        "2013-12": {
            "month": "2013-12",
            "price": "85.56",
            "revenue": 689529
        },
        "2014-01": {
            "month": "2014-01",
            "price": "85.12",
            "revenue": 769563
        },
        "2014-02": {
            "month": "2014-02",
            "price": "82.38",
            "revenue": 605560
        },
        "2014-03": {
            "month": "2014-03",
            "price": "80.71",
            "revenue": 723993
        },
        "2014-04": {
            "month": "2014-04",
            "price": "80.47",
            "revenue": 724030
        },
        "2014-05": {
            "month": "2014-05",
            "price": "80.32",
            "revenue": 661627
        },
        "2014-06": {
            "month": "2014-06",
            "price": "80.27",
            "revenue": 581355
        },
        "2014-07": {
            "month": "2014-07",
            "price": "72.31",
            "revenue": 626174
        },
        "2014-08": {
            "month": "2014-08",
            "price": "61.96",
            "revenue": 653838
        },
        "2014-09": {
            "month": "2014-09",
            "price": "59.18",
            "revenue": 677187
        },
        "2014-10": {
            "month": "2014-10",
            "price": "56.02",
            "revenue": 677819
        },
        "2014-11": {
            "month": "2014-11",
            "price": "56.07",
            "revenue": 707832
        },
        "2014-12": {
            "month": "2014-12",
            "price": "55.27",
            "revenue": 684173
        },
        "2015-01": {
            "month": "2015-01",
            "price": "58.22",
            "revenue": 695944
        },
        "2015-02": {
            "month": "2015-02",
            "price": "59.65",
            "revenue": 516289
        },
        "2015-03": {
            "month": "2015-03",
            "price": "57.48",
            "revenue": 602977
        },
        "2015-04": {
            "month": "2015-04",
            "price": "58.30",
            "revenue": 566219
        },
        "2015-05": {
            "month": "2015-05",
            "price": "61.25",
            "revenue": 598075
        },
        "2015-06": {
            "month": "2015-06",
            "price": "60.43",
            "revenue": 573059
        },
        "2015-07": {
            "month": "2015-07",
            "price": "52.43",
            "revenue": 591071
        },
        "2015-08": {
            "month": "2015-08",
            "price": "38.75",
            "revenue": 596733
        },
        "2015-09": {
            "month": "2015-09",
            "price": "35.14",
            "revenue": 598847
        },
        "2015-10": {
            "month": "2015-10",
            "price": "35.35",
            "revenue": 629183
        },
        "2015-11": {
            "month": "2015-11",
            "price": "39.42",
            "revenue": 651067
        },
        "2015-12": {
            "month": "2015-12",
            "price": "40.51",
            "revenue": 678363
        },
        "2016-01": {
            "month": "2016-01",
            "price": "37.71",
            "revenue": 737502
        },
        "2016-02": {
            "month": "2016-02",
            "price": "43.84",
            "revenue": 531079
        },
        "2016-03": {
            "month": "2016-03",
            "price": "48.58",
            "revenue": 638079
        },
        "2016-04": {
            "month": "2016-04",
            "price": "47.78",
            "revenue": 728102
        },
        "2016-05": {
            "month": "2016-05",
            "price": "45.76",
            "revenue": 737658
        },
        "2016-06": {
            "month": "2016-06",
            "price": "52.08",
            "revenue": 738632
        },
        "2016-07": {
            "month": "2016-07",
            "price": "58.42",
            "revenue": 748714
        },
        "2016-08": {
            "month": "2016-08",
            "price": "59.23",
            "revenue": 772132
        },
        "2016-09": {
            "month": "2016-09",
            "price": "62.90",
            "revenue": 773289
        },
        "2016-10": {
            "month": "2016-10",
            "price": "62.74",
            "revenue": 730195
        },
        "2016-11": {
            "month": "2016-11",
            "price": "54.90",
            "revenue": 752422
        },
        "2016-12": {
            "month": "2016-12",
            "price": "54.69",
            "revenue": 736297
        },
        "2017-01": {
            "month": "2017-01",
            "price": "56.28",
            "revenue": 834129
        },
        "2017-02": {
            "month": "2017-02",
            "price": "61.67",
            "revenue": 628811
        },
        "2017-03": {
            "month": "2017-03",
            "price": "66.92",
            "revenue": 788932
        },
        "2017-04": {
            "month": "2017-04",
            "price": "66.72",
            "revenue": 771786
        },
        "2017-05": {
            "month": "2017-05",
            "price": "66.68",
            "revenue": 738476
        },
        "2017-06": {
            "month": "2017-06",
            "price": "67.57",
            "revenue": 817408
        },
        "2017-07": {
            "month": "2017-07",
            "price": "62.88",
            "revenue": 819284
        },
        "2017-08": {
            "month": "2017-08",
            "price": "62.16",
            "revenue": 821933
        },
        "2017-09": {
            "month": "2017-09",
            "price": "63.21",
            "revenue": 845363
        },
        "2017-10": {
            "month": "2017-10",
            "price": "62.82",
            "revenue": 799323
        },
        "2017-11": {
            "month": "2017-11",
            "price": "62.44",
            "revenue": 736148
        },
        "2017-12": {
            "month": "2017-12",
            "price": "59.55",
            "revenue": 733596
        },
        "2018-01": {
            "month": "2018-01",
            "price": "58.77",
            "revenue": 712910
        },
        "2018-02": {
            "month": "2018-02",
            "price": "58.42",
            "revenue": 582569
        },
        "2018-03": {
            "month": "2018-03",
            "price": "57.90",
            "revenue": 716976
        },
        "2018-04": {
            "month": "2018-04",
            "price": "57.47",
            "revenue": 733444
        },
        "2018-05": {
            "month": "2018-05",
            "price": "56.91",
            "revenue": 788939
        },
        "2018-06": {
            "month": "2018-06",
            "price": "58.77",
            "revenue": 894482
        },
        "2018-07": {
            "month": "2018-07",
            "price": "55.00",
            "revenue": 946897
        },
        "2018-08": {
            "month": "2018-08",
            "price": "56.07",
            "revenue": 1148539
        },
        "2018-09": {
            "month": "2018-09",
            "price": "60.75",
            "revenue": 1051054
        },
        "2018-10": {
            "month": "2018-10",
            "price": "58.37",
            "revenue": 1043851
        },
        "2018-11": {
            "month": "2018-11",
            "price": "58.26",
            "revenue": 1105645
        },
        "2018-12": {
            "month": "2018-12",
            "price": "62.63",
            "revenue": 1237479
        },
        "2019-01": {
            "month": "2019-01",
            "price": "71.32",
            "revenue": 1119051
        },
        "2019-02": {
            "month": "2019-02",
            "price": "81.89",
            "revenue": 975560
        },
        "2019-03": {
            "month": "2019-03",
            "price": "86.43",
            "revenue": 1161913
        },
        "2019-04": {
            "month": "2019-04",
            "price": "91.30",
            "revenue": 1201852
        },
        "2019-05": {
            "month": "2019-05",
            "price": "88.11",
            "revenue": 1143092
        },
        "2019-06": {
            "month": "2019-06",
            "price": "87.71",
            "revenue": 1157032
        },
        "2019-07": {
            "month": "2019-07",
            "price": "89.40",
            "revenue": 1181045
        },
        "2019-08": {
            "month": "2019-08",
            "price": "97.79",
            "revenue": 1239811
        },
        "2019-09": {
            "month": "2019-09",
            "price": "97.26",
            "revenue": 1170256
        },
        "2019-10": {
            "month": "2019-10",
            "price": "94.31",
            "revenue": 1197597
        },
        "2019-11": {
            "month": "2019-11",
            "price": "93.54",
            "revenue": 1216779
        },
        "2019-12": {
            "month": "2019-12",
            "price": "96.05",
            "revenue": 1167476
        },
        "2020-01": {
            "month": "2020-01",
            "price": "98.71",
            "revenue": 1128011
        },
        "2020-02": {
            "month": "2020-02",
            "price": "91.79",
            "revenue": 1031217
        },
        "2020-03": {
            "month": "2020-03",
            "price": "83.89",
            "revenue": 1146541
        },
        "2020-04": {
            "month": "2020-04",
            "price": "87.43",
            "revenue": 1063336
        },
        "2020-05": {
            "month": "2020-05",
            "price": "93.48",
            "revenue": 966616
        },
        "2020-06": {
            "month": "2020-06",
            "price": "95.11",
            "revenue": 1004723
        },
        "2020-07": {
            "month": "2020-07",
            "price": "90.31",
            "revenue": 1170589
        },
        "2020-08": {
            "month": "2020-08",
            "price": "87.56",
            "revenue": 1278268
        },
        "2020-09": {
            "month": "2020-09",
            "price": "86.77",
            "revenue": 1383059
        },
        "2020-10": {
            "month": "2020-10",
            "price": "88.96",
            "revenue": 1367370
        },
        "2020-11": {
            "month": "2020-11",
            "price": "91.39",
            "revenue": 1341555
        },
        "2020-12": {
            "month": "2020-12",
            "price": "101.71",
            "revenue": 1543866
        },
        "2021-01": {
            "month": "2021-01",
            "price": "162.30",
            "revenue": 1776220
        },
        "2021-02": {
            "month": "2021-02",
            "price": "289.27",
            "revenue": 1519548
        },
        "2021-03": {
            "month": "2021-03",
            "price": "360.55",
            "revenue": 1910731
        },
        "2021-04": {
            "month": "2021-04",
            "price": "432.53",
            "revenue": 2146631
        },
        "2021-05": {
            "month": "2021-05",
            "price": "343.93",
            "revenue": 2019804
        },
        "2021-06": {
            "month": "2021-06",
            "price": "359.81",
            "revenue": 2063631
        },
        "2021-07": {
            "month": "2021-07",
            "price": "381.02",
            "revenue": 2265293
        },
        "2021-08": {
            "month": "2021-08",
            "price": "398.23",
            "revenue": 2277344
        },
        "2021-09": {
            "month": "2021-09",
            "price": "357.50",
            "revenue": 2194615
        },
        "2021-10": {
            "month": "2021-10",
            "price": "346.98",
            "revenue": 2143375
        },
        "2021-11": {
            "month": "2021-11",
            "price": "419.98",
            "revenue": 2165195
        },
        "2021-12": {
            "month": "2021-12",
            "price": "557.27",
            "revenue": 2351451
        },
        "2022-01": {
            "month": "2022-01",
            "price": "600.83",
            "revenue": 2626813
        },
        "2022-02": {
            "month": "2022-02",
            "price": "622.60",
            "revenue": 2414365
        },
        "2022-03": {
            "month": "2022-03",
            "price": "542.87",
            "revenue": 2656999
        },
        "2022-04": {
            "month": "2022-04",
            "price": "481.11",
            "revenue": 2705153
        },
        "2022-05": {
            "month": "2022-05",
            "price": "493.17",
            "revenue": 2470399
        },
        "2022-06": {
            "month": "2022-06",
            "price": "436.07",
            "revenue": 1848659
        },
        "2022-07": {
            "month": "2022-07",
            "price": "283.19",
            "revenue": 1389413
        },
        "2022-08": {
            "month": "2022-08",
            "price": "271.00",
            "revenue": 1326763
        },
        "2022-09": {
            "month": "2022-09",
            "price": "242.83",
            "revenue": 1187471
        },
        "2022-10": {
            "month": "2022-10",
            "price": "225.00",
            "revenue": 1359522
        },
        "2022-11": {
            "month": "2022-11",
            "price": "286.50",
            "revenue": 1426421
        },
        "2022-12": {
            "month": "2022-12",
            "price": "305.14",
            "revenue": 1410187
        },
        "2023-01": {
            "month": "2023-01",
            "price": "340.62",
            "revenue": 1165043
        },
        "2023-02": {
            "month": "2023-02",
            "price": "379.31",
            "revenue": 1189369
        },
        "2023-03": {
            "month": "2023-03",
            "price": "411.30",
            "revenue": 1309429
        },
        "2023-04": {
            "month": "2023-04",
            "price": "410.82",
            "revenue": 1472463
        },
        "2023-05": {
            "month": "2023-05",
            "price": "352.43",
            "revenue": 1616194
        }
    }
}
