{
    "summary": {
        "stock_name": "力銘",
        "stock_id": "3593",
        "category": "電子零組件",
        "main_business": "電子零組件<br>消費性電子產品",
        "website_url": "http://www.logah.com",
        "ceo": "尤惠法",
        "pe_ratio": -16,
        "report_year_from": 2007,
        "report_year_to": 2023,
        "age": 17,
        "eps_negative_percentage": 59,
        "eps_growth_avg": {
            "last_all": -62.35,
            "last_2y": -99.4,
            "last_4y": -99.4,
            "last_8y": -99.6,
            "last_12y": -99.7,
            "last_16y": null,
            "last_20y": null,
            "at_2006_last_3y": null,
            "at_2007_last_3y": null,
            "at_2008_last_3y": null,
            "at_2009_last_3y": null,
            "at_2010_last_3y": null,
            "at_2011_last_3y": -34.41,
            "at_2012_last_3y": -49.05,
            "at_2013_last_3y": -83.24,
            "at_2014_last_3y": -100,
            "at_2015_last_3y": null,
            "at_2016_last_3y": null,
            "at_2017_last_3y": null,
            "at_2018_last_3y": -100,
            "at_2019_last_3y": -100,
            "at_2020_last_3y": -100,
            "at_2021_last_3y": -99.4,
            "at_2022_last_3y": -99.4,
            "at_2023_last_3y": -99.4,
            "at_2024_last_3y": -99.4,
            "at_2006_last_all": null,
            "at_2007_last_all": null,
            "at_2008_last_all": null,
            "at_2009_last_all": 14.41,
            "at_2010_last_all": -12.55,
            "at_2011_last_all": -34.41,
            "at_2012_last_all": -34.41,
            "at_2013_last_all": -34.41,
            "at_2014_last_all": -34.41,
            "at_2015_last_all": -34.41,
            "at_2016_last_all": -34.41,
            "at_2017_last_all": -34.41,
            "at_2018_last_all": -47.53,
            "at_2019_last_all": -47.53,
            "at_2020_last_all": -47.53,
            "at_2021_last_all": -56.08,
            "at_2022_last_all": -62.35,
            "at_2023_last_all": -62.35,
            "at_2024_last_all": -62.35
        },
        "latest_eps": -0.8,
        "latest_price": 12.45,
        "latest_roe": -14.31,
        "latest_gross_margin": 10.93,
        "latest_equity": 486320,
        "latest_revenue": 255650,
        "latest_gross_profit": 27943,
        "latest_net_income": -11759,
        "latest_debt_ratio": 65.02,
        "latest_current_ratio": 76.16,
        "latest_account_receivable_turnover_ratio": 0.85,
        "latest_inventory_turnover_ratio": 2.61,
        "latest_reinvestment_rate": null,
        "latest_research_to_sale_ratio": null
    },
    "eps_dividends": {
        "2001": {
            "cash": 0,
            "stock": 0,
            "eps": 0
        },
        "2002": {
            "cash": 0,
            "stock": 0,
            "eps": 0
        },
        "2003": {
            "cash": 0,
            "stock": 0,
            "eps": 0
        },
        "2004": {
            "cash": 0,
            "stock": 0,
            "eps": 0
        },
        "2005": {
            "cash": 0,
            "stock": 0,
            "eps": 0
        },
        "2006": {
            "cash": 0,
            "stock": 0,
            "eps": 0
        },
        "2007": {
            "cash": 0,
            "stock": 0,
            "eps": 2.74
        },
        "2008": {
            "cash": 2,
            "stock": 1,
            "eps": 3
        },
        "2009": {
            "cash": 1.9,
            "stock": 0.1,
            "eps": 3.58
        },
        "2010": {
            "cash": 2.8,
            "stock": 0,
            "eps": 1.2
        },
        "2011": {
            "cash": 1,
            "stock": 0,
            "eps": -0.1
        },
        "2012": {
            "cash": 0,
            "stock": 0,
            "eps": -2.06
        },
        "2013": {
            "cash": 0,
            "stock": 0,
            "eps": -4.13
        },
        "2014": {
            "cash": 0,
            "stock": 0,
            "eps": -1.84
        },
        "2015": {
            "cash": 0,
            "stock": 0,
            "eps": -1.88
        },
        "2016": {
            "cash": 0,
            "stock": 0,
            "eps": -1.44
        },
        "2017": {
            "cash": 0,
            "stock": 0,
            "eps": 0.02
        },
        "2018": {
            "cash": 0,
            "stock": 0,
            "eps": -1.65
        },
        "2019": {
            "cash": 0,
            "stock": 0,
            "eps": -2.67
        },
        "2020": {
            "cash": 0,
            "stock": 0,
            "eps": 0.83
        },
        "2021": {
            "cash": 0,
            "stock": 0,
            "eps": 0.01
        },
        "2022": {
            "cash": 0,
            "stock": 0,
            "eps": -1
        },
        "2023": {
            "cash": 0,
            "stock": 0,
            "eps": -0.69
        }
    },
    "dividends": {
        "2008-03-25": {
            "cash": 2,
            "stock": 1
        },
        "2009-04-30": {
            "cash": 1.9,
            "stock": 0.1
        },
        "2010-04-27": {
            "cash": 2.8,
            "stock": 0
        },
        "2011-04-27": {
            "cash": 1,
            "stock": 0
        }
    },
    "prices": {
        "200101": "無",
        "200102": "無",
        "200103": "無",
        "200104": "無",
        "200105": "無",
        "200106": "無",
        "200107": "無",
        "200108": "無",
        "200109": "無",
        "200110": "無",
        "200111": "無",
        "200112": "無",
        "200201": "無",
        "200202": "無",
        "200203": "無",
        "200204": "無",
        "200205": "無",
        "200206": "無",
        "200207": "無",
        "200208": "無",
        "200209": "無",
        "200210": "無",
        "200211": "無",
        "200212": "無",
        "200301": "無",
        "200302": "無",
        "200303": "無",
        "200304": "無",
        "200305": "無",
        "200306": "無",
        "200307": "無",
        "200308": "無",
        "200309": "無",
        "200310": "無",
        "200311": "無",
        "200312": "無",
        "200401": "無",
        "200402": "無",
        "200403": "無",
        "200404": "無",
        "200405": "無",
        "200406": "無",
        "200407": "無",
        "200408": "無",
        "200409": "無",
        "200410": "無",
        "200411": "無",
        "200412": "無",
        "200501": "無",
        "200502": "無",
        "200503": "無",
        "200504": "無",
        "200505": "無",
        "200506": "無",
        "200507": "無",
        "200508": "無",
        "200509": "無",
        "200510": "無",
        "200511": "無",
        "200512": "無",
        "200601": "無",
        "200602": "無",
        "200603": "無",
        "200604": "無",
        "200605": "無",
        "200606": "無",
        "200607": "無",
        "200608": "無",
        "200609": "無",
        "200610": "無",
        "200611": "無",
        "200612": "無",
        "200701": "無",
        "200702": "無",
        "200703": "無",
        "200704": "無",
        "200705": "無",
        "200706": "無",
        "200707": "無",
        "200708": "無",
        "200709": "無",
        "200710": "78.07",
        "200711": "65.18",
        "200712": "53.70",
        "200801": "46.41",
        "200802": "42.67",
        "200803": "47.29",
        "200804": "54.63",
        "200805": "55.33",
        "200806": "49.71",
        "200807": "41.14",
        "200808": "31.02",
        "200809": "23.50",
        "200810": "17.06",
        "200811": "11.34",
        "200812": "8.57",
        "200901": "11.09",
        "200902": "13.25",
        "200903": "25.45",
        "200904": "30.36",
        "200905": "32.88",
        "200906": "28.20",
        "200907": "30.85",
        "200908": "31.81",
        "200909": "39.03",
        "200910": "43.19",
        "200911": "40.83",
        "200912": "42.99",
        "201001": "44.85",
        "201002": "39.71",
        "201003": "41.10",
        "201004": "39.61",
        "201005": "33.71",
        "201006": "32.20",
        "201007": "33.32",
        "201008": "32.74",
        "201009": "29.54",
        "201010": "25.91",
        "201011": "23.35",
        "201012": "25.39",
        "201101": "26.24",
        "201102": "24.89",
        "201103": "23.15",
        "201104": "21.69",
        "201105": "21.07",
        "201106": "20.07",
        "201107": "18.21",
        "201108": "15.37",
        "201109": "13.17",
        "201110": "12.24",
        "201111": "12.39",
        "201112": "10.65",
        "201201": "10.68",
        "201202": "13.24",
        "201203": "12.50",
        "201204": "10.96",
        "201205": "10.61",
        "201206": "9.21",
        "201207": "8.99",
        "201208": "10.09",
        "201209": "10.54",
        "201210": "11.64",
        "201211": "11.24",
        "201212": "10.96",
        "201301": "9.62",
        "201302": "10.01",
        "201303": "11.25",
        "201304": "10.23",
        "201305": "10.06",
        "201306": "11.25",
        "201307": "11.57",
        "201308": "10.88",
        "201309": "10.20",
        "201310": "10.49",
        "201311": "10.36",
        "201312": "11.32",
        "201401": "13.13",
        "201402": "14.70",
        "201403": "19.97",
        "201404": "17.75",
        "201405": "16.79",
        "201406": "18.80",
        "201407": "18.74",
        "201408": "17.81",
        "201409": "17.39",
        "201410": "14.51",
        "201411": "13.60",
        "201412": "15.44",
        "201501": "16.03",
        "201502": "17.83",
        "201503": "19.48",
        "201504": "14.50",
        "201505": "13.32",
        "201506": "11.71",
        "201507": "10.65",
        "201508": "8.25",
        "201509": "8.13",
        "201510": "8.36",
        "201511": "8.02",
        "201512": "8.81",
        "201601": "8.34",
        "201602": "8.56",
        "201603": "8.54",
        "201604": "8.19",
        "201605": "7.67",
        "201606": "7.44",
        "201607": "7.05",
        "201608": "6.77",
        "201609": "7.02",
        "201610": "7.32",
        "201611": "6.80",
        "201612": "6.41",
        "201701": "7.11",
        "201702": "8.33",
        "201703": "9.19",
        "201704": "10.13",
        "201705": "10.26",
        "201706": "10.32",
        "201707": "9.65",
        "201708": "9.22",
        "201709": "13.37",
        "201710": "13.94",
        "201711": "12.66",
        "201712": "12.18",
        "201801": "11.69",
        "201802": "10.48",
        "201803": "9.63",
        "201804": "8.60",
        "201805": "8.28",
        "201806": "8.42",
        "201807": "7.58",
        "201808": "6.97",
        "201809": "6.71",
        "201810": "7.30",
        "201811": "10.86",
        "201812": "9.45",
        "201901": "8.04",
        "201902": "8.08",
        "201903": "7.55",
        "201904": "8.18",
        "201905": "7.87",
        "201906": "7.86",
        "201907": "7.58",
        "201908": "6.91",
        "201909": "6.63",
        "201910": "5.82",
        "201911": "5.17",
        "201912": "7.39",
        "202001": "8.52",
        "202002": "8.30",
        "202003": "8.02",
        "202004": "7.26",
        "202005": "9.48",
        "202006": "11.39",
        "202007": "10.06",
        "202008": "11.27",
        "202009": "10.91",
        "202010": "11.36",
        "202011": "11.50",
        "202012": "12.49",
        "202101": "12.15",
        "202102": "11.72",
        "202103": "14.49",
        "202104": "18.34",
        "202105": "15.04",
        "202106": "13.99",
        "202107": "13.03",
        "202108": "14.31",
        "202109": "13.57",
        "202110": "14.24",
        "202111": "15.98",
        "202112": "15.67",
        "202201": "15.48",
        "202202": "17.09",
        "202203": "14.97",
        "202204": "14.41",
        "202205": "14.80",
        "202206": "14.42",
        "202207": "14.15",
        "202208": "13.99",
        "202209": "14.20",
        "202210": "13.67",
        "202211": "14.10",
        "202212": "13.61",
        "202301": "13.10",
        "202302": "12.31",
        "202303": "12.68",
        "202304": "12.66",
        "202305": "12.77",
        "202306": "12.67",
        "202307": "12.33",
        "202308": "11.80",
        "202309": "11.98",
        "202310": "11.71",
        "202311": "11.27",
        "202312": "11.26"
    },
    "quarters": {
        "20011": {
            "year_quarter": 20011,
            "year": 2001,
            "quarter": 1,
            "eps": null,
            "eps_growth_year": null,
            "eps_4q": null,
            "eps_4q_growth_year": null,
            "roe": null,
            "roe_4q": 0,
            "gross_profit": null,
            "gross_margin": null,
            "gross_margin_4q_avg": 0,
            "net_income": null,
            "net_income_4q": null,
            "revenue": null,
            "revenue_4q": null,
            "common_shares": null,
            "book_valuer_per_share": null,
            "book_valuer_per_share_4q_avg": 0,
            "equity": null,
            "current_ratio": null,
            "debt_ratio": null,
            "inventory_turnover_ratio": null,
            "account_receivable_turnover_ratio": null,
            "reinvestment_rate": null,
            "research_to_sale_ratio": null,
            "price_fair": 0,
            "eps_avg_yearly": 0,
            "eps_latest_yearly": 0,
            "eps_growth_yearly": 0
        },
        "20012": {
            "year_quarter": 20012,
            "year": 2001,
            "quarter": 2,
            "eps": null,
            "eps_growth_year": null,
            "eps_4q": null,
            "eps_4q_growth_year": null,
            "roe": null,
            "roe_4q": 0,
            "gross_profit": null,
            "gross_margin": null,
            "gross_margin_4q_avg": 0,
            "net_income": null,
            "net_income_4q": null,
            "revenue": null,
            "revenue_4q": null,
            "common_shares": null,
            "book_valuer_per_share": null,
            "book_valuer_per_share_4q_avg": 0,
            "equity": null,
            "current_ratio": null,
            "debt_ratio": null,
            "inventory_turnover_ratio": null,
            "account_receivable_turnover_ratio": null,
            "reinvestment_rate": null,
            "research_to_sale_ratio": null,
            "price_fair": 0,
            "eps_avg_yearly": 0,
            "eps_latest_yearly": 0,
            "eps_growth_yearly": 0
        },
        "20013": {
            "year_quarter": 20013,
            "year": 2001,
            "quarter": 3,
            "eps": null,
            "eps_growth_year": null,
            "eps_4q": null,
            "eps_4q_growth_year": null,
            "roe": null,
            "roe_4q": 0,
            "gross_profit": null,
            "gross_margin": null,
            "gross_margin_4q_avg": 0,
            "net_income": null,
            "net_income_4q": null,
            "revenue": null,
            "revenue_4q": null,
            "common_shares": null,
            "book_valuer_per_share": null,
            "book_valuer_per_share_4q_avg": 0,
            "equity": null,
            "current_ratio": null,
            "debt_ratio": null,
            "inventory_turnover_ratio": null,
            "account_receivable_turnover_ratio": null,
            "reinvestment_rate": null,
            "research_to_sale_ratio": null,
            "price_fair": 0,
            "eps_avg_yearly": 0,
            "eps_latest_yearly": 0,
            "eps_growth_yearly": 0
        },
        "20014": {
            "year_quarter": 20014,
            "year": 2001,
            "quarter": 4,
            "eps": null,
            "eps_growth_year": null,
            "eps_4q": null,
            "eps_4q_growth_year": null,
            "roe": null,
            "roe_4q": 0,
            "gross_profit": null,
            "gross_margin": null,
            "gross_margin_4q_avg": 0,
            "net_income": null,
            "net_income_4q": null,
            "revenue": null,
            "revenue_4q": null,
            "common_shares": null,
            "book_valuer_per_share": null,
            "book_valuer_per_share_4q_avg": 0,
            "equity": null,
            "current_ratio": null,
            "debt_ratio": null,
            "inventory_turnover_ratio": null,
            "account_receivable_turnover_ratio": null,
            "reinvestment_rate": null,
            "research_to_sale_ratio": null,
            "price_fair": 0,
            "eps_avg_yearly": 0,
            "eps_latest_yearly": 0,
            "eps_growth_yearly": 0
        },
        "20021": {
            "year_quarter": 20021,
            "year": 2002,
            "quarter": 1,
            "eps": null,
            "eps_growth_year": null,
            "eps_4q": null,
            "eps_4q_growth_year": null,
            "roe": null,
            "roe_4q": 0,
            "gross_profit": null,
            "gross_margin": null,
            "gross_margin_4q_avg": 0,
            "net_income": null,
            "net_income_4q": null,
            "revenue": null,
            "revenue_4q": null,
            "common_shares": null,
            "book_valuer_per_share": null,
            "book_valuer_per_share_4q_avg": 0,
            "equity": null,
            "current_ratio": null,
            "debt_ratio": null,
            "inventory_turnover_ratio": null,
            "account_receivable_turnover_ratio": null,
            "reinvestment_rate": null,
            "research_to_sale_ratio": null,
            "price_fair": 0,
            "eps_avg_yearly": 0,
            "eps_latest_yearly": 0,
            "eps_growth_yearly": 0
        },
        "20022": {
            "year_quarter": 20022,
            "year": 2002,
            "quarter": 2,
            "eps": null,
            "eps_growth_year": null,
            "eps_4q": null,
            "eps_4q_growth_year": null,
            "roe": null,
            "roe_4q": 0,
            "gross_profit": null,
            "gross_margin": null,
            "gross_margin_4q_avg": 0,
            "net_income": null,
            "net_income_4q": null,
            "revenue": null,
            "revenue_4q": null,
            "common_shares": null,
            "book_valuer_per_share": null,
            "book_valuer_per_share_4q_avg": 0,
            "equity": null,
            "current_ratio": null,
            "debt_ratio": null,
            "inventory_turnover_ratio": null,
            "account_receivable_turnover_ratio": null,
            "reinvestment_rate": null,
            "research_to_sale_ratio": null,
            "price_fair": 0,
            "eps_avg_yearly": 0,
            "eps_latest_yearly": 0,
            "eps_growth_yearly": 0
        },
        "20023": {
            "year_quarter": 20023,
            "year": 2002,
            "quarter": 3,
            "eps": null,
            "eps_growth_year": null,
            "eps_4q": null,
            "eps_4q_growth_year": null,
            "roe": null,
            "roe_4q": 0,
            "gross_profit": null,
            "gross_margin": null,
            "gross_margin_4q_avg": 0,
            "net_income": null,
            "net_income_4q": null,
            "revenue": null,
            "revenue_4q": null,
            "common_shares": null,
            "book_valuer_per_share": null,
            "book_valuer_per_share_4q_avg": 0,
            "equity": null,
            "current_ratio": null,
            "debt_ratio": null,
            "inventory_turnover_ratio": null,
            "account_receivable_turnover_ratio": null,
            "reinvestment_rate": null,
            "research_to_sale_ratio": null,
            "price_fair": 0,
            "eps_avg_yearly": 0,
            "eps_latest_yearly": 0,
            "eps_growth_yearly": 0
        },
        "20024": {
            "year_quarter": 20024,
            "year": 2002,
            "quarter": 4,
            "eps": null,
            "eps_growth_year": null,
            "eps_4q": null,
            "eps_4q_growth_year": null,
            "roe": null,
            "roe_4q": 0,
            "gross_profit": null,
            "gross_margin": null,
            "gross_margin_4q_avg": 0,
            "net_income": null,
            "net_income_4q": null,
            "revenue": null,
            "revenue_4q": null,
            "common_shares": null,
            "book_valuer_per_share": null,
            "book_valuer_per_share_4q_avg": 0,
            "equity": null,
            "current_ratio": null,
            "debt_ratio": null,
            "inventory_turnover_ratio": null,
            "account_receivable_turnover_ratio": null,
            "reinvestment_rate": null,
            "research_to_sale_ratio": null,
            "price_fair": 0,
            "eps_avg_yearly": 0,
            "eps_latest_yearly": 0,
            "eps_growth_yearly": 0
        },
        "20031": {
            "year_quarter": 20031,
            "year": 2003,
            "quarter": 1,
            "eps": null,
            "eps_growth_year": null,
            "eps_4q": null,
            "eps_4q_growth_year": null,
            "roe": null,
            "roe_4q": 0,
            "gross_profit": null,
            "gross_margin": null,
            "gross_margin_4q_avg": 0,
            "net_income": null,
            "net_income_4q": null,
            "revenue": null,
            "revenue_4q": null,
            "common_shares": null,
            "book_valuer_per_share": null,
            "book_valuer_per_share_4q_avg": 0,
            "equity": null,
            "current_ratio": null,
            "debt_ratio": null,
            "inventory_turnover_ratio": null,
            "account_receivable_turnover_ratio": null,
            "reinvestment_rate": null,
            "research_to_sale_ratio": null,
            "price_fair": 0,
            "eps_avg_yearly": 0,
            "eps_latest_yearly": 0,
            "eps_growth_yearly": 0
        },
        "20032": {
            "year_quarter": 20032,
            "year": 2003,
            "quarter": 2,
            "eps": null,
            "eps_growth_year": null,
            "eps_4q": null,
            "eps_4q_growth_year": null,
            "roe": null,
            "roe_4q": 0,
            "gross_profit": null,
            "gross_margin": null,
            "gross_margin_4q_avg": 0,
            "net_income": null,
            "net_income_4q": null,
            "revenue": null,
            "revenue_4q": null,
            "common_shares": null,
            "book_valuer_per_share": null,
            "book_valuer_per_share_4q_avg": 0,
            "equity": null,
            "current_ratio": null,
            "debt_ratio": null,
            "inventory_turnover_ratio": null,
            "account_receivable_turnover_ratio": null,
            "reinvestment_rate": null,
            "research_to_sale_ratio": null,
            "price_fair": 0,
            "eps_avg_yearly": 0,
            "eps_latest_yearly": 0,
            "eps_growth_yearly": 0
        },
        "20033": {
            "year_quarter": 20033,
            "year": 2003,
            "quarter": 3,
            "eps": null,
            "eps_growth_year": null,
            "eps_4q": null,
            "eps_4q_growth_year": null,
            "roe": null,
            "roe_4q": 0,
            "gross_profit": null,
            "gross_margin": null,
            "gross_margin_4q_avg": 0,
            "net_income": null,
            "net_income_4q": null,
            "revenue": null,
            "revenue_4q": null,
            "common_shares": null,
            "book_valuer_per_share": null,
            "book_valuer_per_share_4q_avg": 0,
            "equity": null,
            "current_ratio": null,
            "debt_ratio": null,
            "inventory_turnover_ratio": null,
            "account_receivable_turnover_ratio": null,
            "reinvestment_rate": null,
            "research_to_sale_ratio": null,
            "price_fair": 0,
            "eps_avg_yearly": 0,
            "eps_latest_yearly": 0,
            "eps_growth_yearly": 0
        },
        "20034": {
            "year_quarter": 20034,
            "year": 2003,
            "quarter": 4,
            "eps": null,
            "eps_growth_year": null,
            "eps_4q": null,
            "eps_4q_growth_year": null,
            "roe": null,
            "roe_4q": 0,
            "gross_profit": null,
            "gross_margin": null,
            "gross_margin_4q_avg": 0,
            "net_income": null,
            "net_income_4q": null,
            "revenue": null,
            "revenue_4q": null,
            "common_shares": 100000,
            "book_valuer_per_share": 9.91,
            "book_valuer_per_share_4q_avg": 2.48,
            "equity": 99134,
            "current_ratio": 11271.22,
            "debt_ratio": 0.87,
            "inventory_turnover_ratio": null,
            "account_receivable_turnover_ratio": null,
            "reinvestment_rate": null,
            "research_to_sale_ratio": null,
            "price_fair": 0,
            "eps_avg_yearly": 0,
            "eps_latest_yearly": 0,
            "eps_growth_yearly": 0
        },
        "20041": {
            "year_quarter": 20041,
            "year": 2004,
            "quarter": 1,
            "eps": null,
            "eps_growth_year": null,
            "eps_4q": null,
            "eps_4q_growth_year": null,
            "roe": null,
            "roe_4q": 0,
            "gross_profit": null,
            "gross_margin": null,
            "gross_margin_4q_avg": 0,
            "net_income": null,
            "net_income_4q": null,
            "revenue": null,
            "revenue_4q": null,
            "common_shares": null,
            "book_valuer_per_share": null,
            "book_valuer_per_share_4q_avg": 2.48,
            "equity": null,
            "current_ratio": null,
            "debt_ratio": null,
            "inventory_turnover_ratio": null,
            "account_receivable_turnover_ratio": null,
            "reinvestment_rate": null,
            "research_to_sale_ratio": null,
            "price_fair": 0,
            "eps_avg_yearly": 0,
            "eps_latest_yearly": 0,
            "eps_growth_yearly": 0
        },
        "20042": {
            "year_quarter": 20042,
            "year": 2004,
            "quarter": 2,
            "eps": null,
            "eps_growth_year": null,
            "eps_4q": null,
            "eps_4q_growth_year": null,
            "roe": null,
            "roe_4q": 0,
            "gross_profit": null,
            "gross_margin": null,
            "gross_margin_4q_avg": 0,
            "net_income": null,
            "net_income_4q": null,
            "revenue": null,
            "revenue_4q": null,
            "common_shares": null,
            "book_valuer_per_share": null,
            "book_valuer_per_share_4q_avg": 2.48,
            "equity": null,
            "current_ratio": null,
            "debt_ratio": null,
            "inventory_turnover_ratio": null,
            "account_receivable_turnover_ratio": null,
            "reinvestment_rate": null,
            "research_to_sale_ratio": null,
            "price_fair": 0,
            "eps_avg_yearly": 0,
            "eps_latest_yearly": 0,
            "eps_growth_yearly": 0
        },
        "20043": {
            "year_quarter": 20043,
            "year": 2004,
            "quarter": 3,
            "eps": null,
            "eps_growth_year": null,
            "eps_4q": null,
            "eps_4q_growth_year": null,
            "roe": null,
            "roe_4q": 0,
            "gross_profit": null,
            "gross_margin": null,
            "gross_margin_4q_avg": 0,
            "net_income": null,
            "net_income_4q": null,
            "revenue": null,
            "revenue_4q": null,
            "common_shares": null,
            "book_valuer_per_share": null,
            "book_valuer_per_share_4q_avg": 2.48,
            "equity": null,
            "current_ratio": null,
            "debt_ratio": null,
            "inventory_turnover_ratio": null,
            "account_receivable_turnover_ratio": null,
            "reinvestment_rate": null,
            "research_to_sale_ratio": null,
            "price_fair": 0,
            "eps_avg_yearly": 0,
            "eps_latest_yearly": 0,
            "eps_growth_yearly": 0
        },
        "20044": {
            "year_quarter": 20044,
            "year": 2004,
            "quarter": 4,
            "eps": null,
            "eps_growth_year": null,
            "eps_4q": null,
            "eps_4q_growth_year": null,
            "roe": null,
            "roe_4q": 0,
            "gross_profit": null,
            "gross_margin": null,
            "gross_margin_4q_avg": 0,
            "net_income": null,
            "net_income_4q": null,
            "revenue": null,
            "revenue_4q": null,
            "common_shares": 200000,
            "book_valuer_per_share": 6.55,
            "book_valuer_per_share_4q_avg": 1.64,
            "equity": 130970,
            "current_ratio": 203.44,
            "debt_ratio": 34.72,
            "inventory_turnover_ratio": null,
            "account_receivable_turnover_ratio": null,
            "reinvestment_rate": null,
            "research_to_sale_ratio": null,
            "price_fair": 0,
            "eps_avg_yearly": 0,
            "eps_latest_yearly": 0,
            "eps_growth_yearly": 0
        },
        "20051": {
            "year_quarter": 20051,
            "year": 2005,
            "quarter": 1,
            "eps": null,
            "eps_growth_year": null,
            "eps_4q": null,
            "eps_4q_growth_year": null,
            "roe": null,
            "roe_4q": 0,
            "gross_profit": null,
            "gross_margin": null,
            "gross_margin_4q_avg": 0,
            "net_income": null,
            "net_income_4q": null,
            "revenue": null,
            "revenue_4q": null,
            "common_shares": null,
            "book_valuer_per_share": null,
            "book_valuer_per_share_4q_avg": 1.64,
            "equity": null,
            "current_ratio": null,
            "debt_ratio": null,
            "inventory_turnover_ratio": null,
            "account_receivable_turnover_ratio": null,
            "reinvestment_rate": null,
            "research_to_sale_ratio": null,
            "price_fair": 0,
            "eps_avg_yearly": 0,
            "eps_latest_yearly": 0,
            "eps_growth_yearly": 0
        },
        "20052": {
            "year_quarter": 20052,
            "year": 2005,
            "quarter": 2,
            "eps": null,
            "eps_growth_year": null,
            "eps_4q": null,
            "eps_4q_growth_year": null,
            "roe": null,
            "roe_4q": 0,
            "gross_profit": null,
            "gross_margin": null,
            "gross_margin_4q_avg": 0,
            "net_income": null,
            "net_income_4q": null,
            "revenue": null,
            "revenue_4q": null,
            "common_shares": null,
            "book_valuer_per_share": null,
            "book_valuer_per_share_4q_avg": 1.64,
            "equity": null,
            "current_ratio": null,
            "debt_ratio": null,
            "inventory_turnover_ratio": null,
            "account_receivable_turnover_ratio": null,
            "reinvestment_rate": null,
            "research_to_sale_ratio": null,
            "price_fair": 0,
            "eps_avg_yearly": 0,
            "eps_latest_yearly": 0,
            "eps_growth_yearly": 0
        },
        "20053": {
            "year_quarter": 20053,
            "year": 2005,
            "quarter": 3,
            "eps": null,
            "eps_growth_year": null,
            "eps_4q": null,
            "eps_4q_growth_year": null,
            "roe": null,
            "roe_4q": 0,
            "gross_profit": null,
            "gross_margin": null,
            "gross_margin_4q_avg": 0,
            "net_income": null,
            "net_income_4q": null,
            "revenue": null,
            "revenue_4q": null,
            "common_shares": null,
            "book_valuer_per_share": null,
            "book_valuer_per_share_4q_avg": 1.64,
            "equity": null,
            "current_ratio": null,
            "debt_ratio": null,
            "inventory_turnover_ratio": null,
            "account_receivable_turnover_ratio": null,
            "reinvestment_rate": null,
            "research_to_sale_ratio": null,
            "price_fair": 0,
            "eps_avg_yearly": 0,
            "eps_latest_yearly": 0,
            "eps_growth_yearly": 0
        },
        "20054": {
            "year_quarter": 20054,
            "year": 2005,
            "quarter": 4,
            "eps": null,
            "eps_growth_year": null,
            "eps_4q": null,
            "eps_4q_growth_year": null,
            "roe": null,
            "roe_4q": 0,
            "gross_profit": null,
            "gross_margin": null,
            "gross_margin_4q_avg": 0,
            "net_income": null,
            "net_income_4q": null,
            "revenue": null,
            "revenue_4q": null,
            "common_shares": 380000,
            "book_valuer_per_share": 11.05,
            "book_valuer_per_share_4q_avg": 2.76,
            "equity": 420040,
            "current_ratio": 116.93,
            "debt_ratio": 73.84,
            "inventory_turnover_ratio": null,
            "account_receivable_turnover_ratio": null,
            "reinvestment_rate": null,
            "research_to_sale_ratio": null,
            "price_fair": 0,
            "eps_avg_yearly": 0,
            "eps_latest_yearly": 0,
            "eps_growth_yearly": 0
        },
        "20061": {
            "year_quarter": 20061,
            "year": 2006,
            "quarter": 1,
            "eps": null,
            "eps_growth_year": null,
            "eps_4q": null,
            "eps_4q_growth_year": null,
            "roe": null,
            "roe_4q": 0,
            "gross_profit": null,
            "gross_margin": null,
            "gross_margin_4q_avg": 0,
            "net_income": null,
            "net_income_4q": null,
            "revenue": null,
            "revenue_4q": null,
            "common_shares": null,
            "book_valuer_per_share": null,
            "book_valuer_per_share_4q_avg": 2.76,
            "equity": null,
            "current_ratio": null,
            "debt_ratio": null,
            "inventory_turnover_ratio": null,
            "account_receivable_turnover_ratio": null,
            "reinvestment_rate": null,
            "research_to_sale_ratio": null,
            "price_fair": 0,
            "eps_avg_yearly": 0,
            "eps_latest_yearly": 0,
            "eps_growth_yearly": 0
        },
        "20062": {
            "year_quarter": 20062,
            "year": 2006,
            "quarter": 2,
            "eps": null,
            "eps_growth_year": null,
            "eps_4q": null,
            "eps_4q_growth_year": null,
            "roe": null,
            "roe_4q": 0,
            "gross_profit": null,
            "gross_margin": null,
            "gross_margin_4q_avg": 0,
            "net_income": null,
            "net_income_4q": null,
            "revenue": null,
            "revenue_4q": null,
            "common_shares": null,
            "book_valuer_per_share": null,
            "book_valuer_per_share_4q_avg": 2.76,
            "equity": null,
            "current_ratio": null,
            "debt_ratio": null,
            "inventory_turnover_ratio": null,
            "account_receivable_turnover_ratio": null,
            "reinvestment_rate": null,
            "research_to_sale_ratio": null,
            "price_fair": 0,
            "eps_avg_yearly": 0,
            "eps_latest_yearly": 0,
            "eps_growth_yearly": 0
        },
        "20063": {
            "year_quarter": 20063,
            "year": 2006,
            "quarter": 3,
            "eps": null,
            "eps_growth_year": null,
            "eps_4q": null,
            "eps_4q_growth_year": null,
            "roe": null,
            "roe_4q": 0,
            "gross_profit": null,
            "gross_margin": null,
            "gross_margin_4q_avg": 0,
            "net_income": null,
            "net_income_4q": null,
            "revenue": null,
            "revenue_4q": null,
            "common_shares": null,
            "book_valuer_per_share": null,
            "book_valuer_per_share_4q_avg": 2.76,
            "equity": null,
            "current_ratio": null,
            "debt_ratio": null,
            "inventory_turnover_ratio": null,
            "account_receivable_turnover_ratio": null,
            "reinvestment_rate": null,
            "research_to_sale_ratio": null,
            "price_fair": 0,
            "eps_avg_yearly": 0,
            "eps_latest_yearly": 0,
            "eps_growth_yearly": 0
        },
        "20064": {
            "year_quarter": 20064,
            "year": 2006,
            "quarter": 4,
            "eps": null,
            "eps_growth_year": null,
            "eps_4q": null,
            "eps_4q_growth_year": null,
            "roe": null,
            "roe_4q": 0,
            "gross_profit": null,
            "gross_margin": null,
            "gross_margin_4q_avg": 0,
            "net_income": null,
            "net_income_4q": null,
            "revenue": null,
            "revenue_4q": null,
            "common_shares": 800000,
            "book_valuer_per_share": 18.88,
            "book_valuer_per_share_4q_avg": 4.72,
            "equity": 1510640,
            "current_ratio": 192.64,
            "debt_ratio": 43.59,
            "inventory_turnover_ratio": null,
            "account_receivable_turnover_ratio": null,
            "reinvestment_rate": null,
            "research_to_sale_ratio": null,
            "price_fair": 0,
            "eps_avg_yearly": 0,
            "eps_latest_yearly": 0,
            "eps_growth_yearly": 0
        },
        "20071": {
            "year_quarter": 20071,
            "year": 2007,
            "quarter": 1,
            "eps": null,
            "eps_growth_year": null,
            "eps_4q": null,
            "eps_4q_growth_year": null,
            "roe": null,
            "roe_4q": 0,
            "gross_profit": null,
            "gross_margin": null,
            "gross_margin_4q_avg": 0,
            "net_income": null,
            "net_income_4q": null,
            "revenue": null,
            "revenue_4q": null,
            "common_shares": null,
            "book_valuer_per_share": null,
            "book_valuer_per_share_4q_avg": 4.72,
            "equity": null,
            "current_ratio": null,
            "debt_ratio": null,
            "inventory_turnover_ratio": null,
            "account_receivable_turnover_ratio": null,
            "reinvestment_rate": null,
            "research_to_sale_ratio": null,
            "price_fair": 0,
            "eps_avg_yearly": 0,
            "eps_latest_yearly": 0,
            "eps_growth_yearly": 0
        },
        "20072": {
            "year_quarter": 20072,
            "year": 2007,
            "quarter": 2,
            "eps": null,
            "eps_growth_year": null,
            "eps_4q": null,
            "eps_4q_growth_year": null,
            "roe": null,
            "roe_4q": 0,
            "gross_profit": null,
            "gross_margin": null,
            "gross_margin_4q_avg": 0,
            "net_income": null,
            "net_income_4q": null,
            "revenue": null,
            "revenue_4q": null,
            "common_shares": null,
            "book_valuer_per_share": null,
            "book_valuer_per_share_4q_avg": 4.72,
            "equity": null,
            "current_ratio": null,
            "debt_ratio": null,
            "inventory_turnover_ratio": null,
            "account_receivable_turnover_ratio": null,
            "reinvestment_rate": null,
            "research_to_sale_ratio": null,
            "price_fair": 0,
            "eps_avg_yearly": 0,
            "eps_latest_yearly": 0,
            "eps_growth_yearly": 0
        },
        "20073": {
            "year_quarter": 20073,
            "year": 2007,
            "quarter": 3,
            "eps": 1.32,
            "eps_growth_year": null,
            "eps_4q": null,
            "eps_4q_growth_year": null,
            "roe": 7.06,
            "roe_4q": 7.06,
            "gross_profit": 119483,
            "gross_margin": 12.27,
            "gross_margin_4q_avg": 3.07,
            "net_income": 117531,
            "net_income_4q": null,
            "revenue": 973519,
            "revenue_4q": null,
            "common_shares": 891800,
            "book_valuer_per_share": 18.67,
            "book_valuer_per_share_4q_avg": 9.39,
            "equity": 1665299,
            "current_ratio": 268.39,
            "debt_ratio": 29.4,
            "inventory_turnover_ratio": 3.3,
            "account_receivable_turnover_ratio": null,
            "reinvestment_rate": null,
            "research_to_sale_ratio": null,
            "price_fair": 0,
            "eps_avg_yearly": 0,
            "eps_latest_yearly": 0,
            "eps_growth_yearly": 0
        },
        "20074": {
            "year_quarter": 20074,
            "year": 2007,
            "quarter": 4,
            "eps": 1.42,
            "eps_growth_year": null,
            "eps_4q": null,
            "eps_4q_growth_year": null,
            "roe": 7.32,
            "roe_4q": 14.379999999999999,
            "gross_profit": 113052,
            "gross_margin": 12.36,
            "gross_margin_4q_avg": 6.16,
            "net_income": 126713,
            "net_income_4q": null,
            "revenue": 914735,
            "revenue_4q": null,
            "common_shares": 891800,
            "book_valuer_per_share": 20.16,
            "book_valuer_per_share_4q_avg": 9.71,
            "equity": 1798264,
            "current_ratio": 175.82,
            "debt_ratio": 51,
            "inventory_turnover_ratio": 1.83,
            "account_receivable_turnover_ratio": null,
            "reinvestment_rate": null,
            "research_to_sale_ratio": null,
            "price_fair": 198.8,
            "eps_avg_yearly": 5.68,
            "eps_latest_yearly": 5.68,
            "eps_growth_yearly": 30.3
        },
        "20081": {
            "year_quarter": 20081,
            "year": 2008,
            "quarter": 1,
            "eps": 1.31,
            "eps_growth_year": null,
            "eps_4q": null,
            "eps_4q_growth_year": null,
            "roe": 7.08,
            "roe_4q": 21.46,
            "gross_profit": 336695,
            "gross_margin": 18.61,
            "gross_margin_4q_avg": 10.81,
            "net_income": 131009,
            "net_income_4q": null,
            "revenue": 1809509,
            "revenue_4q": null,
            "common_shares": 891800,
            "book_valuer_per_share": 21.35,
            "book_valuer_per_share_4q_avg": 15.05,
            "equity": 1904402,
            "current_ratio": 177.28,
            "debt_ratio": 50.28,
            "inventory_turnover_ratio": 2.46,
            "account_receivable_turnover_ratio": null,
            "reinvestment_rate": null,
            "research_to_sale_ratio": null,
            "price_fair": 16.38,
            "eps_avg_yearly": 5.46,
            "eps_latest_yearly": 5.24,
            "eps_growth_yearly": -0.34
        },
        "20082": {
            "year_quarter": 20082,
            "year": 2008,
            "quarter": 2,
            "eps": 0.83,
            "eps_growth_year": null,
            "eps_4q": 5.05,
            "eps_4q_growth_year": null,
            "roe": 4,
            "roe_4q": 25.459999999999997,
            "gross_profit": 289144,
            "gross_margin": 19.35,
            "gross_margin_4q_avg": 15.65,
            "net_income": 73838,
            "net_income_4q": null,
            "revenue": 1494182,
            "revenue_4q": null,
            "common_shares": 891800,
            "book_valuer_per_share": 20.05,
            "book_valuer_per_share_4q_avg": 20.06,
            "equity": 1787623,
            "current_ratio": 157.86,
            "debt_ratio": 53.79,
            "inventory_turnover_ratio": 2.29,
            "account_receivable_turnover_ratio": null,
            "reinvestment_rate": null,
            "research_to_sale_ratio": null,
            "price_fair": 14.24,
            "eps_avg_yearly": 4.75,
            "eps_latest_yearly": 3.32,
            "eps_growth_yearly": -49.08
        },
        "20083": {
            "year_quarter": 20083,
            "year": 2008,
            "quarter": 3,
            "eps": 0.77,
            "eps_growth_year": -41.67,
            "eps_4q": 4.09,
            "eps_4q_growth_year": null,
            "roe": 4.17,
            "roe_4q": 22.57,
            "gross_profit": 216448,
            "gross_margin": 19.42,
            "gross_margin_4q_avg": 17.44,
            "net_income": 76853,
            "net_income_4q": null,
            "revenue": 1114597,
            "revenue_4q": null,
            "common_shares": 996350,
            "book_valuer_per_share": 19.07,
            "book_valuer_per_share_4q_avg": 20.16,
            "equity": 1899798,
            "current_ratio": 192.37,
            "debt_ratio": 43.25,
            "inventory_turnover_ratio": 2.02,
            "account_receivable_turnover_ratio": null,
            "reinvestment_rate": null,
            "research_to_sale_ratio": null,
            "price_fair": 12.99,
            "eps_avg_yearly": 4.33,
            "eps_latest_yearly": 3.08,
            "eps_growth_yearly": -44.04
        },
        "20084": {
            "year_quarter": 20084,
            "year": 2008,
            "quarter": 4,
            "eps": 0.09,
            "eps_growth_year": -93.66,
            "eps_4q": 3.04,
            "eps_4q_growth_year": null,
            "roe": 0.45,
            "roe_4q": 15.700000000000001,
            "gross_profit": 90625,
            "gross_margin": 11.38,
            "gross_margin_4q_avg": 17.19,
            "net_income": 8606,
            "net_income_4q": null,
            "revenue": 796352,
            "revenue_4q": null,
            "common_shares": 996350,
            "book_valuer_per_share": 19.29,
            "book_valuer_per_share_4q_avg": 19.94,
            "equity": 1921889,
            "current_ratio": 219.76,
            "debt_ratio": 36.93,
            "inventory_turnover_ratio": 2.03,
            "account_receivable_turnover_ratio": 1.71,
            "reinvestment_rate": null,
            "research_to_sale_ratio": null,
            "price_fair": 10.61,
            "eps_avg_yearly": 3.54,
            "eps_latest_yearly": 0.36,
            "eps_growth_yearly": -105.88
        },
        "20091": {
            "year_quarter": 20091,
            "year": 2009,
            "quarter": 1,
            "eps": 0.36,
            "eps_growth_year": -72.52,
            "eps_4q": 1.9,
            "eps_4q_growth_year": null,
            "roe": 1.84,
            "roe_4q": 10.46,
            "gross_profit": 170879,
            "gross_margin": 20.61,
            "gross_margin_4q_avg": 17.69,
            "net_income": 37137,
            "net_income_4q": null,
            "revenue": 829113,
            "revenue_4q": null,
            "common_shares": 1106350,
            "book_valuer_per_share": 19.16,
            "book_valuer_per_share_4q_avg": 19.39,
            "equity": 2119453,
            "current_ratio": 265.99,
            "debt_ratio": 32.83,
            "inventory_turnover_ratio": 2.2,
            "account_receivable_turnover_ratio": 0.89,
            "reinvestment_rate": null,
            "research_to_sale_ratio": null,
            "price_fair": 111.53,
            "eps_avg_yearly": 3.19,
            "eps_latest_yearly": 1.44,
            "eps_growth_yearly": 111.76
        },
        "20092": {
            "year_quarter": 20092,
            "year": 2009,
            "quarter": 2,
            "eps": 0.52,
            "eps_growth_year": -37.35,
            "eps_4q": 1.67,
            "eps_4q_growth_year": -66.87,
            "roe": 2.71,
            "roe_4q": 9.17,
            "gross_profit": 240777,
            "gross_margin": 22.32,
            "gross_margin_4q_avg": 18.43,
            "net_income": 55314,
            "net_income_4q": null,
            "revenue": 1078646,
            "revenue_4q": null,
            "common_shares": 1106350,
            "book_valuer_per_share": 17.8,
            "book_valuer_per_share_4q_avg": 18.83,
            "equity": 1969423,
            "current_ratio": 200.04,
            "debt_ratio": 43.07,
            "inventory_turnover_ratio": 2.43,
            "account_receivable_turnover_ratio": 1.02,
            "reinvestment_rate": null,
            "research_to_sale_ratio": null,
            "price_fair": 106,
            "eps_avg_yearly": 3.03,
            "eps_latest_yearly": 2.08,
            "eps_growth_yearly": 121.2
        },
        "20093": {
            "year_quarter": 20093,
            "year": 2009,
            "quarter": 3,
            "eps": 1.79,
            "eps_growth_year": 132.47,
            "eps_4q": 2.71,
            "eps_4q_growth_year": -33.69,
            "roe": 9.51,
            "roe_4q": 14.509999999999998,
            "gross_profit": 364882,
            "gross_margin": 26.05,
            "gross_margin_4q_avg": 20.09,
            "net_income": 195865,
            "net_income_4q": null,
            "revenue": 1400570,
            "revenue_4q": null,
            "common_shares": 1127431,
            "book_valuer_per_share": 19.08,
            "book_valuer_per_share_4q_avg": 18.83,
            "equity": 2151556,
            "current_ratio": 203.03,
            "debt_ratio": 42.31,
            "inventory_turnover_ratio": 2.95,
            "account_receivable_turnover_ratio": 1.02,
            "reinvestment_rate": null,
            "research_to_sale_ratio": null,
            "price_fair": 124.08,
            "eps_avg_yearly": 3.55,
            "eps_latest_yearly": 7.16,
            "eps_growth_yearly": 228.16
        },
        "20094": {
            "year_quarter": 20094,
            "year": 2009,
            "quarter": 4,
            "eps": 0.91,
            "eps_growth_year": 911.11,
            "eps_4q": 3.45,
            "eps_4q_growth_year": 13.65,
            "roe": 4.58,
            "roe_4q": 18.64,
            "gross_profit": 251779,
            "gross_margin": 22.54,
            "gross_margin_4q_avg": 22.88,
            "net_income": 100684,
            "net_income_4q": null,
            "revenue": 1116882,
            "revenue_4q": null,
            "common_shares": 1127431,
            "book_valuer_per_share": 19.95,
            "book_valuer_per_share_4q_avg": 19,
            "equity": 2249243,
            "current_ratio": 218.37,
            "debt_ratio": 39.65,
            "inventory_turnover_ratio": 2.34,
            "account_receivable_turnover_ratio": 1.74,
            "reinvestment_rate": null,
            "research_to_sale_ratio": null,
            "price_fair": 124.44,
            "eps_avg_yearly": 3.56,
            "eps_latest_yearly": 3.64,
            "eps_growth_yearly": 180.96
        },
        "20101": {
            "year_quarter": 20101,
            "year": 2010,
            "quarter": 1,
            "eps": 0.35,
            "eps_growth_year": -2.78,
            "eps_4q": 3.47,
            "eps_4q_growth_year": 82.44,
            "roe": 1.76,
            "roe_4q": 18.56,
            "gross_profit": 183574,
            "gross_margin": 17.04,
            "gross_margin_4q_avg": 21.99,
            "net_income": 39802,
            "net_income_4q": null,
            "revenue": 1077585,
            "revenue_4q": null,
            "common_shares": 1127431,
            "book_valuer_per_share": 20.26,
            "book_valuer_per_share_4q_avg": 19.27,
            "equity": 2284246,
            "current_ratio": 222.87,
            "debt_ratio": 39.28,
            "inventory_turnover_ratio": 1.86,
            "account_receivable_turnover_ratio": 0.86,
            "reinvestment_rate": null,
            "research_to_sale_ratio": 3.95,
            "price_fair": 116.9,
            "eps_avg_yearly": 3.34,
            "eps_latest_yearly": 1.4,
            "eps_growth_yearly": 138.25
        },
        "20102": {
            "year_quarter": 20102,
            "year": 2010,
            "quarter": 2,
            "eps": 0.23,
            "eps_growth_year": -55.41,
            "eps_4q": 3.22,
            "eps_4q_growth_year": 92.24,
            "roe": 1.21,
            "roe_4q": 17.06,
            "gross_profit": 164468,
            "gross_margin": 16.29,
            "gross_margin_4q_avg": 20.48,
            "net_income": 26140,
            "net_income_4q": null,
            "revenue": 1009803,
            "revenue_4q": null,
            "common_shares": 1127431,
            "book_valuer_per_share": 17.94,
            "book_valuer_per_share_4q_avg": 19.31,
            "equity": 2023047,
            "current_ratio": 200.72,
            "debt_ratio": 43.22,
            "inventory_turnover_ratio": 1.61,
            "account_receivable_turnover_ratio": 0.84,
            "reinvestment_rate": null,
            "research_to_sale_ratio": 3.8,
            "price_fair": 109.2,
            "eps_avg_yearly": 3.12,
            "eps_latest_yearly": 0.92,
            "eps_growth_yearly": 113.21
        },
        "20103": {
            "year_quarter": 20103,
            "year": 2010,
            "quarter": 3,
            "eps": 0.43,
            "eps_growth_year": -76.22,
            "eps_4q": 1.9,
            "eps_4q_growth_year": -29.85,
            "roe": 2.36,
            "roe_4q": 9.91,
            "gross_profit": 208961,
            "gross_margin": 17.58,
            "gross_margin_4q_avg": 18.36,
            "net_income": 47989,
            "net_income_4q": null,
            "revenue": 1188322,
            "revenue_4q": null,
            "common_shares": 1127431,
            "book_valuer_per_share": 18.14,
            "book_valuer_per_share_4q_avg": 19.07,
            "equity": 2044771,
            "current_ratio": 210.42,
            "debt_ratio": 41.9,
            "inventory_turnover_ratio": 2.21,
            "account_receivable_turnover_ratio": 0.94,
            "reinvestment_rate": null,
            "research_to_sale_ratio": 2.76,
            "price_fair": 105.12,
            "eps_avg_yearly": 3,
            "eps_latest_yearly": 1.72,
            "eps_growth_yearly": 132.76
        },
        "20104": {
            "year_quarter": 20104,
            "year": 2010,
            "quarter": 4,
            "eps": 0.19,
            "eps_growth_year": -79.43,
            "eps_4q": 1.2,
            "eps_4q_growth_year": -65.29,
            "roe": 1.04,
            "roe_4q": 6.369999999999999,
            "gross_profit": 161364,
            "gross_margin": 16.3,
            "gross_margin_4q_avg": 16.8,
            "net_income": 21109,
            "net_income_4q": null,
            "revenue": 990240,
            "revenue_4q": null,
            "common_shares": 1127431,
            "book_valuer_per_share": 17.9,
            "book_valuer_per_share_4q_avg": 18.56,
            "equity": 2017996,
            "current_ratio": 246.37,
            "debt_ratio": 35.36,
            "inventory_turnover_ratio": 2.31,
            "account_receivable_turnover_ratio": 0.79,
            "reinvestment_rate": null,
            "research_to_sale_ratio": 1.82,
            "price_fair": 99.08,
            "eps_avg_yearly": 2.83,
            "eps_latest_yearly": 0.76,
            "eps_growth_yearly": 105.38
        },
        "20111": {
            "year_quarter": 20111,
            "year": 2011,
            "quarter": 1,
            "eps": 0.47,
            "eps_growth_year": 34.29,
            "eps_4q": 1.32,
            "eps_4q_growth_year": -62.13,
            "roe": 2.59,
            "roe_4q": 7.2,
            "gross_profit": 167659,
            "gross_margin": 17.99,
            "gross_margin_4q_avg": 17.04,
            "net_income": 53088,
            "net_income_4q": null,
            "revenue": 931878,
            "revenue_4q": null,
            "common_shares": 1127431,
            "book_valuer_per_share": 18.47,
            "book_valuer_per_share_4q_avg": 18.11,
            "equity": 2082885,
            "current_ratio": 257.15,
            "debt_ratio": 32.42,
            "inventory_turnover_ratio": 2.63,
            "account_receivable_turnover_ratio": 0.81,
            "reinvestment_rate": null,
            "research_to_sale_ratio": 3.36,
            "price_fair": 96.7,
            "eps_avg_yearly": 2.76,
            "eps_latest_yearly": 1.88,
            "eps_growth_yearly": 139.96
        },
        "20112": {
            "year_quarter": 20112,
            "year": 2011,
            "quarter": 2,
            "eps": -0.27,
            "eps_growth_year": -215.89,
            "eps_4q": 0.82,
            "eps_4q_growth_year": -74.65,
            "roe": -1.51,
            "roe_4q": 4.48,
            "gross_profit": 76765,
            "gross_margin": 13.2,
            "gross_margin_4q_avg": 16.27,
            "net_income": -30295,
            "net_income_4q": null,
            "revenue": 581692,
            "revenue_4q": null,
            "common_shares": 1127431,
            "book_valuer_per_share": 17.15,
            "book_valuer_per_share_4q_avg": 17.92,
            "equity": 1933404,
            "current_ratio": 256.38,
            "debt_ratio": 32.45,
            "inventory_turnover_ratio": 1.99,
            "account_receivable_turnover_ratio": 0.61,
            "reinvestment_rate": 134.7,
            "research_to_sale_ratio": 3.63,
            "price_fair": 96.7,
            "eps_avg_yearly": 2.76,
            "eps_latest_yearly": 1.88,
            "eps_growth_yearly": 139.96
        },
        "20113": {
            "year_quarter": 20113,
            "year": 2011,
            "quarter": 3,
            "eps": -0.05,
            "eps_growth_year": -112.03,
            "eps_4q": 0.34,
            "eps_4q_growth_year": -82.23,
            "roe": -0.29,
            "roe_4q": 1.8299999999999998,
            "gross_profit": 66496,
            "gross_margin": 11.02,
            "gross_margin_4q_avg": 14.63,
            "net_income": -5775,
            "net_income_4q": null,
            "revenue": 603618,
            "revenue_4q": null,
            "common_shares": 1127431,
            "book_valuer_per_share": 17.62,
            "book_valuer_per_share_4q_avg": 17.79,
            "equity": 1986161,
            "current_ratio": 267.82,
            "debt_ratio": 31.01,
            "inventory_turnover_ratio": 2.25,
            "account_receivable_turnover_ratio": 0.78,
            "reinvestment_rate": 149.34,
            "research_to_sale_ratio": 3.71,
            "price_fair": 96.7,
            "eps_avg_yearly": 2.76,
            "eps_latest_yearly": 1.88,
            "eps_growth_yearly": 139.96
        },
        "20114": {
            "year_quarter": 20114,
            "year": 2011,
            "quarter": 4,
            "eps": -0.25,
            "eps_growth_year": -231.15,
            "eps_4q": -0.09,
            "eps_4q_growth_year": -107.9,
            "roe": -1.4,
            "roe_4q": -0.6100000000000003,
            "gross_profit": 28477,
            "gross_margin": 5.7,
            "gross_margin_4q_avg": 11.98,
            "net_income": -27685,
            "net_income_4q": null,
            "revenue": 499212,
            "revenue_4q": null,
            "common_shares": 1127431,
            "book_valuer_per_share": 17.44,
            "book_valuer_per_share_4q_avg": 17.67,
            "equity": 1965966,
            "current_ratio": 346.69,
            "debt_ratio": 23.94,
            "inventory_turnover_ratio": 2.36,
            "account_receivable_turnover_ratio": 0.71,
            "reinvestment_rate": 155.81,
            "research_to_sale_ratio": 3.91,
            "price_fair": 88.85,
            "eps_avg_yearly": 2.54,
            "eps_latest_yearly": 1.88,
            "eps_growth_yearly": 148.39
        },
        "20121": {
            "year_quarter": 20121,
            "year": 2012,
            "quarter": 1,
            "eps": -0.21,
            "eps_growth_year": -144.68,
            "eps_4q": -0.78,
            "eps_4q_growth_year": -159.2,
            "roe": -1.24,
            "roe_4q": -4.4399999999999995,
            "gross_profit": 47397,
            "gross_margin": 9.24,
            "gross_margin_4q_avg": 9.79,
            "net_income": -24058,
            "net_income_4q": null,
            "revenue": 513020,
            "revenue_4q": null,
            "common_shares": 1127431,
            "book_valuer_per_share": 17,
            "book_valuer_per_share_4q_avg": 17.3,
            "equity": 1916653,
            "current_ratio": 301.41,
            "debt_ratio": 27.61,
            "inventory_turnover_ratio": 2.56,
            "account_receivable_turnover_ratio": 0.79,
            "reinvestment_rate": 177.76,
            "research_to_sale_ratio": 4.45,
            "price_fair": 80.97,
            "eps_avg_yearly": 2.31,
            "eps_latest_yearly": 1.88,
            "eps_growth_yearly": 163.34
        },
        "20122": {
            "year_quarter": 20122,
            "year": 2012,
            "quarter": 2,
            "eps": -0.37,
            "eps_growth_year": null,
            "eps_4q": -0.88,
            "eps_4q_growth_year": -207.57,
            "roe": -2.18,
            "roe_4q": -5.11,
            "gross_profit": 26609,
            "gross_margin": 6.56,
            "gross_margin_4q_avg": 8.13,
            "net_income": -41326,
            "net_income_4q": null,
            "revenue": 405563,
            "revenue_4q": null,
            "common_shares": 1127431,
            "book_valuer_per_share": 16.67,
            "book_valuer_per_share_4q_avg": 17.18,
            "equity": 1879298,
            "current_ratio": 256.72,
            "debt_ratio": 32.6,
            "inventory_turnover_ratio": 2,
            "account_receivable_turnover_ratio": 0.67,
            "reinvestment_rate": 182.1,
            "research_to_sale_ratio": 5.38,
            "price_fair": 77.76,
            "eps_avg_yearly": 2.22,
            "eps_latest_yearly": 1.88,
            "eps_growth_yearly": 191.51
        },
        "20123": {
            "year_quarter": 20123,
            "year": 2012,
            "quarter": 3,
            "eps": -0.52,
            "eps_growth_year": null,
            "eps_4q": -1.34,
            "eps_4q_growth_year": -497.41,
            "roe": -3.17,
            "roe_4q": -7.99,
            "gross_profit": 5917,
            "gross_margin": 1.59,
            "gross_margin_4q_avg": 5.77,
            "net_income": -58450,
            "net_income_4q": null,
            "revenue": 372504,
            "revenue_4q": null,
            "common_shares": 1127431,
            "book_valuer_per_share": 16.07,
            "book_valuer_per_share_4q_avg": 16.8,
            "equity": 1812087,
            "current_ratio": 286.44,
            "debt_ratio": 28.85,
            "inventory_turnover_ratio": 2.39,
            "account_receivable_turnover_ratio": 0.73,
            "reinvestment_rate": 225.53,
            "research_to_sale_ratio": 5.34,
            "price_fair": 74.76,
            "eps_avg_yearly": 2.14,
            "eps_latest_yearly": 1.88,
            "eps_growth_yearly": 213.56
        },
        "20124": {
            "year_quarter": 20124,
            "year": 2012,
            "quarter": 4,
            "eps": -0.96,
            "eps_growth_year": null,
            "eps_4q": -2.06,
            "eps_4q_growth_year": null,
            "roe": -6.18,
            "roe_4q": -12.77,
            "gross_profit": -26942,
            "gross_margin": -14.59,
            "gross_margin_4q_avg": 0.7,
            "net_income": -108639,
            "net_income_4q": null,
            "revenue": 184700,
            "revenue_4q": null,
            "common_shares": 1127431,
            "book_valuer_per_share": 15.13,
            "book_valuer_per_share_4q_avg": 16.22,
            "equity": 1705673,
            "current_ratio": 278.08,
            "debt_ratio": 29.02,
            "inventory_turnover_ratio": 2.24,
            "account_receivable_turnover_ratio": 0.53,
            "reinvestment_rate": 310.43,
            "research_to_sale_ratio": 10.54,
            "price_fair": 81.67,
            "eps_avg_yearly": 2.33,
            "eps_latest_yearly": 1.88,
            "eps_growth_yearly": 276.53
        },
        "20131": {
            "year_quarter": 20131,
            "year": 2013,
            "quarter": 1,
            "eps": -0.7,
            "eps_growth_year": null,
            "eps_4q": -2.55,
            "eps_4q_growth_year": null,
            "roe": -4.69,
            "roe_4q": -16.220000000000002,
            "gross_profit": -21002,
            "gross_margin": -20.85,
            "gross_margin_4q_avg": -6.82,
            "net_income": -78536,
            "net_income_4q": null,
            "revenue": 100718,
            "revenue_4q": null,
            "common_shares": 1127431,
            "book_valuer_per_share": 14.57,
            "book_valuer_per_share_4q_avg": 15.61,
            "equity": 1642895,
            "current_ratio": 355.55,
            "debt_ratio": 22.36,
            "inventory_turnover_ratio": 2.01,
            "account_receivable_turnover_ratio": 0.54,
            "reinvestment_rate": -4.62,
            "research_to_sale_ratio": 17.1,
            "price_fair": 85.58,
            "eps_avg_yearly": 2.45,
            "eps_latest_yearly": 1.88,
            "eps_growth_yearly": 161.1
        },
        "20132": {
            "year_quarter": 20132,
            "year": 2013,
            "quarter": 2,
            "eps": -1.26,
            "eps_growth_year": null,
            "eps_4q": -3.43,
            "eps_4q_growth_year": null,
            "roe": -8.97,
            "roe_4q": -23.009999999999998,
            "gross_profit": -19451,
            "gross_margin": -30.98,
            "gross_margin_4q_avg": -16.21,
            "net_income": -141533,
            "net_income_4q": null,
            "revenue": 62792,
            "revenue_4q": null,
            "common_shares": 1127431,
            "book_valuer_per_share": 13.42,
            "book_valuer_per_share_4q_avg": 14.8,
            "equity": 1512920,
            "current_ratio": 413.6,
            "debt_ratio": 19.8,
            "inventory_turnover_ratio": 1.74,
            "account_receivable_turnover_ratio": 0.58,
            "reinvestment_rate": null,
            "research_to_sale_ratio": 27.13,
            "price_fair": 87.4,
            "eps_avg_yearly": 2.5,
            "eps_latest_yearly": 1.88,
            "eps_growth_yearly": 158.72
        },
        "20133": {
            "year_quarter": 20133,
            "year": 2013,
            "quarter": 3,
            "eps": -1.58,
            "eps_growth_year": null,
            "eps_4q": -4.5,
            "eps_4q_growth_year": null,
            "roe": -12.54,
            "roe_4q": -32.379999999999995,
            "gross_profit": -42534,
            "gross_margin": -95.62,
            "gross_margin_4q_avg": -40.51,
            "net_income": -178184,
            "net_income_4q": null,
            "revenue": 44480,
            "revenue_4q": null,
            "common_shares": 1127431,
            "book_valuer_per_share": 11.79,
            "book_valuer_per_share_4q_avg": 13.73,
            "equity": 1329219,
            "current_ratio": 643.94,
            "debt_ratio": 12.63,
            "inventory_turnover_ratio": 3.46,
            "account_receivable_turnover_ratio": 0.61,
            "reinvestment_rate": null,
            "research_to_sale_ratio": 26.33,
            "price_fair": 55.64,
            "eps_avg_yearly": 1.72,
            "eps_latest_yearly": 1.88,
            "eps_growth_yearly": 22.35
        },
        "20134": {
            "year_quarter": 20134,
            "year": 2013,
            "quarter": 4,
            "eps": -0.59,
            "eps_growth_year": null,
            "eps_4q": -4.12,
            "eps_4q_growth_year": null,
            "roe": -5.12,
            "roe_4q": -31.320000000000004,
            "gross_profit": 686,
            "gross_margin": 4.38,
            "gross_margin_4q_avg": -35.77,
            "net_income": -66527,
            "net_income_4q": null,
            "revenue": 15663,
            "revenue_4q": null,
            "common_shares": 1127431,
            "book_valuer_per_share": 11.27,
            "book_valuer_per_share_4q_avg": 12.76,
            "equity": 1271130,
            "current_ratio": 771.34,
            "debt_ratio": 10.28,
            "inventory_turnover_ratio": 4.38,
            "account_receivable_turnover_ratio": 0.33,
            "reinvestment_rate": null,
            "research_to_sale_ratio": 4.3,
            "price_fair": 46.76,
            "eps_avg_yearly": 1.34,
            "eps_latest_yearly": 1.88,
            "eps_growth_yearly": 66.15
        },
        "20141": {
            "year_quarter": 20141,
            "year": 2014,
            "quarter": 1,
            "eps": -0.27,
            "eps_growth_year": null,
            "eps_4q": -3.7,
            "eps_4q_growth_year": null,
            "roe": -2.46,
            "roe_4q": -29.089999999999996,
            "gross_profit": -1948,
            "gross_margin": -14.42,
            "gross_margin_4q_avg": -34.16,
            "net_income": -30829,
            "net_income_4q": null,
            "revenue": 13509,
            "revenue_4q": null,
            "common_shares": 1127431,
            "book_valuer_per_share": 10.98,
            "book_valuer_per_share_4q_avg": 11.87,
            "equity": 1238319,
            "current_ratio": 842.12,
            "debt_ratio": 9.51,
            "inventory_turnover_ratio": 12.61,
            "account_receivable_turnover_ratio": 0.45,
            "reinvestment_rate": null,
            "research_to_sale_ratio": 4.91,
            "price_fair": 46.2,
            "eps_avg_yearly": 1.32,
            "eps_latest_yearly": 1.88,
            "eps_growth_yearly": 144.23
        },
        "20142": {
            "year_quarter": 20142,
            "year": 2014,
            "quarter": 2,
            "eps": -0.78,
            "eps_growth_year": null,
            "eps_4q": -3.22,
            "eps_4q_growth_year": null,
            "roe": -7.35,
            "roe_4q": -27.47,
            "gross_profit": -46801,
            "gross_margin": -310.31,
            "gross_margin_4q_avg": -103.99,
            "net_income": -87491,
            "net_income_4q": null,
            "revenue": 15082,
            "revenue_4q": null,
            "common_shares": 1127431,
            "book_valuer_per_share": 10.14,
            "book_valuer_per_share_4q_avg": 11.05,
            "equity": 1143172,
            "current_ratio": 1001.89,
            "debt_ratio": 9.6,
            "inventory_turnover_ratio": 78.58,
            "account_receivable_turnover_ratio": 0.5,
            "reinvestment_rate": null,
            "research_to_sale_ratio": 3.41,
            "price_fair": 50.87,
            "eps_avg_yearly": 1.45,
            "eps_latest_yearly": 1.88,
            "eps_growth_yearly": 238.01
        },
        "20143": {
            "year_quarter": 20143,
            "year": 2014,
            "quarter": 3,
            "eps": 0.02,
            "eps_growth_year": null,
            "eps_4q": -1.62,
            "eps_4q_growth_year": null,
            "roe": 0.22,
            "roe_4q": -14.71,
            "gross_profit": 511,
            "gross_margin": 1.92,
            "gross_margin_4q_avg": -79.61,
            "net_income": 2528,
            "net_income_4q": null,
            "revenue": 26583,
            "revenue_4q": null,
            "common_shares": 1127431,
            "book_valuer_per_share": 10.28,
            "book_valuer_per_share_4q_avg": 10.67,
            "equity": 1158859,
            "current_ratio": 1886.42,
            "debt_ratio": 5.49,
            "inventory_turnover_ratio": 310.38,
            "account_receivable_turnover_ratio": 0.74,
            "reinvestment_rate": null,
            "research_to_sale_ratio": 0.16,
            "price_fair": 46.2,
            "eps_avg_yearly": 1.32,
            "eps_latest_yearly": 1.88,
            "eps_growth_yearly": 183.11
        },
        "20144": {
            "year_quarter": 20144,
            "year": 2014,
            "quarter": 4,
            "eps": -0.81,
            "eps_growth_year": null,
            "eps_4q": -1.83,
            "eps_4q_growth_year": null,
            "roe": -8.1,
            "roe_4q": -17.69,
            "gross_profit": -56785,
            "gross_margin": -153.95,
            "gross_margin_4q_avg": -119.19,
            "net_income": -90982,
            "net_income_4q": null,
            "revenue": 36886,
            "revenue_4q": null,
            "common_shares": 1127431,
            "book_valuer_per_share": 9.65,
            "book_valuer_per_share_4q_avg": 10.26,
            "equity": 1087983,
            "current_ratio": 84.87,
            "debt_ratio": 38,
            "inventory_turnover_ratio": 2.87,
            "account_receivable_turnover_ratio": 0.3,
            "reinvestment_rate": null,
            "research_to_sale_ratio": 0.09,
            "price_fair": 65.8,
            "eps_avg_yearly": 1.88,
            "eps_latest_yearly": 1.88,
            "eps_growth_yearly": 589.47
        },
        "20151": {
            "year_quarter": 20151,
            "year": 2015,
            "quarter": 1,
            "eps": -0.32,
            "eps_growth_year": null,
            "eps_4q": -1.88,
            "eps_4q_growth_year": null,
            "roe": -3.37,
            "roe_4q": -18.599999999999998,
            "gross_profit": 16819,
            "gross_margin": 11.96,
            "gross_margin_4q_avg": -112.6,
            "net_income": -35875,
            "net_income_4q": null,
            "revenue": 140650,
            "revenue_4q": null,
            "common_shares": 1127431,
            "book_valuer_per_share": 9.26,
            "book_valuer_per_share_4q_avg": 9.83,
            "equity": 1044115,
            "current_ratio": 77.71,
            "debt_ratio": 38.68,
            "inventory_turnover_ratio": 1.71,
            "account_receivable_turnover_ratio": 0.73,
            "reinvestment_rate": null,
            "research_to_sale_ratio": 0.01,
            "price_fair": 0,
            "eps_avg_yearly": 0,
            "eps_latest_yearly": 0,
            "eps_growth_yearly": 0
        },
        "20152": {
            "year_quarter": 20152,
            "year": 2015,
            "quarter": 2,
            "eps": -0.66,
            "eps_growth_year": null,
            "eps_4q": -1.76,
            "eps_4q_growth_year": null,
            "roe": -7.39,
            "roe_4q": -18.64,
            "gross_profit": -25053,
            "gross_margin": -15.39,
            "gross_margin_4q_avg": -38.87,
            "net_income": -74098,
            "net_income_4q": null,
            "revenue": 162748,
            "revenue_4q": null,
            "common_shares": 1127431,
            "book_valuer_per_share": 8.54,
            "book_valuer_per_share_4q_avg": 9.43,
            "equity": 962408,
            "current_ratio": 75.59,
            "debt_ratio": 42.1,
            "inventory_turnover_ratio": 2.57,
            "account_receivable_turnover_ratio": 0.89,
            "reinvestment_rate": null,
            "research_to_sale_ratio": 0,
            "price_fair": 0,
            "eps_avg_yearly": 0,
            "eps_latest_yearly": 0,
            "eps_growth_yearly": 0
        },
        "20153": {
            "year_quarter": 20153,
            "year": 2015,
            "quarter": 3,
            "eps": -0.18,
            "eps_growth_year": -1000,
            "eps_4q": -1.96,
            "eps_4q_growth_year": null,
            "roe": -2.08,
            "roe_4q": -20.939999999999998,
            "gross_profit": 8129,
            "gross_margin": 4.49,
            "gross_margin_4q_avg": -38.22,
            "net_income": -20020,
            "net_income_4q": null,
            "revenue": 181213,
            "revenue_4q": null,
            "common_shares": 1127431,
            "book_valuer_per_share": 8.54,
            "book_valuer_per_share_4q_avg": 9,
            "equity": 962605,
            "current_ratio": 71.12,
            "debt_ratio": 44.32,
            "inventory_turnover_ratio": 2.37,
            "account_receivable_turnover_ratio": 0.99,
            "reinvestment_rate": null,
            "research_to_sale_ratio": 0,
            "price_fair": 0,
            "eps_avg_yearly": 0,
            "eps_latest_yearly": 0,
            "eps_growth_yearly": 0
        },
        "20154": {
            "year_quarter": 20154,
            "year": 2015,
            "quarter": 4,
            "eps": -0.72,
            "eps_growth_year": null,
            "eps_4q": -1.87,
            "eps_4q_growth_year": null,
            "roe": -8.84,
            "roe_4q": -21.68,
            "gross_profit": -32211,
            "gross_margin": -17.83,
            "gross_margin_4q_avg": -4.19,
            "net_income": -81130,
            "net_income_4q": null,
            "revenue": 180656,
            "revenue_4q": null,
            "common_shares": 1127431,
            "book_valuer_per_share": 7.74,
            "book_valuer_per_share_4q_avg": 8.52,
            "equity": 872238,
            "current_ratio": 67.16,
            "debt_ratio": 47.3,
            "inventory_turnover_ratio": 2.78,
            "account_receivable_turnover_ratio": 1.08,
            "reinvestment_rate": null,
            "research_to_sale_ratio": -0.01,
            "price_fair": 0,
            "eps_avg_yearly": 0,
            "eps_latest_yearly": 0,
            "eps_growth_yearly": 0
        },
        "20161": {
            "year_quarter": 20161,
            "year": 2016,
            "quarter": 1,
            "eps": -0.26,
            "eps_growth_year": null,
            "eps_4q": -1.81,
            "eps_4q_growth_year": null,
            "roe": -3.42,
            "roe_4q": -21.73,
            "gross_profit": 9226,
            "gross_margin": 5.46,
            "gross_margin_4q_avg": -5.82,
            "net_income": -29186,
            "net_income_4q": null,
            "revenue": 169096,
            "revenue_4q": null,
            "common_shares": 1127431,
            "book_valuer_per_share": 7.42,
            "book_valuer_per_share_4q_avg": 8.06,
            "equity": 836546,
            "current_ratio": 68.27,
            "debt_ratio": 50.08,
            "inventory_turnover_ratio": 2.23,
            "account_receivable_turnover_ratio": 0.99,
            "reinvestment_rate": null,
            "research_to_sale_ratio": 0,
            "price_fair": 0,
            "eps_avg_yearly": 0,
            "eps_latest_yearly": 0,
            "eps_growth_yearly": 0
        },
        "20162": {
            "year_quarter": 20162,
            "year": 2016,
            "quarter": 2,
            "eps": -0.29,
            "eps_growth_year": null,
            "eps_4q": -1.45,
            "eps_4q_growth_year": null,
            "roe": -4.07,
            "roe_4q": -18.409999999999997,
            "gross_profit": 13371,
            "gross_margin": 7.94,
            "gross_margin_4q_avg": 0.02,
            "net_income": -33002,
            "net_income_4q": null,
            "revenue": 168499,
            "revenue_4q": null,
            "common_shares": 1127431,
            "book_valuer_per_share": 6.98,
            "book_valuer_per_share_4q_avg": 7.67,
            "equity": 787099,
            "current_ratio": 62.32,
            "debt_ratio": 53.82,
            "inventory_turnover_ratio": 2.06,
            "account_receivable_turnover_ratio": 0.86,
            "reinvestment_rate": null,
            "research_to_sale_ratio": 0,
            "price_fair": 0,
            "eps_avg_yearly": 0,
            "eps_latest_yearly": 0,
            "eps_growth_yearly": 0
        },
        "20163": {
            "year_quarter": 20163,
            "year": 2016,
            "quarter": 3,
            "eps": -0.04,
            "eps_growth_year": null,
            "eps_4q": -1.31,
            "eps_4q_growth_year": null,
            "roe": -0.63,
            "roe_4q": -16.96,
            "gross_profit": 34623,
            "gross_margin": 16.92,
            "gross_margin_4q_avg": 3.12,
            "net_income": -4853,
            "net_income_4q": null,
            "revenue": 204684,
            "revenue_4q": null,
            "common_shares": 1127431,
            "book_valuer_per_share": 6.77,
            "book_valuer_per_share_4q_avg": 7.23,
            "equity": 763594,
            "current_ratio": 67.62,
            "debt_ratio": 55.51,
            "inventory_turnover_ratio": 2.03,
            "account_receivable_turnover_ratio": 0.97,
            "reinvestment_rate": null,
            "research_to_sale_ratio": 0,
            "price_fair": 0,
            "eps_avg_yearly": 0,
            "eps_latest_yearly": 0,
            "eps_growth_yearly": 0
        },
        "20164": {
            "year_quarter": 20164,
            "year": 2016,
            "quarter": 4,
            "eps": -0.85,
            "eps_growth_year": null,
            "eps_4q": -1.44,
            "eps_4q_growth_year": null,
            "roe": -13.34,
            "roe_4q": -21.46,
            "gross_profit": 2469,
            "gross_margin": 1.68,
            "gross_margin_4q_avg": 8,
            "net_income": -95624,
            "net_income_4q": null,
            "revenue": 147150,
            "revenue_4q": null,
            "common_shares": 1127431,
            "book_valuer_per_share": 5.94,
            "book_valuer_per_share_4q_avg": 6.78,
            "equity": 669675,
            "current_ratio": 64.84,
            "debt_ratio": 59.7,
            "inventory_turnover_ratio": 1.74,
            "account_receivable_turnover_ratio": 0.64,
            "reinvestment_rate": null,
            "research_to_sale_ratio": 0,
            "price_fair": 0,
            "eps_avg_yearly": 0,
            "eps_latest_yearly": 0,
            "eps_growth_yearly": 0
        },
        "20171": {
            "year_quarter": 20171,
            "year": 2017,
            "quarter": 1,
            "eps": -0.24,
            "eps_growth_year": null,
            "eps_4q": -1.42,
            "eps_4q_growth_year": null,
            "roe": -4.11,
            "roe_4q": -22.15,
            "gross_profit": 8981,
            "gross_margin": 5.9,
            "gross_margin_4q_avg": 8.11,
            "net_income": -26554,
            "net_income_4q": null,
            "revenue": 152246,
            "revenue_4q": null,
            "common_shares": 1127431,
            "book_valuer_per_share": 5.53,
            "book_valuer_per_share_4q_avg": 6.31,
            "equity": 623234,
            "current_ratio": 60.58,
            "debt_ratio": 60.37,
            "inventory_turnover_ratio": 1.76,
            "account_receivable_turnover_ratio": 0.68,
            "reinvestment_rate": null,
            "research_to_sale_ratio": 0,
            "price_fair": 0,
            "eps_avg_yearly": 0,
            "eps_latest_yearly": 0,
            "eps_growth_yearly": 0
        },
        "20172": {
            "year_quarter": 20172,
            "year": 2017,
            "quarter": 2,
            "eps": 0.01,
            "eps_growth_year": null,
            "eps_4q": -1.12,
            "eps_4q_growth_year": null,
            "roe": 0.09,
            "roe_4q": -17.99,
            "gross_profit": 29080,
            "gross_margin": 16.16,
            "gross_margin_4q_avg": 10.17,
            "net_income": 595,
            "net_income_4q": null,
            "revenue": 179928,
            "revenue_4q": null,
            "common_shares": 1127431,
            "book_valuer_per_share": 5.59,
            "book_valuer_per_share_4q_avg": 5.96,
            "equity": 630544,
            "current_ratio": 62.76,
            "debt_ratio": 62,
            "inventory_turnover_ratio": 1.66,
            "account_receivable_turnover_ratio": 0.75,
            "reinvestment_rate": null,
            "research_to_sale_ratio": 0,
            "price_fair": 0,
            "eps_avg_yearly": 0,
            "eps_latest_yearly": 0,
            "eps_growth_yearly": 0
        },
        "20173": {
            "year_quarter": 20173,
            "year": 2017,
            "quarter": 3,
            "eps": 0.18,
            "eps_growth_year": null,
            "eps_4q": -0.9,
            "eps_4q_growth_year": null,
            "roe": 3.14,
            "roe_4q": -14.22,
            "gross_profit": 50191,
            "gross_margin": 19.2,
            "gross_margin_4q_avg": 10.74,
            "net_income": 20219,
            "net_income_4q": null,
            "revenue": 261462,
            "revenue_4q": null,
            "common_shares": 1127431,
            "book_valuer_per_share": 5.82,
            "book_valuer_per_share_4q_avg": 5.72,
            "equity": 656640,
            "current_ratio": 69.42,
            "debt_ratio": 62.9,
            "inventory_turnover_ratio": 1.83,
            "account_receivable_turnover_ratio": 0.85,
            "reinvestment_rate": null,
            "research_to_sale_ratio": 0,
            "price_fair": 25.2,
            "eps_avg_yearly": 0.72,
            "eps_latest_yearly": 0.72,
            "eps_growth_yearly": 6800
        },
        "20174": {
            "year_quarter": 20174,
            "year": 2017,
            "quarter": 4,
            "eps": 0.07,
            "eps_growth_year": null,
            "eps_4q": 0.02,
            "eps_4q_growth_year": null,
            "roe": 1.18,
            "roe_4q": 0.2999999999999998,
            "gross_profit": 40793,
            "gross_margin": 15.91,
            "gross_margin_4q_avg": 14.29,
            "net_income": 7827,
            "net_income_4q": null,
            "revenue": 256336,
            "revenue_4q": null,
            "common_shares": 1127431,
            "book_valuer_per_share": 5.9,
            "book_valuer_per_share_4q_avg": 5.71,
            "equity": 665347,
            "current_ratio": 72.49,
            "debt_ratio": 61.28,
            "inventory_turnover_ratio": 1.57,
            "account_receivable_turnover_ratio": 0.76,
            "reinvestment_rate": null,
            "research_to_sale_ratio": 0,
            "price_fair": 17.5,
            "eps_avg_yearly": 0.5,
            "eps_latest_yearly": 0.28,
            "eps_growth_yearly": 3277.78
        },
        "20181": {
            "year_quarter": 20181,
            "year": 2018,
            "quarter": 1,
            "eps": -0.37,
            "eps_growth_year": null,
            "eps_4q": -0.11,
            "eps_4q_growth_year": null,
            "roe": -6.41,
            "roe_4q": -2.0000000000000004,
            "gross_profit": 2245,
            "gross_margin": 1.24,
            "gross_margin_4q_avg": 13.13,
            "net_income": -41400,
            "net_income_4q": null,
            "revenue": 181485,
            "revenue_4q": null,
            "common_shares": 1127431,
            "book_valuer_per_share": 5.56,
            "book_valuer_per_share_4q_avg": 5.72,
            "equity": 626896,
            "current_ratio": 63.02,
            "debt_ratio": 59.55,
            "inventory_turnover_ratio": 1.42,
            "account_receivable_turnover_ratio": 0.63,
            "reinvestment_rate": null,
            "research_to_sale_ratio": 0,
            "price_fair": 17.5,
            "eps_avg_yearly": 0.5,
            "eps_latest_yearly": 0.28,
            "eps_growth_yearly": 3277.78
        },
        "20182": {
            "year_quarter": 20182,
            "year": 2018,
            "quarter": 2,
            "eps": -0.49,
            "eps_growth_year": -5000,
            "eps_4q": -0.61,
            "eps_4q_growth_year": null,
            "roe": -9.2,
            "roe_4q": -11.29,
            "gross_profit": 8926,
            "gross_margin": 4.59,
            "gross_margin_4q_avg": 10.24,
            "net_income": -55020,
            "net_income_4q": null,
            "revenue": 194386,
            "revenue_4q": null,
            "common_shares": 1127431,
            "book_valuer_per_share": 5.05,
            "book_valuer_per_share_4q_avg": 5.58,
            "equity": 569408,
            "current_ratio": 58.29,
            "debt_ratio": 60.91,
            "inventory_turnover_ratio": 1.76,
            "account_receivable_turnover_ratio": 0.79,
            "reinvestment_rate": null,
            "research_to_sale_ratio": 0,
            "price_fair": 17.5,
            "eps_avg_yearly": 0.5,
            "eps_latest_yearly": 0.28,
            "eps_growth_yearly": 3277.78
        },
        "20183": {
            "year_quarter": 20183,
            "year": 2018,
            "quarter": 3,
            "eps": -0.14,
            "eps_growth_year": -177.78,
            "eps_4q": -1.55,
            "eps_4q_growth_year": null,
            "roe": -1.63,
            "roe_4q": -16.06,
            "gross_profit": 34561,
            "gross_margin": 14.17,
            "gross_margin_4q_avg": 8.98,
            "net_income": -9095,
            "net_income_4q": null,
            "revenue": 243837,
            "revenue_4q": null,
            "common_shares": 630425,
            "book_valuer_per_share": 8.71,
            "book_valuer_per_share_4q_avg": 6.31,
            "equity": 549130,
            "current_ratio": 55.93,
            "debt_ratio": 60.01,
            "inventory_turnover_ratio": 1.96,
            "account_receivable_turnover_ratio": 1.22,
            "reinvestment_rate": null,
            "research_to_sale_ratio": 0,
            "price_fair": 17.5,
            "eps_avg_yearly": 0.5,
            "eps_latest_yearly": 0.28,
            "eps_growth_yearly": 3277.78
        },
        "20184": {
            "year_quarter": 20184,
            "year": 2018,
            "quarter": 4,
            "eps": -0.65,
            "eps_growth_year": -1036.55,
            "eps_4q": -2.32,
            "eps_4q_growth_year": -12654.12,
            "roe": -7.74,
            "roe_4q": -24.98,
            "gross_profit": 30427,
            "gross_margin": 15.18,
            "gross_margin_4q_avg": 8.8,
            "net_income": -40989,
            "net_income_4q": null,
            "revenue": 200497,
            "revenue_4q": null,
            "common_shares": 630425,
            "book_valuer_per_share": 8.1,
            "book_valuer_per_share_4q_avg": 6.86,
            "equity": 510486,
            "current_ratio": 53.95,
            "debt_ratio": 60.92,
            "inventory_turnover_ratio": 1.46,
            "account_receivable_turnover_ratio": 1.43,
            "reinvestment_rate": null,
            "research_to_sale_ratio": 0,
            "price_fair": 17.5,
            "eps_avg_yearly": 0.5,
            "eps_latest_yearly": 0.28,
            "eps_growth_yearly": 3277.78
        },
        "20191": {
            "year_quarter": 20191,
            "year": 2019,
            "quarter": 1,
            "eps": -0.56,
            "eps_growth_year": null,
            "eps_4q": -2.23,
            "eps_4q_growth_year": null,
            "roe": -7.09,
            "roe_4q": -25.66,
            "gross_profit": -7276,
            "gross_margin": -4.78,
            "gross_margin_4q_avg": 7.29,
            "net_income": -35169,
            "net_income_4q": null,
            "revenue": 152137,
            "revenue_4q": null,
            "common_shares": 630425,
            "book_valuer_per_share": 7.64,
            "book_valuer_per_share_4q_avg": 7.38,
            "equity": 481660,
            "current_ratio": 46.24,
            "debt_ratio": 61.27,
            "inventory_turnover_ratio": 1.54,
            "account_receivable_turnover_ratio": 1.36,
            "reinvestment_rate": null,
            "research_to_sale_ratio": 0,
            "price_fair": 17.5,
            "eps_avg_yearly": 0.5,
            "eps_latest_yearly": 0.28,
            "eps_growth_yearly": 3277.78
        },
        "20192": {
            "year_quarter": 20192,
            "year": 2019,
            "quarter": 2,
            "eps": -1.14,
            "eps_growth_year": null,
            "eps_4q": -2.5,
            "eps_4q_growth_year": null,
            "roe": -16.2,
            "roe_4q": -32.660000000000004,
            "gross_profit": -21253,
            "gross_margin": -12.23,
            "gross_margin_4q_avg": 3.09,
            "net_income": -72046,
            "net_income_4q": null,
            "revenue": 173745,
            "revenue_4q": null,
            "common_shares": 630425,
            "book_valuer_per_share": 6.47,
            "book_valuer_per_share_4q_avg": 7.73,
            "equity": 407768,
            "current_ratio": 38.46,
            "debt_ratio": 64.21,
            "inventory_turnover_ratio": 2.78,
            "account_receivable_turnover_ratio": 1.84,
            "reinvestment_rate": null,
            "research_to_sale_ratio": 0,
            "price_fair": 17.5,
            "eps_avg_yearly": 0.5,
            "eps_latest_yearly": 0.28,
            "eps_growth_yearly": 3277.78
        },
        "20193": {
            "year_quarter": 20193,
            "year": 2019,
            "quarter": 3,
            "eps": -0.84,
            "eps_growth_year": null,
            "eps_4q": -2.84,
            "eps_4q_growth_year": null,
            "roe": -14.5,
            "roe_4q": -45.53,
            "gross_profit": -17525,
            "gross_margin": -19.22,
            "gross_margin_4q_avg": -5.26,
            "net_income": -58986,
            "net_income_4q": null,
            "revenue": 91163,
            "revenue_4q": null,
            "common_shares": 730425,
            "book_valuer_per_share": 5.55,
            "book_valuer_per_share_4q_avg": 6.94,
            "equity": 405603,
            "current_ratio": 38.1,
            "debt_ratio": 62.95,
            "inventory_turnover_ratio": 2.33,
            "account_receivable_turnover_ratio": 1.04,
            "reinvestment_rate": null,
            "research_to_sale_ratio": 0,
            "price_fair": 17.5,
            "eps_avg_yearly": 0.5,
            "eps_latest_yearly": 0.28,
            "eps_growth_yearly": 3277.78
        },
        "20194": {
            "year_quarter": 20194,
            "year": 2019,
            "quarter": 4,
            "eps": -0.13,
            "eps_growth_year": null,
            "eps_4q": -2.13,
            "eps_4q_growth_year": null,
            "roe": -2.55,
            "roe_4q": -40.34,
            "gross_profit": 13604,
            "gross_margin": 13.68,
            "gross_margin_4q_avg": -5.64,
            "net_income": -10739,
            "net_income_4q": null,
            "revenue": 99477,
            "revenue_4q": null,
            "common_shares": 830425,
            "book_valuer_per_share": 5.27,
            "book_valuer_per_share_4q_avg": 6.23,
            "equity": 437402,
            "current_ratio": 40.03,
            "debt_ratio": 58.71,
            "inventory_turnover_ratio": 2.22,
            "account_receivable_turnover_ratio": 1.11,
            "reinvestment_rate": null,
            "research_to_sale_ratio": null,
            "price_fair": 17.5,
            "eps_avg_yearly": 0.5,
            "eps_latest_yearly": 0.28,
            "eps_growth_yearly": 3277.78
        },
        "20201": {
            "year_quarter": 20201,
            "year": 2020,
            "quarter": 1,
            "eps": -0.15,
            "eps_growth_year": null,
            "eps_4q": -1.86,
            "eps_4q_growth_year": null,
            "roe": -2.96,
            "roe_4q": -36.209999999999994,
            "gross_profit": 12109,
            "gross_margin": 11.76,
            "gross_margin_4q_avg": -1.5,
            "net_income": -12773,
            "net_income_4q": null,
            "revenue": 102980,
            "revenue_4q": null,
            "common_shares": 830425,
            "book_valuer_per_share": 5.12,
            "book_valuer_per_share_4q_avg": 5.6,
            "equity": 425303,
            "current_ratio": 45.09,
            "debt_ratio": 61.08,
            "inventory_turnover_ratio": 1.89,
            "account_receivable_turnover_ratio": 0.98,
            "reinvestment_rate": null,
            "research_to_sale_ratio": null,
            "price_fair": 17.5,
            "eps_avg_yearly": 0.5,
            "eps_latest_yearly": 0.28,
            "eps_growth_yearly": 3277.78
        },
        "20202": {
            "year_quarter": 20202,
            "year": 2020,
            "quarter": 2,
            "eps": 0.12,
            "eps_growth_year": null,
            "eps_4q": -0.88,
            "eps_4q_growth_year": null,
            "roe": 2.24,
            "roe_4q": -17.77,
            "gross_profit": 35333,
            "gross_margin": 20.62,
            "gross_margin_4q_avg": 6.71,
            "net_income": 9552,
            "net_income_4q": null,
            "revenue": 171345,
            "revenue_4q": null,
            "common_shares": 830425,
            "book_valuer_per_share": 5.15,
            "book_valuer_per_share_4q_avg": 5.27,
            "equity": 427723,
            "current_ratio": 50.79,
            "debt_ratio": 61.51,
            "inventory_turnover_ratio": 2.33,
            "account_receivable_turnover_ratio": 1.08,
            "reinvestment_rate": null,
            "research_to_sale_ratio": null,
            "price_fair": 17.5,
            "eps_avg_yearly": 0.5,
            "eps_latest_yearly": 0.28,
            "eps_growth_yearly": 3277.78
        },
        "20203": {
            "year_quarter": 20203,
            "year": 2020,
            "quarter": 3,
            "eps": 0.18,
            "eps_growth_year": null,
            "eps_4q": 0.01,
            "eps_4q_growth_year": null,
            "roe": 3.44,
            "roe_4q": 0.16999999999999993,
            "gross_profit": 41745,
            "gross_margin": 19.91,
            "gross_margin_4q_avg": 16.49,
            "net_income": 14981,
            "net_income_4q": null,
            "revenue": 209691,
            "revenue_4q": null,
            "common_shares": 830425,
            "book_valuer_per_share": 5.35,
            "book_valuer_per_share_4q_avg": 5.22,
            "equity": 444253,
            "current_ratio": 54.81,
            "debt_ratio": 63.66,
            "inventory_turnover_ratio": 2.79,
            "account_receivable_turnover_ratio": 0.92,
            "reinvestment_rate": null,
            "research_to_sale_ratio": null,
            "price_fair": 20.07,
            "eps_avg_yearly": 0.57,
            "eps_latest_yearly": 0.72,
            "eps_growth_yearly": 2251.85
        },
        "20204": {
            "year_quarter": 20204,
            "year": 2020,
            "quarter": 4,
            "eps": 0.68,
            "eps_growth_year": null,
            "eps_4q": 0.8,
            "eps_4q_growth_year": null,
            "roe": 11.97,
            "roe_4q": 14.689999999999998,
            "gross_profit": 45456,
            "gross_margin": 22.09,
            "gross_margin_4q_avg": 18.6,
            "net_income": 63089,
            "net_income_4q": null,
            "revenue": 205770,
            "revenue_4q": null,
            "common_shares": 930425,
            "book_valuer_per_share": 6.55,
            "book_valuer_per_share_4q_avg": 5.54,
            "equity": 609560,
            "current_ratio": 86.99,
            "debt_ratio": 48.08,
            "inventory_turnover_ratio": 2.44,
            "account_receivable_turnover_ratio": 0.75,
            "reinvestment_rate": null,
            "research_to_sale_ratio": null,
            "price_fair": 38.85,
            "eps_avg_yearly": 1.11,
            "eps_latest_yearly": 2.72,
            "eps_growth_yearly": 1966.67
        },
        "20211": {
            "year_quarter": 20211,
            "year": 2021,
            "quarter": 1,
            "eps": 0,
            "eps_growth_year": null,
            "eps_4q": 0.94,
            "eps_4q_growth_year": null,
            "roe": 0.01,
            "roe_4q": 17.66,
            "gross_profit": 28413,
            "gross_margin": 16.87,
            "gross_margin_4q_avg": 19.87,
            "net_income": 68,
            "net_income_4q": null,
            "revenue": 168422,
            "revenue_4q": null,
            "common_shares": 930425,
            "book_valuer_per_share": 6.53,
            "book_valuer_per_share_4q_avg": 5.9,
            "equity": 608003,
            "current_ratio": 86.5,
            "debt_ratio": 45.95,
            "inventory_turnover_ratio": 1.93,
            "account_receivable_turnover_ratio": 0.64,
            "reinvestment_rate": null,
            "research_to_sale_ratio": null,
            "price_fair": 38.85,
            "eps_avg_yearly": 1.11,
            "eps_latest_yearly": 2.72,
            "eps_growth_yearly": 1966.67
        },
        "20212": {
            "year_quarter": 20212,
            "year": 2021,
            "quarter": 2,
            "eps": 0,
            "eps_growth_year": -100,
            "eps_4q": 0.84,
            "eps_4q_growth_year": null,
            "roe": 0.06,
            "roe_4q": 15.48,
            "gross_profit": 27129,
            "gross_margin": 17.88,
            "gross_margin_4q_avg": 19.19,
            "net_income": 340,
            "net_income_4q": null,
            "revenue": 151769,
            "revenue_4q": null,
            "common_shares": 930425,
            "book_valuer_per_share": 6.51,
            "book_valuer_per_share_4q_avg": 6.24,
            "equity": 605342,
            "current_ratio": 87.24,
            "debt_ratio": 45.13,
            "inventory_turnover_ratio": 1.74,
            "account_receivable_turnover_ratio": 0.65,
            "reinvestment_rate": null,
            "research_to_sale_ratio": null,
            "price_fair": 38.85,
            "eps_avg_yearly": 1.11,
            "eps_latest_yearly": 2.72,
            "eps_growth_yearly": 1966.67
        },
        "20213": {
            "year_quarter": 20213,
            "year": 2021,
            "quarter": 3,
            "eps": -0.02,
            "eps_growth_year": -111.11,
            "eps_4q": 0.67,
            "eps_4q_growth_year": 5321.36,
            "roe": -1.38,
            "roe_4q": 10.66,
            "gross_profit": 27253,
            "gross_margin": 9.99,
            "gross_margin_4q_avg": 16.71,
            "net_income": -8385,
            "net_income_4q": null,
            "revenue": 272719,
            "revenue_4q": null,
            "common_shares": 930425,
            "book_valuer_per_share": 6.56,
            "book_valuer_per_share_4q_avg": 6.54,
            "equity": 610421,
            "current_ratio": 80.43,
            "debt_ratio": 55.92,
            "inventory_turnover_ratio": 2.93,
            "account_receivable_turnover_ratio": 1.06,
            "reinvestment_rate": null,
            "research_to_sale_ratio": null,
            "price_fair": 43.4,
            "eps_avg_yearly": 1.24,
            "eps_latest_yearly": 2.72,
            "eps_growth_yearly": 355.56
        },
        "20214": {
            "year_quarter": 20214,
            "year": 2021,
            "quarter": 4,
            "eps": 0.03,
            "eps_growth_year": -95.89,
            "eps_4q": 0.02,
            "eps_4q_growth_year": -97.97,
            "roe": 0.42,
            "roe_4q": -0.8899999999999999,
            "gross_profit": 36562,
            "gross_margin": 10.65,
            "gross_margin_4q_avg": 13.85,
            "net_income": 2593,
            "net_income_4q": null,
            "revenue": 343266,
            "revenue_4q": null,
            "common_shares": 930425,
            "book_valuer_per_share": 6.61,
            "book_valuer_per_share_4q_avg": 6.55,
            "equity": 614730,
            "current_ratio": 80.97,
            "debt_ratio": 57.99,
            "inventory_turnover_ratio": 2.94,
            "account_receivable_turnover_ratio": 1.1,
            "reinvestment_rate": null,
            "research_to_sale_ratio": null,
            "price_fair": 60.2,
            "eps_avg_yearly": 1.72,
            "eps_latest_yearly": 2.72,
            "eps_growth_yearly": 655.56
        },
        "20221": {
            "year_quarter": 20221,
            "year": 2022,
            "quarter": 1,
            "eps": -0.39,
            "eps_growth_year": null,
            "eps_4q": -0.38,
            "eps_4q_growth_year": -139.85,
            "roe": -6.03,
            "roe_4q": -6.930000000000001,
            "gross_profit": -6860,
            "gross_margin": -3.24,
            "gross_margin_4q_avg": 8.82,
            "net_income": -36401,
            "net_income_4q": null,
            "revenue": 211399,
            "revenue_4q": null,
            "common_shares": 930425,
            "book_valuer_per_share": 6.37,
            "book_valuer_per_share_4q_avg": 6.51,
            "equity": 592890,
            "current_ratio": 74.72,
            "debt_ratio": 59.56,
            "inventory_turnover_ratio": 2,
            "account_receivable_turnover_ratio": 0.67,
            "reinvestment_rate": null,
            "research_to_sale_ratio": null,
            "price_fair": 60.2,
            "eps_avg_yearly": 1.72,
            "eps_latest_yearly": 2.72,
            "eps_growth_yearly": 655.56
        },
        "20222": {
            "year_quarter": 20222,
            "year": 2022,
            "quarter": 2,
            "eps": -0.43,
            "eps_growth_year": null,
            "eps_4q": -0.81,
            "eps_4q_growth_year": -195.83,
            "roe": -6.98,
            "roe_4q": -13.970000000000002,
            "gross_profit": -6098,
            "gross_margin": -3.37,
            "gross_margin_4q_avg": 3.51,
            "net_income": -39915,
            "net_income_4q": null,
            "revenue": 181189,
            "revenue_4q": null,
            "common_shares": 930425,
            "book_valuer_per_share": 5.91,
            "book_valuer_per_share_4q_avg": 6.36,
            "equity": 550329,
            "current_ratio": 70.43,
            "debt_ratio": 59.93,
            "inventory_turnover_ratio": 1.81,
            "account_receivable_turnover_ratio": 0.66,
            "reinvestment_rate": null,
            "research_to_sale_ratio": null,
            "price_fair": 60.2,
            "eps_avg_yearly": 1.72,
            "eps_latest_yearly": 2.72,
            "eps_growth_yearly": 655.56
        },
        "20223": {
            "year_quarter": 20223,
            "year": 2022,
            "quarter": 3,
            "eps": -0.06,
            "eps_growth_year": null,
            "eps_4q": -0.85,
            "eps_4q_growth_year": -227.74,
            "roe": -1,
            "roe_4q": -13.590000000000002,
            "gross_profit": 26152,
            "gross_margin": 9.94,
            "gross_margin_4q_avg": 3.5,
            "net_income": -5501,
            "net_income_4q": null,
            "revenue": 263193,
            "revenue_4q": null,
            "common_shares": 930425,
            "book_valuer_per_share": 5.95,
            "book_valuer_per_share_4q_avg": 6.21,
            "equity": 553306,
            "current_ratio": 71.21,
            "debt_ratio": 60.53,
            "inventory_turnover_ratio": 2.31,
            "account_receivable_turnover_ratio": 0.98,
            "reinvestment_rate": null,
            "research_to_sale_ratio": null,
            "price_fair": 60.2,
            "eps_avg_yearly": 1.72,
            "eps_latest_yearly": 2.72,
            "eps_growth_yearly": 655.56
        },
        "20224": {
            "year_quarter": 20224,
            "year": 2022,
            "quarter": 4,
            "eps": -0.12,
            "eps_growth_year": -519.82,
            "eps_4q": -1,
            "eps_4q_growth_year": -6190.91,
            "roe": -2,
            "roe_4q": -16.01,
            "gross_profit": 31749,
            "gross_margin": 11.84,
            "gross_margin_4q_avg": 3.79,
            "net_income": -10886,
            "net_income_4q": null,
            "revenue": 268114,
            "revenue_4q": null,
            "common_shares": 930425,
            "book_valuer_per_share": 5.75,
            "book_valuer_per_share_4q_avg": 6,
            "equity": 534801,
            "current_ratio": 70.09,
            "debt_ratio": 62.31,
            "inventory_turnover_ratio": 2.22,
            "account_receivable_turnover_ratio": 0.92,
            "reinvestment_rate": null,
            "research_to_sale_ratio": null,
            "price_fair": 60.2,
            "eps_avg_yearly": 1.72,
            "eps_latest_yearly": 2.72,
            "eps_growth_yearly": 655.56
        },
        "20231": {
            "year_quarter": 20231,
            "year": 2023,
            "quarter": 1,
            "eps": -0.28,
            "eps_growth_year": null,
            "eps_4q": -0.88,
            "eps_4q_growth_year": null,
            "roe": -4.91,
            "roe_4q": -14.89,
            "gross_profit": 11404,
            "gross_margin": 5.53,
            "gross_margin_4q_avg": 5.99,
            "net_income": -25636,
            "net_income_4q": null,
            "revenue": 206141,
            "revenue_4q": null,
            "common_shares": 930425,
            "book_valuer_per_share": 5.48,
            "book_valuer_per_share_4q_avg": 5.77,
            "equity": 510118,
            "current_ratio": 67.73,
            "debt_ratio": 63.26,
            "inventory_turnover_ratio": 1.95,
            "account_receivable_turnover_ratio": 0.68,
            "reinvestment_rate": null,
            "research_to_sale_ratio": null,
            "price_fair": 60.2,
            "eps_avg_yearly": 1.72,
            "eps_latest_yearly": 2.72,
            "eps_growth_yearly": 655.56
        },
        "20232": {
            "year_quarter": 20232,
            "year": 2023,
            "quarter": 2,
            "eps": -0.28,
            "eps_growth_year": null,
            "eps_4q": -0.73,
            "eps_4q_growth_year": null,
            "roe": -5.28,
            "roe_4q": -13.190000000000001,
            "gross_profit": 7338,
            "gross_margin": 3.89,
            "gross_margin_4q_avg": 7.8,
            "net_income": -26104,
            "net_income_4q": null,
            "revenue": 188666,
            "revenue_4q": null,
            "common_shares": 930425,
            "book_valuer_per_share": 5.15,
            "book_valuer_per_share_4q_avg": 5.58,
            "equity": 479179,
            "current_ratio": 73.75,
            "debt_ratio": 64.1,
            "inventory_turnover_ratio": 2.04,
            "account_receivable_turnover_ratio": 0.65,
            "reinvestment_rate": null,
            "research_to_sale_ratio": null,
            "price_fair": 60.2,
            "eps_avg_yearly": 1.72,
            "eps_latest_yearly": 2.72,
            "eps_growth_yearly": 655.56
        },
        "20233": {
            "year_quarter": 20233,
            "year": 2023,
            "quarter": 3,
            "eps": -0.13,
            "eps_growth_year": null,
            "eps_4q": -0.8,
            "eps_4q_growth_year": null,
            "roe": -2.44,
            "roe_4q": -14.63,
            "gross_profit": 27943,
            "gross_margin": 10.93,
            "gross_margin_4q_avg": 8.05,
            "net_income": -11759,
            "net_income_4q": null,
            "revenue": 255650,
            "revenue_4q": null,
            "common_shares": 930425,
            "book_valuer_per_share": 5.23,
            "book_valuer_per_share_4q_avg": 5.4,
            "equity": 486320,
            "current_ratio": 76.16,
            "debt_ratio": 65.02,
            "inventory_turnover_ratio": 2.61,
            "account_receivable_turnover_ratio": 0.85,
            "reinvestment_rate": null,
            "research_to_sale_ratio": null,
            "price_fair": 60.2,
            "eps_avg_yearly": 1.72,
            "eps_latest_yearly": 2.72,
            "eps_growth_yearly": 655.56
        }
    },
    "months": {
        "2007-10": {
            "month": "2007-10",
            "price": "78.07",
            "revenue": 348878
        },
        "2007-11": {
            "month": "2007-11",
            "price": "65.18",
            "revenue": 273771
        },
        "2007-12": {
            "month": "2007-12",
            "price": "53.70",
            "revenue": 292086
        },
        "2008-01": {
            "month": "2008-01",
            "price": "46.41",
            "revenue": 625926
        },
        "2008-02": {
            "month": "2008-02",
            "price": "42.67",
            "revenue": 573609
        },
        "2008-03": {
            "month": "2008-03",
            "price": "47.29",
            "revenue": 614454
        },
        "2008-04": {
            "month": "2008-04",
            "price": "54.63",
            "revenue": 616666
        },
        "2008-05": {
            "month": "2008-05",
            "price": "55.33",
            "revenue": 499699
        },
        "2008-06": {
            "month": "2008-06",
            "price": "49.71",
            "revenue": 377902
        },
        "2008-07": {
            "month": "2008-07",
            "price": "41.14",
            "revenue": 383962
        },
        "2008-08": {
            "month": "2008-08",
            "price": "31.02",
            "revenue": 310764
        },
        "2008-09": {
            "month": "2008-09",
            "price": "23.50",
            "revenue": 419505
        },
        "2008-10": {
            "month": "2008-10",
            "price": "17.06",
            "revenue": 374644
        },
        "2008-11": {
            "month": "2008-11",
            "price": "11.34",
            "revenue": 217758
        },
        "2008-12": {
            "month": "2008-12",
            "price": "8.57",
            "revenue": 203837
        },
        "2009-01": {
            "month": "2009-01",
            "price": "11.09",
            "revenue": 211053
        },
        "2009-02": {
            "month": "2009-02",
            "price": "13.25",
            "revenue": 250943
        },
        "2009-03": {
            "month": "2009-03",
            "price": "25.45",
            "revenue": 367117
        },
        "2009-04": {
            "month": "2009-04",
            "price": "30.36",
            "revenue": 415955
        },
        "2009-05": {
            "month": "2009-05",
            "price": "32.88",
            "revenue": 319899
        },
        "2009-06": {
            "month": "2009-06",
            "price": "28.20",
            "revenue": 328185
        },
        "2009-07": {
            "month": "2009-07",
            "price": "30.85",
            "revenue": 474179
        },
        "2009-08": {
            "month": "2009-08",
            "price": "31.81",
            "revenue": 451478
        },
        "2009-09": {
            "month": "2009-09",
            "price": "39.03",
            "revenue": 475022
        },
        "2009-10": {
            "month": "2009-10",
            "price": "43.19",
            "revenue": 331540
        },
        "2009-11": {
            "month": "2009-11",
            "price": "40.83",
            "revenue": 367962
        },
        "2009-12": {
            "month": "2009-12",
            "price": "42.99",
            "revenue": 431770
        },
        "2010-01": {
            "month": "2010-01",
            "price": "44.85",
            "revenue": 385632
        },
        "2010-02": {
            "month": "2010-02",
            "price": "39.71",
            "revenue": 319869
        },
        "2010-03": {
            "month": "2010-03",
            "price": "41.10",
            "revenue": 372083
        },
        "2010-04": {
            "month": "2010-04",
            "price": "39.61",
            "revenue": 419442
        },
        "2010-05": {
            "month": "2010-05",
            "price": "33.71",
            "revenue": 299770
        },
        "2010-06": {
            "month": "2010-06",
            "price": "32.20",
            "revenue": 290581
        },
        "2010-07": {
            "month": "2010-07",
            "price": "33.32",
            "revenue": 368571
        },
        "2010-08": {
            "month": "2010-08",
            "price": "32.74",
            "revenue": 419515
        },
        "2010-09": {
            "month": "2010-09",
            "price": "29.54",
            "revenue": 400246
        },
        "2010-10": {
            "month": "2010-10",
            "price": "25.91",
            "revenue": 316534
        },
        "2010-11": {
            "month": "2010-11",
            "price": "23.35",
            "revenue": 343682
        },
        "2010-12": {
            "month": "2010-12",
            "price": "25.39",
            "revenue": 330025
        },
        "2011-01": {
            "month": "2011-01",
            "price": "26.24",
            "revenue": 381637
        },
        "2011-02": {
            "month": "2011-02",
            "price": "24.89",
            "revenue": 242739
        },
        "2011-03": {
            "month": "2011-03",
            "price": "23.15",
            "revenue": 307502
        },
        "2011-04": {
            "month": "2011-04",
            "price": "21.69",
            "revenue": 215511
        },
        "2011-05": {
            "month": "2011-05",
            "price": "21.07",
            "revenue": 192211
        },
        "2011-06": {
            "month": "2011-06",
            "price": "20.07",
            "revenue": 173969
        },
        "2011-07": {
            "month": "2011-07",
            "price": "18.21",
            "revenue": 225684
        },
        "2011-08": {
            "month": "2011-08",
            "price": "15.37",
            "revenue": 214085
        },
        "2011-09": {
            "month": "2011-09",
            "price": "13.17",
            "revenue": 163850
        },
        "2011-10": {
            "month": "2011-10",
            "price": "12.24",
            "revenue": 147009
        },
        "2011-11": {
            "month": "2011-11",
            "price": "12.39",
            "revenue": 160989
        },
        "2011-12": {
            "month": "2011-12",
            "price": "10.65",
            "revenue": 191213
        },
        "2012-01": {
            "month": "2012-01",
            "price": "10.68",
            "revenue": 143363
        },
        "2012-02": {
            "month": "2012-02",
            "price": "13.24",
            "revenue": 158870
        },
        "2012-03": {
            "month": "2012-03",
            "price": "12.50",
            "revenue": 210787
        },
        "2012-04": {
            "month": "2012-04",
            "price": "10.96",
            "revenue": 165941
        },
        "2012-05": {
            "month": "2012-05",
            "price": "10.61",
            "revenue": 120259
        },
        "2012-06": {
            "month": "2012-06",
            "price": "9.21",
            "revenue": 119362
        },
        "2012-07": {
            "month": "2012-07",
            "price": "8.99",
            "revenue": 157014
        },
        "2012-08": {
            "month": "2012-08",
            "price": "10.09",
            "revenue": 114497
        },
        "2012-09": {
            "month": "2012-09",
            "price": "10.54",
            "revenue": 100994
        },
        "2012-10": {
            "month": "2012-10",
            "price": "11.64",
            "revenue": 70864
        },
        "2012-11": {
            "month": "2012-11",
            "price": "11.24",
            "revenue": 66475
        },
        "2012-12": {
            "month": "2012-12",
            "price": "10.96",
            "revenue": 47361
        },
        "2013-01": {
            "month": "2013-01",
            "price": "9.62",
            "revenue": 53362
        },
        "2013-02": {
            "month": "2013-02",
            "price": "10.01",
            "revenue": 21464
        },
        "2013-03": {
            "month": "2013-03",
            "price": "11.25",
            "revenue": 25892
        },
        "2013-04": {
            "month": "2013-04",
            "price": "10.23",
            "revenue": 28269
        },
        "2013-05": {
            "month": "2013-05",
            "price": "10.06",
            "revenue": 19170
        },
        "2013-06": {
            "month": "2013-06",
            "price": "11.25",
            "revenue": 15353
        },
        "2013-07": {
            "month": "2013-07",
            "price": "11.57",
            "revenue": 13106
        },
        "2013-08": {
            "month": "2013-08",
            "price": "10.88",
            "revenue": 24481
        },
        "2013-09": {
            "month": "2013-09",
            "price": "10.20",
            "revenue": 4546
        },
        "2013-10": {
            "month": "2013-10",
            "price": "10.49",
            "revenue": 4232
        },
        "2013-11": {
            "month": "2013-11",
            "price": "10.36",
            "revenue": 5552
        },
        "2013-12": {
            "month": "2013-12",
            "price": "11.32",
            "revenue": 5879
        },
        "2014-01": {
            "month": "2014-01",
            "price": "13.13",
            "revenue": 4795
        },
        "2014-02": {
            "month": "2014-02",
            "price": "14.70",
            "revenue": 3495
        },
        "2014-03": {
            "month": "2014-03",
            "price": "19.97",
            "revenue": 5219
        },
        "2014-04": {
            "month": "2014-04",
            "price": "17.75",
            "revenue": 4495
        },
        "2014-05": {
            "month": "2014-05",
            "price": "16.79",
            "revenue": 8559
        },
        "2014-06": {
            "month": "2014-06",
            "price": "18.80",
            "revenue": 2047
        },
        "2014-07": {
            "month": "2014-07",
            "price": "18.74",
            "revenue": 8501
        },
        "2014-08": {
            "month": "2014-08",
            "price": "17.81",
            "revenue": 8688
        },
        "2014-09": {
            "month": "2014-09",
            "price": "17.39",
            "revenue": 9339
        },
        "2014-10": {
            "month": "2014-10",
            "price": "14.51",
            "revenue": 12115
        },
        "2014-11": {
            "month": "2014-11",
            "price": "13.60",
            "revenue": 7681
        },
        "2014-12": {
            "month": "2014-12",
            "price": "15.44",
            "revenue": 17109
        },
        "2015-01": {
            "month": "2015-01",
            "price": "16.03",
            "revenue": 67488
        },
        "2015-02": {
            "month": "2015-02",
            "price": "17.83",
            "revenue": 50551
        },
        "2015-03": {
            "month": "2015-03",
            "price": "19.48",
            "revenue": 20529
        },
        "2015-04": {
            "month": "2015-04",
            "price": "14.50",
            "revenue": 62255
        },
        "2015-05": {
            "month": "2015-05",
            "price": "13.32",
            "revenue": 56772
        },
        "2015-06": {
            "month": "2015-06",
            "price": "11.71",
            "revenue": 48032
        },
        "2015-07": {
            "month": "2015-07",
            "price": "10.65",
            "revenue": 43497
        },
        "2015-08": {
            "month": "2015-08",
            "price": "8.25",
            "revenue": 71260
        },
        "2015-09": {
            "month": "2015-09",
            "price": "8.13",
            "revenue": 76493
        },
        "2015-10": {
            "month": "2015-10",
            "price": "8.36",
            "revenue": 64570
        },
        "2015-11": {
            "month": "2015-11",
            "price": "8.02",
            "revenue": 60159
        },
        "2015-12": {
            "month": "2015-12",
            "price": "8.81",
            "revenue": 64481
        },
        "2016-01": {
            "month": "2016-01",
            "price": "8.34",
            "revenue": 74592
        },
        "2016-02": {
            "month": "2016-02",
            "price": "8.56",
            "revenue": 31666
        },
        "2016-03": {
            "month": "2016-03",
            "price": "8.54",
            "revenue": 62112
        },
        "2016-04": {
            "month": "2016-04",
            "price": "8.19",
            "revenue": 55325
        },
        "2016-05": {
            "month": "2016-05",
            "price": "7.67",
            "revenue": 57698
        },
        "2016-06": {
            "month": "2016-06",
            "price": "7.44",
            "revenue": 63171
        },
        "2016-07": {
            "month": "2016-07",
            "price": "7.05",
            "revenue": 68494
        },
        "2016-08": {
            "month": "2016-08",
            "price": "6.77",
            "revenue": 69375
        },
        "2016-09": {
            "month": "2016-09",
            "price": "7.02",
            "revenue": 69611
        },
        "2016-10": {
            "month": "2016-10",
            "price": "7.32",
            "revenue": 58996
        },
        "2016-11": {
            "month": "2016-11",
            "price": "6.80",
            "revenue": 57514
        },
        "2016-12": {
            "month": "2016-12",
            "price": "6.41",
            "revenue": 42565
        },
        "2017-01": {
            "month": "2017-01",
            "price": "7.11",
            "revenue": 51954
        },
        "2017-02": {
            "month": "2017-02",
            "price": "8.33",
            "revenue": 36472
        },
        "2017-03": {
            "month": "2017-03",
            "price": "9.19",
            "revenue": 54344
        },
        "2017-04": {
            "month": "2017-04",
            "price": "10.13",
            "revenue": 47036
        },
        "2017-05": {
            "month": "2017-05",
            "price": "10.26",
            "revenue": 63020
        },
        "2017-06": {
            "month": "2017-06",
            "price": "10.32",
            "revenue": 68722
        },
        "2017-07": {
            "month": "2017-07",
            "price": "9.65",
            "revenue": 60223
        },
        "2017-08": {
            "month": "2017-08",
            "price": "9.22",
            "revenue": 95640
        },
        "2017-09": {
            "month": "2017-09",
            "price": "13.37",
            "revenue": 109989
        },
        "2017-10": {
            "month": "2017-10",
            "price": "13.94",
            "revenue": 93123
        },
        "2017-11": {
            "month": "2017-11",
            "price": "12.66",
            "revenue": 89884
        },
        "2017-12": {
            "month": "2017-12",
            "price": "12.18",
            "revenue": 79076
        },
        "2018-01": {
            "month": "2018-01",
            "price": "11.69",
            "revenue": 81306
        },
        "2018-02": {
            "month": "2018-02",
            "price": "10.48",
            "revenue": 43436
        },
        "2018-03": {
            "month": "2018-03",
            "price": "9.63",
            "revenue": 56384
        },
        "2018-04": {
            "month": "2018-04",
            "price": "8.60",
            "revenue": 56146
        },
        "2018-05": {
            "month": "2018-05",
            "price": "8.28",
            "revenue": 68513
        },
        "2018-06": {
            "month": "2018-06",
            "price": "8.42",
            "revenue": 69114
        },
        "2018-07": {
            "month": "2018-07",
            "price": "7.58",
            "revenue": 75656
        },
        "2018-08": {
            "month": "2018-08",
            "price": "6.97",
            "revenue": 78915
        },
        "2018-09": {
            "month": "2018-09",
            "price": "6.71",
            "revenue": 88071
        },
        "2018-10": {
            "month": "2018-10",
            "price": "7.30",
            "revenue": 85355
        },
        "2018-11": {
            "month": "2018-11",
            "price": "10.86",
            "revenue": 92331
        },
        "2018-12": {
            "month": "2018-12",
            "price": "9.45",
            "revenue": 64002
        },
        "2019-01": {
            "month": "2019-01",
            "price": "8.04",
            "revenue": 45738
        },
        "2019-02": {
            "month": "2019-02",
            "price": "8.08",
            "revenue": 16811
        },
        "2019-03": {
            "month": "2019-03",
            "price": "7.55",
            "revenue": 62165
        },
        "2019-04": {
            "month": "2019-04",
            "price": "8.18",
            "revenue": 81556
        },
        "2019-05": {
            "month": "2019-05",
            "price": "7.87",
            "revenue": 60175
        },
        "2019-06": {
            "month": "2019-06",
            "price": "7.86",
            "revenue": 59437
        },
        "2019-07": {
            "month": "2019-07",
            "price": "7.58",
            "revenue": 30419
        },
        "2019-08": {
            "month": "2019-08",
            "price": "6.91",
            "revenue": 28607
        },
        "2019-09": {
            "month": "2019-09",
            "price": "6.63",
            "revenue": 32137
        },
        "2019-10": {
            "month": "2019-10",
            "price": "5.82",
            "revenue": 36330
        },
        "2019-11": {
            "month": "2019-11",
            "price": "5.17",
            "revenue": 31582
        },
        "2019-12": {
            "month": "2019-12",
            "price": "7.39",
            "revenue": 36647
        },
        "2020-01": {
            "month": "2020-01",
            "price": "8.52",
            "revenue": 29515
        },
        "2020-02": {
            "month": "2020-02",
            "price": "8.30",
            "revenue": 25780
        },
        "2020-03": {
            "month": "2020-03",
            "price": "8.02",
            "revenue": 48595
        },
        "2020-04": {
            "month": "2020-04",
            "price": "7.26",
            "revenue": 57211
        },
        "2020-05": {
            "month": "2020-05",
            "price": "9.48",
            "revenue": 56384
        },
        "2020-06": {
            "month": "2020-06",
            "price": "11.39",
            "revenue": 56840
        },
        "2020-07": {
            "month": "2020-07",
            "price": "10.06",
            "revenue": 69856
        },
        "2020-08": {
            "month": "2020-08",
            "price": "11.27",
            "revenue": 68765
        },
        "2020-09": {
            "month": "2020-09",
            "price": "10.91",
            "revenue": 71092
        },
        "2020-10": {
            "month": "2020-10",
            "price": "11.36",
            "revenue": 69693
        },
        "2020-11": {
            "month": "2020-11",
            "price": "11.50",
            "revenue": 67731
        },
        "2020-12": {
            "month": "2020-12",
            "price": "12.49",
            "revenue": 68346
        },
        "2021-01": {
            "month": "2021-01",
            "price": "12.15",
            "revenue": 79471
        },
        "2021-02": {
            "month": "2021-02",
            "price": "11.72",
            "revenue": 38808
        },
        "2021-03": {
            "month": "2021-03",
            "price": "14.49",
            "revenue": 50143
        },
        "2021-04": {
            "month": "2021-04",
            "price": "18.34",
            "revenue": 54158
        },
        "2021-05": {
            "month": "2021-05",
            "price": "15.04",
            "revenue": 54615
        },
        "2021-06": {
            "month": "2021-06",
            "price": "13.99",
            "revenue": 42996
        },
        "2021-07": {
            "month": "2021-07",
            "price": "13.03",
            "revenue": 47126
        },
        "2021-08": {
            "month": "2021-08",
            "price": "14.31",
            "revenue": 82876
        },
        "2021-09": {
            "month": "2021-09",
            "price": "13.57",
            "revenue": 101747
        },
        "2021-10": {
            "month": "2021-10",
            "price": "14.24",
            "revenue": 117157
        },
        "2021-11": {
            "month": "2021-11",
            "price": "15.98",
            "revenue": 104251
        },
        "2021-12": {
            "month": "2021-12",
            "price": "15.67",
            "revenue": 121858
        },
        "2022-01": {
            "month": "2022-01",
            "price": "15.48",
            "revenue": 91281
        },
        "2022-02": {
            "month": "2022-02",
            "price": "17.09",
            "revenue": 46461
        },
        "2022-03": {
            "month": "2022-03",
            "price": "14.97",
            "revenue": 73657
        },
        "2022-04": {
            "month": "2022-04",
            "price": "14.41",
            "revenue": 38105
        },
        "2022-05": {
            "month": "2022-05",
            "price": "14.80",
            "revenue": 75493
        },
        "2022-06": {
            "month": "2022-06",
            "price": "14.42",
            "revenue": 67591
        },
        "2022-07": {
            "month": "2022-07",
            "price": "14.15",
            "revenue": 67825
        },
        "2022-08": {
            "month": "2022-08",
            "price": "13.99",
            "revenue": 100023
        },
        "2022-09": {
            "month": "2022-09",
            "price": "14.20",
            "revenue": 95345
        },
        "2022-10": {
            "month": "2022-10",
            "price": "13.67",
            "revenue": 95261
        },
        "2022-11": {
            "month": "2022-11",
            "price": "14.10",
            "revenue": 99362
        },
        "2022-12": {
            "month": "2022-12",
            "price": "13.61",
            "revenue": 73491
        },
        "2023-01": {
            "month": "2023-01",
            "price": "13.10",
            "revenue": 61072
        },
        "2023-02": {
            "month": "2023-02",
            "price": "12.31",
            "revenue": 61554
        },
        "2023-03": {
            "month": "2023-03",
            "price": "12.68",
            "revenue": 83515
        },
        "2023-04": {
            "month": "2023-04",
            "price": "12.66",
            "revenue": 69424
        },
        "2023-05": {
            "month": "2023-05",
            "price": "12.77",
            "revenue": 63377
        },
        "2023-06": {
            "month": "2023-06",
            "price": "12.67",
            "revenue": 55865
        },
        "2023-07": {
            "month": "2023-07",
            "price": "12.33",
            "revenue": 72990
        },
        "2023-08": {
            "month": "2023-08",
            "price": "11.80",
            "revenue": 85703
        },
        "2023-09": {
            "month": "2023-09",
            "price": "11.98",
            "revenue": 81168
        },
        "2023-10": {
            "month": "2023-10",
            "price": "11.71",
            "revenue": 83183
        },
        "2023-11": {
            "month": "2023-11",
            "price": "11.27",
            "revenue": 78255
        },
        "2023-12": {
            "month": "2023-12",
            "price": "11.26",
            "revenue": 73108
        }
    }
}
