{
    "summary": {
        "stock_name": "磐儀",
        "stock_id": "3594",
        "category": "電腦及週邊設備",
        "main_business": "工業用主機控制板介面卡之研發裝配組合加工製造業務<br>電腦產品、電子零組件之研發裝配組合加工製造及買賣進出口業務<br>各種電子零組件與相關軟硬體及工業用控制器及傳感器之買賣",
        "website_url": "http://www.arbor-technology.com",
        "ceo": "連啟瑞",
        "pe_ratio": 24,
        "report_year_from": 2007,
        "report_year_to": 2023,
        "age": 17,
        "eps_negative_percentage": 0,
        "eps_growth_avg": {
            "last_all": 19.74,
            "last_2y": 62.81,
            "last_4y": 36.98,
            "last_8y": 7.55,
            "last_12y": null,
            "last_16y": null,
            "last_20y": null,
            "at_2006_last_3y": null,
            "at_2007_last_3y": null,
            "at_2008_last_3y": null,
            "at_2009_last_3y": null,
            "at_2010_last_3y": null,
            "at_2011_last_3y": null,
            "at_2012_last_3y": null,
            "at_2013_last_3y": null,
            "at_2014_last_3y": null,
            "at_2015_last_3y": 26.57,
            "at_2016_last_3y": -15.87,
            "at_2017_last_3y": -1.05,
            "at_2018_last_3y": -29.24,
            "at_2019_last_3y": 5.35,
            "at_2020_last_3y": 2.99,
            "at_2021_last_3y": 2.99,
            "at_2022_last_3y": 49.11,
            "at_2023_last_3y": 27.32,
            "at_2024_last_3y": 27.32,
            "at_2006_last_all": null,
            "at_2007_last_all": null,
            "at_2008_last_all": null,
            "at_2009_last_all": null,
            "at_2010_last_all": null,
            "at_2011_last_all": null,
            "at_2012_last_all": null,
            "at_2013_last_all": 70.35,
            "at_2014_last_all": 56.34,
            "at_2015_last_all": 26.57,
            "at_2016_last_all": 7.31,
            "at_2017_last_all": 22.75,
            "at_2018_last_all": 7.44,
            "at_2019_last_all": 15.96,
            "at_2020_last_all": 5.39,
            "at_2021_last_all": 14.85,
            "at_2022_last_all": 22.59,
            "at_2023_last_all": 19.74,
            "at_2024_last_all": 19.74
        },
        "latest_eps": 1.7,
        "latest_price": 40.9,
        "latest_roe": 7.68,
        "latest_gross_margin": 29.34,
        "latest_equity": 2167762,
        "latest_revenue": 385518,
        "latest_gross_profit": 113115,
        "latest_net_income": 34446,
        "latest_debt_ratio": 40.43,
        "latest_current_ratio": 233.82,
        "latest_account_receivable_turnover_ratio": 0.76,
        "latest_inventory_turnover_ratio": 0.44,
        "latest_reinvestment_rate": 118.74,
        "latest_research_to_sale_ratio": 5.92
    },
    "eps_dividends": {
        "2001": {
            "cash": 0,
            "stock": 0,
            "eps": 0
        },
        "2002": {
            "cash": 0,
            "stock": 0,
            "eps": 0
        },
        "2003": {
            "cash": 0,
            "stock": 0,
            "eps": 0
        },
        "2004": {
            "cash": 0,
            "stock": 0,
            "eps": 0
        },
        "2005": {
            "cash": 0,
            "stock": 0,
            "eps": 0
        },
        "2006": {
            "cash": 0,
            "stock": 0,
            "eps": 0
        },
        "2007": {
            "cash": 0,
            "stock": 0,
            "eps": 0
        },
        "2008": {
            "cash": 0.2,
            "stock": 1,
            "eps": 0
        },
        "2009": {
            "cash": 0.2,
            "stock": 0.2,
            "eps": 0
        },
        "2010": {
            "cash": 0.3,
            "stock": 0.3,
            "eps": 0
        },
        "2011": {
            "cash": 0.7,
            "stock": 0.3,
            "eps": 0.32
        },
        "2012": {
            "cash": 0.7,
            "stock": 0.3,
            "eps": 1.13
        },
        "2013": {
            "cash": 1,
            "stock": 0,
            "eps": 1.59
        },
        "2014": {
            "cash": 0.5,
            "stock": 0.5,
            "eps": 2.04
        },
        "2015": {
            "cash": 1.2,
            "stock": 0,
            "eps": 0.76
        },
        "2016": {
            "cash": 0.2,
            "stock": 0.3,
            "eps": 0.23
        },
        "2017": {
            "cash": 0.2,
            "stock": 0,
            "eps": 2.64
        },
        "2018": {
            "cash": 0.2,
            "stock": 0.3,
            "eps": 0.41
        },
        "2019": {
            "cash": 0.1,
            "stock": 0.2,
            "eps": 0.72
        },
        "2020": {
            "cash": 0.1,
            "stock": 0.2,
            "eps": 0.15
        },
        "2021": {
            "cash": 0.1,
            "stock": 0.1,
            "eps": 0.3
        },
        "2022": {
            "cash": 0.1,
            "stock": 0,
            "eps": 1.47
        },
        "2023": {
            "cash": 0.8,
            "stock": 0,
            "eps": 1.3
        }
    },
    "dividends": {
        "2008-04-29": {
            "cash": 0.2,
            "stock": 1
        },
        "2009-04-24": {
            "cash": 0.2,
            "stock": 0.2
        },
        "2010-04-12": {
            "cash": 0.3,
            "stock": 0.3
        },
        "2011-02-25": {
            "cash": 0.7,
            "stock": 0.3
        },
        "2012-05-24": {
            "cash": 0.7,
            "stock": 0.3
        },
        "2013-06-24": {
            "cash": 1,
            "stock": 0
        },
        "2014-10-08": {
            "cash": 0.5,
            "stock": 0.5
        },
        "2015-09-30": {
            "cash": 1.2,
            "stock": 0
        },
        "2016-10-20": {
            "cash": 0.2,
            "stock": 0.3
        },
        "2017-03-28": {
            "cash": 0.2,
            "stock": 0
        },
        "2018-10-01": {
            "cash": 0.2,
            "stock": 0.3
        },
        "2019-10-16": {
            "cash": 0.1,
            "stock": 0.2
        },
        "2020-11-02": {
            "cash": 0.1,
            "stock": 0.2
        },
        "2021-12-02": {
            "cash": 0.1,
            "stock": 0.1
        },
        "2022-11-03": {
            "cash": 0.1,
            "stock": 0
        },
        "2023-10-06": {
            "cash": 0.8,
            "stock": 0
        }
    },
    "prices": {
        "200101": "無",
        "200102": "無",
        "200103": "無",
        "200104": "無",
        "200105": "無",
        "200106": "無",
        "200107": "無",
        "200108": "無",
        "200109": "無",
        "200110": "無",
        "200111": "無",
        "200112": "無",
        "200201": "無",
        "200202": "無",
        "200203": "無",
        "200204": "無",
        "200205": "無",
        "200206": "無",
        "200207": "無",
        "200208": "無",
        "200209": "無",
        "200210": "無",
        "200211": "無",
        "200212": "無",
        "200301": "無",
        "200302": "無",
        "200303": "無",
        "200304": "無",
        "200305": "無",
        "200306": "無",
        "200307": "無",
        "200308": "無",
        "200309": "無",
        "200310": "無",
        "200311": "無",
        "200312": "無",
        "200401": "無",
        "200402": "無",
        "200403": "無",
        "200404": "無",
        "200405": "無",
        "200406": "無",
        "200407": "無",
        "200408": "無",
        "200409": "無",
        "200410": "無",
        "200411": "無",
        "200412": "無",
        "200501": "無",
        "200502": "無",
        "200503": "無",
        "200504": "無",
        "200505": "無",
        "200506": "無",
        "200507": "無",
        "200508": "無",
        "200509": "無",
        "200510": "無",
        "200511": "無",
        "200512": "無",
        "200601": "無",
        "200602": "無",
        "200603": "無",
        "200604": "無",
        "200605": "無",
        "200606": "無",
        "200607": "無",
        "200608": "無",
        "200609": "無",
        "200610": "無",
        "200611": "無",
        "200612": "無",
        "200701": "無",
        "200702": "無",
        "200703": "無",
        "200704": "無",
        "200705": "無",
        "200706": "無",
        "200707": "無",
        "200708": "無",
        "200709": "無",
        "200710": "無",
        "200711": "無",
        "200712": "39.85",
        "200801": "40.00",
        "200802": "無",
        "200803": "無",
        "200804": "無",
        "200805": "無",
        "200806": "無",
        "200807": "37.50",
        "200808": "無",
        "200809": "32.60",
        "200810": "24.07",
        "200811": "16.87",
        "200812": "12.63",
        "200901": "11.40",
        "200902": "10.63",
        "200903": "9.76",
        "200904": "9.71",
        "200905": "11.13",
        "200906": "12.09",
        "200907": "12.25",
        "200908": "11.54",
        "200909": "14.04",
        "200910": "16.99",
        "200911": "16.96",
        "200912": "16.04",
        "201001": "17.90",
        "201002": "18.02",
        "201003": "17.79",
        "201004": "18.97",
        "201005": "18.91",
        "201006": "18.44",
        "201007": "18.99",
        "201008": "19.39",
        "201009": "19.03",
        "201010": "17.31",
        "201011": "16.54",
        "201012": "14.54",
        "201101": "17.09",
        "201102": "16.30",
        "201103": "16.62",
        "201104": "18.77",
        "201105": "21.11",
        "201106": "24.20",
        "201107": "22.40",
        "201108": "20.76",
        "201109": "14.53",
        "201110": "15.06",
        "201111": "15.35",
        "201112": "15.38",
        "201201": "無",
        "201202": "15.95",
        "201203": "16.42",
        "201204": "無",
        "201205": "16.46",
        "201206": "16.46",
        "201207": "16.43",
        "201208": "16.82",
        "201209": "17.20",
        "201210": "14.91",
        "201211": "14.38",
        "201212": "14.90",
        "201301": "17.36",
        "201302": "20.32",
        "201303": "22.95",
        "201304": "24.01",
        "201305": "27.11",
        "201306": "24.04",
        "201307": "21.76",
        "201308": "24.28",
        "201309": "28.21",
        "201310": "26.73",
        "201311": "26.32",
        "201312": "29.67",
        "201401": "34.17",
        "201402": "34.33",
        "201403": "41.67",
        "201404": "50.13",
        "201405": "54.16",
        "201406": "76.47",
        "201407": "72.30",
        "201408": "59.32",
        "201409": "59.23",
        "201410": "54.42",
        "201411": "50.68",
        "201412": "54.78",
        "201501": "58.85",
        "201502": "53.51",
        "201503": "50.51",
        "201504": "45.48",
        "201505": "38.57",
        "201506": "35.18",
        "201507": "30.80",
        "201508": "23.22",
        "201509": "25.49",
        "201510": "29.75",
        "201511": "29.84",
        "201512": "27.60",
        "201601": "26.47",
        "201602": "28.42",
        "201603": "32.47",
        "201604": "30.87",
        "201605": "27.33",
        "201606": "27.85",
        "201607": "29.81",
        "201608": "29.43",
        "201609": "28.11",
        "201610": "26.54",
        "201611": "23.29",
        "201612": "23.17",
        "201701": "23.37",
        "201702": "23.24",
        "201703": "22.71",
        "201704": "22.11",
        "201705": "20.91",
        "201706": "21.76",
        "201707": "26.75",
        "201708": "29.19",
        "201709": "31.18",
        "201710": "30.46",
        "201711": "29.16",
        "201712": "26.60",
        "201801": "27.84",
        "201802": "26.31",
        "201803": "26.90",
        "201804": "25.64",
        "201805": "23.48",
        "201806": "25.40",
        "201807": "28.77",
        "201808": "25.28",
        "201809": "22.84",
        "201810": "20.74",
        "201811": "20.81",
        "201812": "21.12",
        "201901": "19.97",
        "201902": "20.98",
        "201903": "24.73",
        "201904": "24.52",
        "201905": "23.08",
        "201906": "23.01",
        "201907": "23.93",
        "201908": "23.60",
        "201909": "23.53",
        "201910": "23.22",
        "201911": "22.64",
        "201912": "22.32",
        "202001": "23.57",
        "202002": "22.09",
        "202003": "19.81",
        "202004": "19.40",
        "202005": "19.76",
        "202006": "21.70",
        "202007": "23.47",
        "202008": "23.50",
        "202009": "26.10",
        "202010": "23.83",
        "202011": "24.21",
        "202012": "24.93",
        "202101": "25.07",
        "202102": "24.24",
        "202103": "24.95",
        "202104": "27.24",
        "202105": "26.94",
        "202106": "26.39",
        "202107": "24.78",
        "202108": "23.28",
        "202109": "22.87",
        "202110": "22.13",
        "202111": "22.44",
        "202112": "21.67",
        "202201": "22.28",
        "202202": "22.68",
        "202203": "25.45",
        "202204": "23.47",
        "202205": "23.53",
        "202206": "24.17",
        "202207": "27.73",
        "202208": "27.92",
        "202209": "26.00",
        "202210": "25.11",
        "202211": "25.43",
        "202212": "27.49",
        "202301": "28.90",
        "202302": "35.74",
        "202303": "46.82",
        "202304": "52.01",
        "202305": "50.86",
        "202306": "56.50",
        "202307": "54.53",
        "202308": "49.11",
        "202309": "47.96",
        "202310": "47.44",
        "202311": "49.19",
        "202312": "49.84"
    },
    "quarters": {
        "20011": {
            "year_quarter": 20011,
            "year": 2001,
            "quarter": 1,
            "eps": null,
            "eps_growth_year": null,
            "eps_4q": null,
            "eps_4q_growth_year": null,
            "roe": null,
            "roe_4q": 0,
            "gross_profit": null,
            "gross_margin": null,
            "gross_margin_4q_avg": 0,
            "net_income": null,
            "net_income_4q": null,
            "revenue": null,
            "revenue_4q": null,
            "common_shares": null,
            "book_valuer_per_share": null,
            "book_valuer_per_share_4q_avg": 0,
            "equity": null,
            "current_ratio": null,
            "debt_ratio": null,
            "inventory_turnover_ratio": null,
            "account_receivable_turnover_ratio": null,
            "reinvestment_rate": null,
            "research_to_sale_ratio": null,
            "price_fair": 0,
            "eps_avg_yearly": 0,
            "eps_latest_yearly": 0,
            "eps_growth_yearly": 0
        },
        "20012": {
            "year_quarter": 20012,
            "year": 2001,
            "quarter": 2,
            "eps": null,
            "eps_growth_year": null,
            "eps_4q": null,
            "eps_4q_growth_year": null,
            "roe": null,
            "roe_4q": 0,
            "gross_profit": null,
            "gross_margin": null,
            "gross_margin_4q_avg": 0,
            "net_income": null,
            "net_income_4q": null,
            "revenue": null,
            "revenue_4q": null,
            "common_shares": null,
            "book_valuer_per_share": null,
            "book_valuer_per_share_4q_avg": 0,
            "equity": null,
            "current_ratio": null,
            "debt_ratio": null,
            "inventory_turnover_ratio": null,
            "account_receivable_turnover_ratio": null,
            "reinvestment_rate": null,
            "research_to_sale_ratio": null,
            "price_fair": 0,
            "eps_avg_yearly": 0,
            "eps_latest_yearly": 0,
            "eps_growth_yearly": 0
        },
        "20013": {
            "year_quarter": 20013,
            "year": 2001,
            "quarter": 3,
            "eps": null,
            "eps_growth_year": null,
            "eps_4q": null,
            "eps_4q_growth_year": null,
            "roe": null,
            "roe_4q": 0,
            "gross_profit": null,
            "gross_margin": null,
            "gross_margin_4q_avg": 0,
            "net_income": null,
            "net_income_4q": null,
            "revenue": null,
            "revenue_4q": null,
            "common_shares": null,
            "book_valuer_per_share": null,
            "book_valuer_per_share_4q_avg": 0,
            "equity": null,
            "current_ratio": null,
            "debt_ratio": null,
            "inventory_turnover_ratio": null,
            "account_receivable_turnover_ratio": null,
            "reinvestment_rate": null,
            "research_to_sale_ratio": null,
            "price_fair": 0,
            "eps_avg_yearly": 0,
            "eps_latest_yearly": 0,
            "eps_growth_yearly": 0
        },
        "20014": {
            "year_quarter": 20014,
            "year": 2001,
            "quarter": 4,
            "eps": null,
            "eps_growth_year": null,
            "eps_4q": null,
            "eps_4q_growth_year": null,
            "roe": null,
            "roe_4q": 0,
            "gross_profit": null,
            "gross_margin": null,
            "gross_margin_4q_avg": 0,
            "net_income": null,
            "net_income_4q": null,
            "revenue": null,
            "revenue_4q": null,
            "common_shares": null,
            "book_valuer_per_share": null,
            "book_valuer_per_share_4q_avg": 0,
            "equity": null,
            "current_ratio": null,
            "debt_ratio": null,
            "inventory_turnover_ratio": null,
            "account_receivable_turnover_ratio": null,
            "reinvestment_rate": null,
            "research_to_sale_ratio": null,
            "price_fair": 0,
            "eps_avg_yearly": 0,
            "eps_latest_yearly": 0,
            "eps_growth_yearly": 0
        },
        "20021": {
            "year_quarter": 20021,
            "year": 2002,
            "quarter": 1,
            "eps": null,
            "eps_growth_year": null,
            "eps_4q": null,
            "eps_4q_growth_year": null,
            "roe": null,
            "roe_4q": 0,
            "gross_profit": null,
            "gross_margin": null,
            "gross_margin_4q_avg": 0,
            "net_income": null,
            "net_income_4q": null,
            "revenue": null,
            "revenue_4q": null,
            "common_shares": null,
            "book_valuer_per_share": null,
            "book_valuer_per_share_4q_avg": 0,
            "equity": null,
            "current_ratio": null,
            "debt_ratio": null,
            "inventory_turnover_ratio": null,
            "account_receivable_turnover_ratio": null,
            "reinvestment_rate": null,
            "research_to_sale_ratio": null,
            "price_fair": 0,
            "eps_avg_yearly": 0,
            "eps_latest_yearly": 0,
            "eps_growth_yearly": 0
        },
        "20022": {
            "year_quarter": 20022,
            "year": 2002,
            "quarter": 2,
            "eps": null,
            "eps_growth_year": null,
            "eps_4q": null,
            "eps_4q_growth_year": null,
            "roe": null,
            "roe_4q": 0,
            "gross_profit": null,
            "gross_margin": null,
            "gross_margin_4q_avg": 0,
            "net_income": null,
            "net_income_4q": null,
            "revenue": null,
            "revenue_4q": null,
            "common_shares": null,
            "book_valuer_per_share": null,
            "book_valuer_per_share_4q_avg": 0,
            "equity": null,
            "current_ratio": null,
            "debt_ratio": null,
            "inventory_turnover_ratio": null,
            "account_receivable_turnover_ratio": null,
            "reinvestment_rate": null,
            "research_to_sale_ratio": null,
            "price_fair": 0,
            "eps_avg_yearly": 0,
            "eps_latest_yearly": 0,
            "eps_growth_yearly": 0
        },
        "20023": {
            "year_quarter": 20023,
            "year": 2002,
            "quarter": 3,
            "eps": null,
            "eps_growth_year": null,
            "eps_4q": null,
            "eps_4q_growth_year": null,
            "roe": null,
            "roe_4q": 0,
            "gross_profit": null,
            "gross_margin": null,
            "gross_margin_4q_avg": 0,
            "net_income": null,
            "net_income_4q": null,
            "revenue": null,
            "revenue_4q": null,
            "common_shares": null,
            "book_valuer_per_share": null,
            "book_valuer_per_share_4q_avg": 0,
            "equity": null,
            "current_ratio": null,
            "debt_ratio": null,
            "inventory_turnover_ratio": null,
            "account_receivable_turnover_ratio": null,
            "reinvestment_rate": null,
            "research_to_sale_ratio": null,
            "price_fair": 0,
            "eps_avg_yearly": 0,
            "eps_latest_yearly": 0,
            "eps_growth_yearly": 0
        },
        "20024": {
            "year_quarter": 20024,
            "year": 2002,
            "quarter": 4,
            "eps": null,
            "eps_growth_year": null,
            "eps_4q": null,
            "eps_4q_growth_year": null,
            "roe": null,
            "roe_4q": 0,
            "gross_profit": null,
            "gross_margin": null,
            "gross_margin_4q_avg": 0,
            "net_income": null,
            "net_income_4q": null,
            "revenue": null,
            "revenue_4q": null,
            "common_shares": 188738,
            "book_valuer_per_share": 12.38,
            "book_valuer_per_share_4q_avg": 3.1,
            "equity": 233743,
            "current_ratio": 228.96,
            "debt_ratio": 33.46,
            "inventory_turnover_ratio": null,
            "account_receivable_turnover_ratio": null,
            "reinvestment_rate": null,
            "research_to_sale_ratio": null,
            "price_fair": 0,
            "eps_avg_yearly": 0,
            "eps_latest_yearly": 0,
            "eps_growth_yearly": 0
        },
        "20031": {
            "year_quarter": 20031,
            "year": 2003,
            "quarter": 1,
            "eps": null,
            "eps_growth_year": null,
            "eps_4q": null,
            "eps_4q_growth_year": null,
            "roe": null,
            "roe_4q": 0,
            "gross_profit": null,
            "gross_margin": null,
            "gross_margin_4q_avg": 0,
            "net_income": null,
            "net_income_4q": null,
            "revenue": null,
            "revenue_4q": null,
            "common_shares": null,
            "book_valuer_per_share": null,
            "book_valuer_per_share_4q_avg": 3.1,
            "equity": null,
            "current_ratio": null,
            "debt_ratio": null,
            "inventory_turnover_ratio": null,
            "account_receivable_turnover_ratio": null,
            "reinvestment_rate": null,
            "research_to_sale_ratio": null,
            "price_fair": 0,
            "eps_avg_yearly": 0,
            "eps_latest_yearly": 0,
            "eps_growth_yearly": 0
        },
        "20032": {
            "year_quarter": 20032,
            "year": 2003,
            "quarter": 2,
            "eps": null,
            "eps_growth_year": null,
            "eps_4q": null,
            "eps_4q_growth_year": null,
            "roe": null,
            "roe_4q": 0,
            "gross_profit": null,
            "gross_margin": null,
            "gross_margin_4q_avg": 0,
            "net_income": null,
            "net_income_4q": null,
            "revenue": null,
            "revenue_4q": null,
            "common_shares": null,
            "book_valuer_per_share": null,
            "book_valuer_per_share_4q_avg": 3.1,
            "equity": null,
            "current_ratio": null,
            "debt_ratio": null,
            "inventory_turnover_ratio": null,
            "account_receivable_turnover_ratio": null,
            "reinvestment_rate": null,
            "research_to_sale_ratio": null,
            "price_fair": 0,
            "eps_avg_yearly": 0,
            "eps_latest_yearly": 0,
            "eps_growth_yearly": 0
        },
        "20033": {
            "year_quarter": 20033,
            "year": 2003,
            "quarter": 3,
            "eps": null,
            "eps_growth_year": null,
            "eps_4q": null,
            "eps_4q_growth_year": null,
            "roe": null,
            "roe_4q": 0,
            "gross_profit": null,
            "gross_margin": null,
            "gross_margin_4q_avg": 0,
            "net_income": null,
            "net_income_4q": null,
            "revenue": null,
            "revenue_4q": null,
            "common_shares": null,
            "book_valuer_per_share": null,
            "book_valuer_per_share_4q_avg": 3.1,
            "equity": null,
            "current_ratio": null,
            "debt_ratio": null,
            "inventory_turnover_ratio": null,
            "account_receivable_turnover_ratio": null,
            "reinvestment_rate": null,
            "research_to_sale_ratio": null,
            "price_fair": 0,
            "eps_avg_yearly": 0,
            "eps_latest_yearly": 0,
            "eps_growth_yearly": 0
        },
        "20034": {
            "year_quarter": 20034,
            "year": 2003,
            "quarter": 4,
            "eps": null,
            "eps_growth_year": null,
            "eps_4q": null,
            "eps_4q_growth_year": null,
            "roe": null,
            "roe_4q": 0,
            "gross_profit": null,
            "gross_margin": null,
            "gross_margin_4q_avg": 0,
            "net_income": null,
            "net_income_4q": null,
            "revenue": null,
            "revenue_4q": null,
            "common_shares": 188738,
            "book_valuer_per_share": 12.54,
            "book_valuer_per_share_4q_avg": 3.14,
            "equity": 236677,
            "current_ratio": 201.23,
            "debt_ratio": 47.18,
            "inventory_turnover_ratio": null,
            "account_receivable_turnover_ratio": null,
            "reinvestment_rate": null,
            "research_to_sale_ratio": null,
            "price_fair": 0,
            "eps_avg_yearly": 0,
            "eps_latest_yearly": 0,
            "eps_growth_yearly": 0
        },
        "20041": {
            "year_quarter": 20041,
            "year": 2004,
            "quarter": 1,
            "eps": null,
            "eps_growth_year": null,
            "eps_4q": null,
            "eps_4q_growth_year": null,
            "roe": null,
            "roe_4q": 0,
            "gross_profit": null,
            "gross_margin": null,
            "gross_margin_4q_avg": 0,
            "net_income": null,
            "net_income_4q": null,
            "revenue": null,
            "revenue_4q": null,
            "common_shares": null,
            "book_valuer_per_share": null,
            "book_valuer_per_share_4q_avg": 3.14,
            "equity": null,
            "current_ratio": null,
            "debt_ratio": null,
            "inventory_turnover_ratio": null,
            "account_receivable_turnover_ratio": null,
            "reinvestment_rate": null,
            "research_to_sale_ratio": null,
            "price_fair": 0,
            "eps_avg_yearly": 0,
            "eps_latest_yearly": 0,
            "eps_growth_yearly": 0
        },
        "20042": {
            "year_quarter": 20042,
            "year": 2004,
            "quarter": 2,
            "eps": null,
            "eps_growth_year": null,
            "eps_4q": null,
            "eps_4q_growth_year": null,
            "roe": null,
            "roe_4q": 0,
            "gross_profit": null,
            "gross_margin": null,
            "gross_margin_4q_avg": 0,
            "net_income": null,
            "net_income_4q": null,
            "revenue": null,
            "revenue_4q": null,
            "common_shares": null,
            "book_valuer_per_share": null,
            "book_valuer_per_share_4q_avg": 3.14,
            "equity": null,
            "current_ratio": null,
            "debt_ratio": null,
            "inventory_turnover_ratio": null,
            "account_receivable_turnover_ratio": null,
            "reinvestment_rate": null,
            "research_to_sale_ratio": null,
            "price_fair": 0,
            "eps_avg_yearly": 0,
            "eps_latest_yearly": 0,
            "eps_growth_yearly": 0
        },
        "20043": {
            "year_quarter": 20043,
            "year": 2004,
            "quarter": 3,
            "eps": null,
            "eps_growth_year": null,
            "eps_4q": null,
            "eps_4q_growth_year": null,
            "roe": null,
            "roe_4q": 0,
            "gross_profit": null,
            "gross_margin": null,
            "gross_margin_4q_avg": 0,
            "net_income": null,
            "net_income_4q": null,
            "revenue": null,
            "revenue_4q": null,
            "common_shares": null,
            "book_valuer_per_share": null,
            "book_valuer_per_share_4q_avg": 3.14,
            "equity": null,
            "current_ratio": null,
            "debt_ratio": null,
            "inventory_turnover_ratio": null,
            "account_receivable_turnover_ratio": null,
            "reinvestment_rate": null,
            "research_to_sale_ratio": null,
            "price_fair": 0,
            "eps_avg_yearly": 0,
            "eps_latest_yearly": 0,
            "eps_growth_yearly": 0
        },
        "20044": {
            "year_quarter": 20044,
            "year": 2004,
            "quarter": 4,
            "eps": null,
            "eps_growth_year": null,
            "eps_4q": null,
            "eps_4q_growth_year": null,
            "roe": null,
            "roe_4q": 0,
            "gross_profit": null,
            "gross_margin": null,
            "gross_margin_4q_avg": 0,
            "net_income": null,
            "net_income_4q": null,
            "revenue": null,
            "revenue_4q": null,
            "common_shares": 188738,
            "book_valuer_per_share": 12.37,
            "book_valuer_per_share_4q_avg": 3.09,
            "equity": 233435,
            "current_ratio": 168.3,
            "debt_ratio": 53.12,
            "inventory_turnover_ratio": null,
            "account_receivable_turnover_ratio": null,
            "reinvestment_rate": null,
            "research_to_sale_ratio": null,
            "price_fair": 0,
            "eps_avg_yearly": 0,
            "eps_latest_yearly": 0,
            "eps_growth_yearly": 0
        },
        "20051": {
            "year_quarter": 20051,
            "year": 2005,
            "quarter": 1,
            "eps": null,
            "eps_growth_year": null,
            "eps_4q": null,
            "eps_4q_growth_year": null,
            "roe": null,
            "roe_4q": 0,
            "gross_profit": null,
            "gross_margin": null,
            "gross_margin_4q_avg": 0,
            "net_income": null,
            "net_income_4q": null,
            "revenue": null,
            "revenue_4q": null,
            "common_shares": null,
            "book_valuer_per_share": null,
            "book_valuer_per_share_4q_avg": 3.09,
            "equity": null,
            "current_ratio": null,
            "debt_ratio": null,
            "inventory_turnover_ratio": null,
            "account_receivable_turnover_ratio": null,
            "reinvestment_rate": null,
            "research_to_sale_ratio": null,
            "price_fair": 0,
            "eps_avg_yearly": 0,
            "eps_latest_yearly": 0,
            "eps_growth_yearly": 0
        },
        "20052": {
            "year_quarter": 20052,
            "year": 2005,
            "quarter": 2,
            "eps": null,
            "eps_growth_year": null,
            "eps_4q": null,
            "eps_4q_growth_year": null,
            "roe": null,
            "roe_4q": 0,
            "gross_profit": null,
            "gross_margin": null,
            "gross_margin_4q_avg": 0,
            "net_income": null,
            "net_income_4q": null,
            "revenue": null,
            "revenue_4q": null,
            "common_shares": null,
            "book_valuer_per_share": null,
            "book_valuer_per_share_4q_avg": 3.09,
            "equity": null,
            "current_ratio": null,
            "debt_ratio": null,
            "inventory_turnover_ratio": null,
            "account_receivable_turnover_ratio": null,
            "reinvestment_rate": null,
            "research_to_sale_ratio": null,
            "price_fair": 0,
            "eps_avg_yearly": 0,
            "eps_latest_yearly": 0,
            "eps_growth_yearly": 0
        },
        "20053": {
            "year_quarter": 20053,
            "year": 2005,
            "quarter": 3,
            "eps": null,
            "eps_growth_year": null,
            "eps_4q": null,
            "eps_4q_growth_year": null,
            "roe": null,
            "roe_4q": 0,
            "gross_profit": null,
            "gross_margin": null,
            "gross_margin_4q_avg": 0,
            "net_income": null,
            "net_income_4q": null,
            "revenue": null,
            "revenue_4q": null,
            "common_shares": null,
            "book_valuer_per_share": null,
            "book_valuer_per_share_4q_avg": 3.09,
            "equity": null,
            "current_ratio": null,
            "debt_ratio": null,
            "inventory_turnover_ratio": null,
            "account_receivable_turnover_ratio": null,
            "reinvestment_rate": null,
            "research_to_sale_ratio": null,
            "price_fair": 0,
            "eps_avg_yearly": 0,
            "eps_latest_yearly": 0,
            "eps_growth_yearly": 0
        },
        "20054": {
            "year_quarter": 20054,
            "year": 2005,
            "quarter": 4,
            "eps": null,
            "eps_growth_year": null,
            "eps_4q": null,
            "eps_4q_growth_year": null,
            "roe": null,
            "roe_4q": 0,
            "gross_profit": null,
            "gross_margin": null,
            "gross_margin_4q_avg": 0,
            "net_income": null,
            "net_income_4q": null,
            "revenue": null,
            "revenue_4q": null,
            "common_shares": 188738,
            "book_valuer_per_share": 14.88,
            "book_valuer_per_share_4q_avg": 3.72,
            "equity": 280925,
            "current_ratio": 182.41,
            "debt_ratio": 50.15,
            "inventory_turnover_ratio": null,
            "account_receivable_turnover_ratio": null,
            "reinvestment_rate": null,
            "research_to_sale_ratio": null,
            "price_fair": 0,
            "eps_avg_yearly": 0,
            "eps_latest_yearly": 0,
            "eps_growth_yearly": 0
        },
        "20061": {
            "year_quarter": 20061,
            "year": 2006,
            "quarter": 1,
            "eps": null,
            "eps_growth_year": null,
            "eps_4q": null,
            "eps_4q_growth_year": null,
            "roe": null,
            "roe_4q": 0,
            "gross_profit": null,
            "gross_margin": null,
            "gross_margin_4q_avg": 0,
            "net_income": null,
            "net_income_4q": null,
            "revenue": null,
            "revenue_4q": null,
            "common_shares": null,
            "book_valuer_per_share": null,
            "book_valuer_per_share_4q_avg": 3.72,
            "equity": null,
            "current_ratio": null,
            "debt_ratio": null,
            "inventory_turnover_ratio": null,
            "account_receivable_turnover_ratio": null,
            "reinvestment_rate": null,
            "research_to_sale_ratio": null,
            "price_fair": 0,
            "eps_avg_yearly": 0,
            "eps_latest_yearly": 0,
            "eps_growth_yearly": 0
        },
        "20062": {
            "year_quarter": 20062,
            "year": 2006,
            "quarter": 2,
            "eps": null,
            "eps_growth_year": null,
            "eps_4q": null,
            "eps_4q_growth_year": null,
            "roe": null,
            "roe_4q": 0,
            "gross_profit": null,
            "gross_margin": null,
            "gross_margin_4q_avg": 0,
            "net_income": null,
            "net_income_4q": null,
            "revenue": null,
            "revenue_4q": null,
            "common_shares": null,
            "book_valuer_per_share": null,
            "book_valuer_per_share_4q_avg": 3.72,
            "equity": null,
            "current_ratio": null,
            "debt_ratio": null,
            "inventory_turnover_ratio": null,
            "account_receivable_turnover_ratio": null,
            "reinvestment_rate": null,
            "research_to_sale_ratio": null,
            "price_fair": 0,
            "eps_avg_yearly": 0,
            "eps_latest_yearly": 0,
            "eps_growth_yearly": 0
        },
        "20063": {
            "year_quarter": 20063,
            "year": 2006,
            "quarter": 3,
            "eps": null,
            "eps_growth_year": null,
            "eps_4q": null,
            "eps_4q_growth_year": null,
            "roe": null,
            "roe_4q": 0,
            "gross_profit": null,
            "gross_margin": null,
            "gross_margin_4q_avg": 0,
            "net_income": null,
            "net_income_4q": null,
            "revenue": null,
            "revenue_4q": null,
            "common_shares": null,
            "book_valuer_per_share": null,
            "book_valuer_per_share_4q_avg": 3.72,
            "equity": null,
            "current_ratio": null,
            "debt_ratio": null,
            "inventory_turnover_ratio": null,
            "account_receivable_turnover_ratio": null,
            "reinvestment_rate": null,
            "research_to_sale_ratio": null,
            "price_fair": 0,
            "eps_avg_yearly": 0,
            "eps_latest_yearly": 0,
            "eps_growth_yearly": 0
        },
        "20064": {
            "year_quarter": 20064,
            "year": 2006,
            "quarter": 4,
            "eps": null,
            "eps_growth_year": null,
            "eps_4q": null,
            "eps_4q_growth_year": null,
            "roe": null,
            "roe_4q": 0,
            "gross_profit": null,
            "gross_margin": null,
            "gross_margin_4q_avg": 0,
            "net_income": null,
            "net_income_4q": null,
            "revenue": null,
            "revenue_4q": null,
            "common_shares": 276830,
            "book_valuer_per_share": 14.88,
            "book_valuer_per_share_4q_avg": 3.72,
            "equity": 414129,
            "current_ratio": 254.94,
            "debt_ratio": 47.8,
            "inventory_turnover_ratio": null,
            "account_receivable_turnover_ratio": null,
            "reinvestment_rate": null,
            "research_to_sale_ratio": null,
            "price_fair": 0,
            "eps_avg_yearly": 0,
            "eps_latest_yearly": 0,
            "eps_growth_yearly": 0
        },
        "20071": {
            "year_quarter": 20071,
            "year": 2007,
            "quarter": 1,
            "eps": null,
            "eps_growth_year": null,
            "eps_4q": null,
            "eps_4q_growth_year": null,
            "roe": null,
            "roe_4q": 0,
            "gross_profit": null,
            "gross_margin": null,
            "gross_margin_4q_avg": 0,
            "net_income": null,
            "net_income_4q": null,
            "revenue": null,
            "revenue_4q": null,
            "common_shares": null,
            "book_valuer_per_share": null,
            "book_valuer_per_share_4q_avg": 3.72,
            "equity": null,
            "current_ratio": null,
            "debt_ratio": null,
            "inventory_turnover_ratio": null,
            "account_receivable_turnover_ratio": null,
            "reinvestment_rate": null,
            "research_to_sale_ratio": null,
            "price_fair": 0,
            "eps_avg_yearly": 0,
            "eps_latest_yearly": 0,
            "eps_growth_yearly": 0
        },
        "20072": {
            "year_quarter": 20072,
            "year": 2007,
            "quarter": 2,
            "eps": null,
            "eps_growth_year": null,
            "eps_4q": null,
            "eps_4q_growth_year": null,
            "roe": null,
            "roe_4q": 0,
            "gross_profit": null,
            "gross_margin": null,
            "gross_margin_4q_avg": 0,
            "net_income": null,
            "net_income_4q": null,
            "revenue": null,
            "revenue_4q": null,
            "common_shares": null,
            "book_valuer_per_share": null,
            "book_valuer_per_share_4q_avg": 3.72,
            "equity": null,
            "current_ratio": null,
            "debt_ratio": null,
            "inventory_turnover_ratio": null,
            "account_receivable_turnover_ratio": null,
            "reinvestment_rate": null,
            "research_to_sale_ratio": null,
            "price_fair": 0,
            "eps_avg_yearly": 0,
            "eps_latest_yearly": 0,
            "eps_growth_yearly": 0
        },
        "20073": {
            "year_quarter": 20073,
            "year": 2007,
            "quarter": 3,
            "eps": null,
            "eps_growth_year": null,
            "eps_4q": null,
            "eps_4q_growth_year": null,
            "roe": null,
            "roe_4q": 0,
            "gross_profit": null,
            "gross_margin": null,
            "gross_margin_4q_avg": 0,
            "net_income": null,
            "net_income_4q": null,
            "revenue": null,
            "revenue_4q": null,
            "common_shares": null,
            "book_valuer_per_share": null,
            "book_valuer_per_share_4q_avg": 3.72,
            "equity": null,
            "current_ratio": null,
            "debt_ratio": null,
            "inventory_turnover_ratio": null,
            "account_receivable_turnover_ratio": null,
            "reinvestment_rate": null,
            "research_to_sale_ratio": null,
            "price_fair": 0,
            "eps_avg_yearly": 0,
            "eps_latest_yearly": 0,
            "eps_growth_yearly": 0
        },
        "20074": {
            "year_quarter": 20074,
            "year": 2007,
            "quarter": 4,
            "eps": null,
            "eps_growth_year": null,
            "eps_4q": null,
            "eps_4q_growth_year": null,
            "roe": null,
            "roe_4q": 0,
            "gross_profit": null,
            "gross_margin": null,
            "gross_margin_4q_avg": 0,
            "net_income": null,
            "net_income_4q": null,
            "revenue": null,
            "revenue_4q": null,
            "common_shares": 310569,
            "book_valuer_per_share": 15.08,
            "book_valuer_per_share_4q_avg": 3.77,
            "equity": 470530,
            "current_ratio": 225.9,
            "debt_ratio": 47.31,
            "inventory_turnover_ratio": null,
            "account_receivable_turnover_ratio": null,
            "reinvestment_rate": null,
            "research_to_sale_ratio": null,
            "price_fair": 0,
            "eps_avg_yearly": 0,
            "eps_latest_yearly": 0,
            "eps_growth_yearly": 0
        },
        "20081": {
            "year_quarter": 20081,
            "year": 2008,
            "quarter": 1,
            "eps": null,
            "eps_growth_year": null,
            "eps_4q": null,
            "eps_4q_growth_year": null,
            "roe": null,
            "roe_4q": 0,
            "gross_profit": null,
            "gross_margin": null,
            "gross_margin_4q_avg": 0,
            "net_income": null,
            "net_income_4q": null,
            "revenue": null,
            "revenue_4q": null,
            "common_shares": null,
            "book_valuer_per_share": null,
            "book_valuer_per_share_4q_avg": 3.77,
            "equity": null,
            "current_ratio": null,
            "debt_ratio": null,
            "inventory_turnover_ratio": null,
            "account_receivable_turnover_ratio": null,
            "reinvestment_rate": null,
            "research_to_sale_ratio": null,
            "price_fair": 0,
            "eps_avg_yearly": 0,
            "eps_latest_yearly": 0,
            "eps_growth_yearly": 0
        },
        "20082": {
            "year_quarter": 20082,
            "year": 2008,
            "quarter": 2,
            "eps": null,
            "eps_growth_year": null,
            "eps_4q": null,
            "eps_4q_growth_year": null,
            "roe": null,
            "roe_4q": 0,
            "gross_profit": null,
            "gross_margin": null,
            "gross_margin_4q_avg": 0,
            "net_income": null,
            "net_income_4q": null,
            "revenue": null,
            "revenue_4q": null,
            "common_shares": null,
            "book_valuer_per_share": null,
            "book_valuer_per_share_4q_avg": 3.77,
            "equity": null,
            "current_ratio": null,
            "debt_ratio": null,
            "inventory_turnover_ratio": null,
            "account_receivable_turnover_ratio": null,
            "reinvestment_rate": null,
            "research_to_sale_ratio": null,
            "price_fair": 0,
            "eps_avg_yearly": 0,
            "eps_latest_yearly": 0,
            "eps_growth_yearly": 0
        },
        "20083": {
            "year_quarter": 20083,
            "year": 2008,
            "quarter": 3,
            "eps": null,
            "eps_growth_year": null,
            "eps_4q": null,
            "eps_4q_growth_year": null,
            "roe": null,
            "roe_4q": 0,
            "gross_profit": null,
            "gross_margin": null,
            "gross_margin_4q_avg": 0,
            "net_income": null,
            "net_income_4q": null,
            "revenue": null,
            "revenue_4q": null,
            "common_shares": null,
            "book_valuer_per_share": null,
            "book_valuer_per_share_4q_avg": 3.77,
            "equity": null,
            "current_ratio": null,
            "debt_ratio": null,
            "inventory_turnover_ratio": null,
            "account_receivable_turnover_ratio": null,
            "reinvestment_rate": null,
            "research_to_sale_ratio": null,
            "price_fair": 0,
            "eps_avg_yearly": 0,
            "eps_latest_yearly": 0,
            "eps_growth_yearly": 0
        },
        "20084": {
            "year_quarter": 20084,
            "year": 2008,
            "quarter": 4,
            "eps": null,
            "eps_growth_year": null,
            "eps_4q": null,
            "eps_4q_growth_year": null,
            "roe": null,
            "roe_4q": 0,
            "gross_profit": null,
            "gross_margin": null,
            "gross_margin_4q_avg": 0,
            "net_income": null,
            "net_income_4q": null,
            "revenue": null,
            "revenue_4q": null,
            "common_shares": 348396,
            "book_valuer_per_share": 13.82,
            "book_valuer_per_share_4q_avg": 3.46,
            "equity": 515043,
            "current_ratio": 231.68,
            "debt_ratio": 41.91,
            "inventory_turnover_ratio": null,
            "account_receivable_turnover_ratio": null,
            "reinvestment_rate": null,
            "research_to_sale_ratio": null,
            "price_fair": 0,
            "eps_avg_yearly": 0,
            "eps_latest_yearly": 0,
            "eps_growth_yearly": 0
        },
        "20091": {
            "year_quarter": 20091,
            "year": 2009,
            "quarter": 1,
            "eps": null,
            "eps_growth_year": null,
            "eps_4q": null,
            "eps_4q_growth_year": null,
            "roe": null,
            "roe_4q": 0,
            "gross_profit": null,
            "gross_margin": null,
            "gross_margin_4q_avg": 0,
            "net_income": null,
            "net_income_4q": null,
            "revenue": null,
            "revenue_4q": null,
            "common_shares": null,
            "book_valuer_per_share": null,
            "book_valuer_per_share_4q_avg": 3.46,
            "equity": null,
            "current_ratio": null,
            "debt_ratio": null,
            "inventory_turnover_ratio": null,
            "account_receivable_turnover_ratio": null,
            "reinvestment_rate": null,
            "research_to_sale_ratio": null,
            "price_fair": 0,
            "eps_avg_yearly": 0,
            "eps_latest_yearly": 0,
            "eps_growth_yearly": 0
        },
        "20092": {
            "year_quarter": 20092,
            "year": 2009,
            "quarter": 2,
            "eps": null,
            "eps_growth_year": null,
            "eps_4q": null,
            "eps_4q_growth_year": null,
            "roe": null,
            "roe_4q": 0,
            "gross_profit": null,
            "gross_margin": null,
            "gross_margin_4q_avg": 0,
            "net_income": null,
            "net_income_4q": null,
            "revenue": null,
            "revenue_4q": null,
            "common_shares": 348396,
            "book_valuer_per_share": null,
            "book_valuer_per_share_4q_avg": 3.46,
            "equity": 513331,
            "current_ratio": null,
            "debt_ratio": null,
            "inventory_turnover_ratio": null,
            "account_receivable_turnover_ratio": null,
            "reinvestment_rate": null,
            "research_to_sale_ratio": null,
            "price_fair": 0,
            "eps_avg_yearly": 0,
            "eps_latest_yearly": 0,
            "eps_growth_yearly": 0
        },
        "20093": {
            "year_quarter": 20093,
            "year": 2009,
            "quarter": 3,
            "eps": null,
            "eps_growth_year": null,
            "eps_4q": null,
            "eps_4q_growth_year": null,
            "roe": null,
            "roe_4q": 0,
            "gross_profit": null,
            "gross_margin": null,
            "gross_margin_4q_avg": 0,
            "net_income": null,
            "net_income_4q": null,
            "revenue": null,
            "revenue_4q": null,
            "common_shares": null,
            "book_valuer_per_share": null,
            "book_valuer_per_share_4q_avg": 3.46,
            "equity": null,
            "current_ratio": null,
            "debt_ratio": null,
            "inventory_turnover_ratio": null,
            "account_receivable_turnover_ratio": null,
            "reinvestment_rate": null,
            "research_to_sale_ratio": null,
            "price_fair": 0,
            "eps_avg_yearly": 0,
            "eps_latest_yearly": 0,
            "eps_growth_yearly": 0
        },
        "20094": {
            "year_quarter": 20094,
            "year": 2009,
            "quarter": 4,
            "eps": null,
            "eps_growth_year": null,
            "eps_4q": null,
            "eps_4q_growth_year": null,
            "roe": null,
            "roe_4q": 0,
            "gross_profit": null,
            "gross_margin": null,
            "gross_margin_4q_avg": 0,
            "net_income": null,
            "net_income_4q": null,
            "revenue": null,
            "revenue_4q": null,
            "common_shares": 356666,
            "book_valuer_per_share": 14.06,
            "book_valuer_per_share_4q_avg": 3.52,
            "equity": 526599,
            "current_ratio": 206.27,
            "debt_ratio": 44.04,
            "inventory_turnover_ratio": null,
            "account_receivable_turnover_ratio": null,
            "reinvestment_rate": null,
            "research_to_sale_ratio": null,
            "price_fair": 0,
            "eps_avg_yearly": 0,
            "eps_latest_yearly": 0,
            "eps_growth_yearly": 0
        },
        "20101": {
            "year_quarter": 20101,
            "year": 2010,
            "quarter": 1,
            "eps": null,
            "eps_growth_year": null,
            "eps_4q": null,
            "eps_4q_growth_year": null,
            "roe": null,
            "roe_4q": 0,
            "gross_profit": null,
            "gross_margin": null,
            "gross_margin_4q_avg": 0,
            "net_income": null,
            "net_income_4q": null,
            "revenue": null,
            "revenue_4q": null,
            "common_shares": null,
            "book_valuer_per_share": null,
            "book_valuer_per_share_4q_avg": 3.52,
            "equity": null,
            "current_ratio": null,
            "debt_ratio": null,
            "inventory_turnover_ratio": null,
            "account_receivable_turnover_ratio": null,
            "reinvestment_rate": null,
            "research_to_sale_ratio": null,
            "price_fair": 0,
            "eps_avg_yearly": 0,
            "eps_latest_yearly": 0,
            "eps_growth_yearly": 0
        },
        "20102": {
            "year_quarter": 20102,
            "year": 2010,
            "quarter": 2,
            "eps": null,
            "eps_growth_year": null,
            "eps_4q": null,
            "eps_4q_growth_year": null,
            "roe": null,
            "roe_4q": 0,
            "gross_profit": null,
            "gross_margin": null,
            "gross_margin_4q_avg": 0,
            "net_income": null,
            "net_income_4q": null,
            "revenue": null,
            "revenue_4q": null,
            "common_shares": 356666,
            "book_valuer_per_share": 13.88,
            "book_valuer_per_share_4q_avg": 6.99,
            "equity": 514943,
            "current_ratio": 181.48,
            "debt_ratio": 49.55,
            "inventory_turnover_ratio": null,
            "account_receivable_turnover_ratio": null,
            "reinvestment_rate": null,
            "research_to_sale_ratio": null,
            "price_fair": 0,
            "eps_avg_yearly": 0,
            "eps_latest_yearly": 0,
            "eps_growth_yearly": 0
        },
        "20103": {
            "year_quarter": 20103,
            "year": 2010,
            "quarter": 3,
            "eps": null,
            "eps_growth_year": null,
            "eps_4q": null,
            "eps_4q_growth_year": null,
            "roe": null,
            "roe_4q": 0,
            "gross_profit": null,
            "gross_margin": null,
            "gross_margin_4q_avg": 0,
            "net_income": null,
            "net_income_4q": null,
            "revenue": null,
            "revenue_4q": null,
            "common_shares": null,
            "book_valuer_per_share": null,
            "book_valuer_per_share_4q_avg": 6.99,
            "equity": null,
            "current_ratio": null,
            "debt_ratio": null,
            "inventory_turnover_ratio": null,
            "account_receivable_turnover_ratio": null,
            "reinvestment_rate": null,
            "research_to_sale_ratio": null,
            "price_fair": 0,
            "eps_avg_yearly": 0,
            "eps_latest_yearly": 0,
            "eps_growth_yearly": 0
        },
        "20104": {
            "year_quarter": 20104,
            "year": 2010,
            "quarter": 4,
            "eps": null,
            "eps_growth_year": null,
            "eps_4q": null,
            "eps_4q_growth_year": null,
            "roe": null,
            "roe_4q": 0,
            "gross_profit": null,
            "gross_margin": null,
            "gross_margin_4q_avg": 0,
            "net_income": null,
            "net_income_4q": null,
            "revenue": null,
            "revenue_4q": null,
            "common_shares": 369922,
            "book_valuer_per_share": 14.16,
            "book_valuer_per_share_4q_avg": 7.01,
            "equity": 542854,
            "current_ratio": 206.93,
            "debt_ratio": 44.62,
            "inventory_turnover_ratio": null,
            "account_receivable_turnover_ratio": null,
            "reinvestment_rate": null,
            "research_to_sale_ratio": null,
            "price_fair": 0,
            "eps_avg_yearly": 0,
            "eps_latest_yearly": 0,
            "eps_growth_yearly": 0
        },
        "20111": {
            "year_quarter": 20111,
            "year": 2011,
            "quarter": 1,
            "eps": null,
            "eps_growth_year": null,
            "eps_4q": null,
            "eps_4q_growth_year": null,
            "roe": null,
            "roe_4q": 0,
            "gross_profit": 68105,
            "gross_margin": null,
            "gross_margin_4q_avg": 0,
            "net_income": 198,
            "net_income_4q": null,
            "revenue": 238888,
            "revenue_4q": null,
            "common_shares": 369922,
            "book_valuer_per_share": 14.15,
            "book_valuer_per_share_4q_avg": 10.55,
            "equity": 552631,
            "current_ratio": 209.26,
            "debt_ratio": 43.84,
            "inventory_turnover_ratio": null,
            "account_receivable_turnover_ratio": null,
            "reinvestment_rate": null,
            "research_to_sale_ratio": null,
            "price_fair": 0,
            "eps_avg_yearly": 0,
            "eps_latest_yearly": 0,
            "eps_growth_yearly": 0
        },
        "20112": {
            "year_quarter": 20112,
            "year": 2011,
            "quarter": 2,
            "eps": 0.32,
            "eps_growth_year": null,
            "eps_4q": null,
            "eps_4q_growth_year": null,
            "roe": 2.19,
            "roe_4q": 2.19,
            "gross_profit": 88642,
            "gross_margin": 26.73,
            "gross_margin_4q_avg": 6.68,
            "net_income": 11909,
            "net_income_4q": null,
            "revenue": 331666,
            "revenue_4q": null,
            "common_shares": 380909,
            "book_valuer_per_share": 13.47,
            "book_valuer_per_share_4q_avg": 10.45,
            "equity": 536829,
            "current_ratio": 191.84,
            "debt_ratio": 46.62,
            "inventory_turnover_ratio": 0.78,
            "account_receivable_turnover_ratio": 2.31,
            "reinvestment_rate": null,
            "research_to_sale_ratio": null,
            "price_fair": 0,
            "eps_avg_yearly": 0,
            "eps_latest_yearly": 0,
            "eps_growth_yearly": 0
        },
        "20113": {
            "year_quarter": 20113,
            "year": 2011,
            "quarter": 3,
            "eps": null,
            "eps_growth_year": null,
            "eps_4q": null,
            "eps_4q_growth_year": null,
            "roe": null,
            "roe_4q": 2.19,
            "gross_profit": 79305,
            "gross_margin": null,
            "gross_margin_4q_avg": 6.68,
            "net_income": 4106,
            "net_income_4q": null,
            "revenue": 210480,
            "revenue_4q": null,
            "common_shares": 380909,
            "book_valuer_per_share": 13.8,
            "book_valuer_per_share_4q_avg": 13.9,
            "equity": 555852,
            "current_ratio": 205.77,
            "debt_ratio": 42.92,
            "inventory_turnover_ratio": null,
            "account_receivable_turnover_ratio": null,
            "reinvestment_rate": null,
            "research_to_sale_ratio": null,
            "price_fair": 0,
            "eps_avg_yearly": 0,
            "eps_latest_yearly": 0,
            "eps_growth_yearly": 0
        },
        "20114": {
            "year_quarter": 20114,
            "year": 2011,
            "quarter": 4,
            "eps": null,
            "eps_growth_year": null,
            "eps_4q": null,
            "eps_4q_growth_year": null,
            "roe": null,
            "roe_4q": 2.19,
            "gross_profit": 151846,
            "gross_margin": null,
            "gross_margin_4q_avg": 6.68,
            "net_income": 44922,
            "net_income_4q": null,
            "revenue": 412615,
            "revenue_4q": null,
            "common_shares": 380909,
            "book_valuer_per_share": 15.08,
            "book_valuer_per_share_4q_avg": 14.13,
            "equity": 600311,
            "current_ratio": 211.66,
            "debt_ratio": 42.23,
            "inventory_turnover_ratio": null,
            "account_receivable_turnover_ratio": null,
            "reinvestment_rate": null,
            "research_to_sale_ratio": null,
            "price_fair": 0,
            "eps_avg_yearly": 0,
            "eps_latest_yearly": 0,
            "eps_growth_yearly": 0
        },
        "20121": {
            "year_quarter": 20121,
            "year": 2012,
            "quarter": 1,
            "eps": null,
            "eps_growth_year": null,
            "eps_4q": null,
            "eps_4q_growth_year": null,
            "roe": null,
            "roe_4q": 2.19,
            "gross_profit": 96190,
            "gross_margin": null,
            "gross_margin_4q_avg": 6.68,
            "net_income": -5778,
            "net_income_4q": null,
            "revenue": 274785,
            "revenue_4q": null,
            "common_shares": 380909,
            "book_valuer_per_share": 14.75,
            "book_valuer_per_share_4q_avg": 14.28,
            "equity": 591345,
            "current_ratio": 208.2,
            "debt_ratio": 45.64,
            "inventory_turnover_ratio": null,
            "account_receivable_turnover_ratio": null,
            "reinvestment_rate": null,
            "research_to_sale_ratio": null,
            "price_fair": 0,
            "eps_avg_yearly": 0,
            "eps_latest_yearly": 0,
            "eps_growth_yearly": 0
        },
        "20122": {
            "year_quarter": 20122,
            "year": 2012,
            "quarter": 2,
            "eps": 0.59,
            "eps_growth_year": 87.41,
            "eps_4q": 0.59,
            "eps_4q_growth_year": null,
            "roe": 3.99,
            "roe_4q": 3.99,
            "gross_profit": 120609,
            "gross_margin": 37.41,
            "gross_margin_4q_avg": 9.35,
            "net_income": 23788,
            "net_income_4q": null,
            "revenue": 322427,
            "revenue_4q": null,
            "common_shares": 380909,
            "book_valuer_per_share": 14.63,
            "book_valuer_per_share_4q_avg": 14.57,
            "equity": 601672,
            "current_ratio": 197.9,
            "debt_ratio": 45.56,
            "inventory_turnover_ratio": 0.68,
            "account_receivable_turnover_ratio": 2.73,
            "reinvestment_rate": null,
            "research_to_sale_ratio": null,
            "price_fair": 0,
            "eps_avg_yearly": 0,
            "eps_latest_yearly": 0,
            "eps_growth_yearly": 0
        },
        "20123": {
            "year_quarter": 20123,
            "year": 2012,
            "quarter": 3,
            "eps": -0.03,
            "eps_growth_year": null,
            "eps_4q": 0.56,
            "eps_4q_growth_year": null,
            "roe": -0.19,
            "roe_4q": 3.8000000000000003,
            "gross_profit": 94911,
            "gross_margin": 34.31,
            "gross_margin_4q_avg": 17.93,
            "net_income": -1126,
            "net_income_4q": null,
            "revenue": 276611,
            "revenue_4q": null,
            "common_shares": 403940,
            "book_valuer_per_share": 14.11,
            "book_valuer_per_share_4q_avg": 14.64,
            "equity": 569102,
            "current_ratio": 197.91,
            "debt_ratio": 46.27,
            "inventory_turnover_ratio": 0.56,
            "account_receivable_turnover_ratio": 0.95,
            "reinvestment_rate": null,
            "research_to_sale_ratio": 12.75,
            "price_fair": 0,
            "eps_avg_yearly": 0,
            "eps_latest_yearly": 0,
            "eps_growth_yearly": 0
        },
        "20124": {
            "year_quarter": 20124,
            "year": 2012,
            "quarter": 4,
            "eps": 0.57,
            "eps_growth_year": null,
            "eps_4q": 1.13,
            "eps_4q_growth_year": null,
            "roe": 3.92,
            "roe_4q": 7.720000000000001,
            "gross_profit": 126506,
            "gross_margin": 37.86,
            "gross_margin_4q_avg": 27.4,
            "net_income": 22747,
            "net_income_4q": null,
            "revenue": 334168,
            "revenue_4q": null,
            "common_shares": 403940,
            "book_valuer_per_share": 14.67,
            "book_valuer_per_share_4q_avg": 14.54,
            "equity": 591162,
            "current_ratio": 203.43,
            "debt_ratio": 44.7,
            "inventory_turnover_ratio": 0.64,
            "account_receivable_turnover_ratio": 0.95,
            "reinvestment_rate": null,
            "research_to_sale_ratio": 9.14,
            "price_fair": 0,
            "eps_avg_yearly": 0,
            "eps_latest_yearly": 0,
            "eps_growth_yearly": 0
        },
        "20131": {
            "year_quarter": 20131,
            "year": 2013,
            "quarter": 1,
            "eps": 0.14,
            "eps_growth_year": null,
            "eps_4q": 1.27,
            "eps_4q_growth_year": null,
            "roe": 0.95,
            "roe_4q": 8.67,
            "gross_profit": 98247,
            "gross_margin": 38.41,
            "gross_margin_4q_avg": 37,
            "net_income": 5694,
            "net_income_4q": null,
            "revenue": 255774,
            "revenue_4q": null,
            "common_shares": 403940,
            "book_valuer_per_share": 14.94,
            "book_valuer_per_share_4q_avg": 14.59,
            "equity": 604530,
            "current_ratio": 190.42,
            "debt_ratio": 45.69,
            "inventory_turnover_ratio": 0.48,
            "account_receivable_turnover_ratio": 0.83,
            "reinvestment_rate": null,
            "research_to_sale_ratio": 12.2,
            "price_fair": 1.68,
            "eps_avg_yearly": 0.56,
            "eps_latest_yearly": 0.56,
            "eps_growth_yearly": -301.75
        },
        "20132": {
            "year_quarter": 20132,
            "year": 2013,
            "quarter": 2,
            "eps": 0.77,
            "eps_growth_year": 30.15,
            "eps_4q": 1.33,
            "eps_4q_growth_year": 125.57,
            "roe": 5.15,
            "roe_4q": 9.83,
            "gross_profit": 132873,
            "gross_margin": 37.91,
            "gross_margin_4q_avg": 37.12,
            "net_income": 33582,
            "net_income_4q": null,
            "revenue": 350496,
            "revenue_4q": null,
            "common_shares": 457800,
            "book_valuer_per_share": 15.28,
            "book_valuer_per_share_4q_avg": 14.75,
            "equity": 700642,
            "current_ratio": 213.67,
            "debt_ratio": 40.68,
            "inventory_turnover_ratio": 0.61,
            "account_receivable_turnover_ratio": 1.23,
            "reinvestment_rate": null,
            "research_to_sale_ratio": 10.6,
            "price_fair": 63.7,
            "eps_avg_yearly": 1.82,
            "eps_latest_yearly": 3.08,
            "eps_growth_yearly": 749.12
        },
        "20133": {
            "year_quarter": 20133,
            "year": 2013,
            "quarter": 3,
            "eps": 0.26,
            "eps_growth_year": null,
            "eps_4q": 1.62,
            "eps_4q_growth_year": 187.89,
            "roe": 1.57,
            "roe_4q": 11.59,
            "gross_profit": 124202,
            "gross_margin": 38.1,
            "gross_margin_4q_avg": 38.07,
            "net_income": 11083,
            "net_income_4q": null,
            "revenue": 325958,
            "revenue_4q": null,
            "common_shares": 457800,
            "book_valuer_per_share": 15.5,
            "book_valuer_per_share_4q_avg": 15.1,
            "equity": 710341,
            "current_ratio": 219.29,
            "debt_ratio": 39.63,
            "inventory_turnover_ratio": 0.55,
            "account_receivable_turnover_ratio": 1.03,
            "reinvestment_rate": null,
            "research_to_sale_ratio": 10.9,
            "price_fair": 54.6,
            "eps_avg_yearly": 1.56,
            "eps_latest_yearly": 1.04,
            "eps_growth_yearly": 411.1
        },
        "20134": {
            "year_quarter": 20134,
            "year": 2013,
            "quarter": 4,
            "eps": 0.42,
            "eps_growth_year": -26.69,
            "eps_4q": 1.54,
            "eps_4q_growth_year": 35.76,
            "roe": 2.68,
            "roe_4q": 10.35,
            "gross_profit": 125118,
            "gross_margin": 35.69,
            "gross_margin_4q_avg": 37.53,
            "net_income": 19326,
            "net_income_4q": null,
            "revenue": 350600,
            "revenue_4q": null,
            "common_shares": 457800,
            "book_valuer_per_share": 16.01,
            "book_valuer_per_share_4q_avg": 15.43,
            "equity": 732550,
            "current_ratio": 220.87,
            "debt_ratio": 41.71,
            "inventory_turnover_ratio": 0.64,
            "account_receivable_turnover_ratio": 1.08,
            "reinvestment_rate": null,
            "research_to_sale_ratio": 9.97,
            "price_fair": 55.65,
            "eps_avg_yearly": 1.59,
            "eps_latest_yearly": 1.68,
            "eps_growth_yearly": 369.87
        },
        "20141": {
            "year_quarter": 20141,
            "year": 2014,
            "quarter": 1,
            "eps": 0.3,
            "eps_growth_year": 114.29,
            "eps_4q": 1.71,
            "eps_4q_growth_year": 34.67,
            "roe": 1.48,
            "roe_4q": 10.88,
            "gross_profit": 118848,
            "gross_margin": 38.42,
            "gross_margin_4q_avg": 37.53,
            "net_income": 11078,
            "net_income_4q": null,
            "revenue": 309378,
            "revenue_4q": null,
            "common_shares": 457800,
            "book_valuer_per_share": 16.32,
            "book_valuer_per_share_4q_avg": 15.78,
            "equity": 762913,
            "current_ratio": 205.53,
            "debt_ratio": 45.37,
            "inventory_turnover_ratio": 0.51,
            "account_receivable_turnover_ratio": 0.97,
            "reinvestment_rate": null,
            "research_to_sale_ratio": 9.55,
            "price_fair": 52.92,
            "eps_avg_yearly": 1.51,
            "eps_latest_yearly": 1.2,
            "eps_growth_yearly": 273.04
        },
        "20142": {
            "year_quarter": 20142,
            "year": 2014,
            "quarter": 2,
            "eps": 0.53,
            "eps_growth_year": -31.17,
            "eps_4q": 1.43,
            "eps_4q_growth_year": 7.15,
            "roe": 2.84,
            "roe_4q": 8.57,
            "gross_profit": 151442,
            "gross_margin": 38.58,
            "gross_margin_4q_avg": 37.7,
            "net_income": 21909,
            "net_income_4q": null,
            "revenue": 392581,
            "revenue_4q": null,
            "common_shares": 457800,
            "book_valuer_per_share": 16.3,
            "book_valuer_per_share_4q_avg": 16.03,
            "equity": 778870,
            "current_ratio": 206.12,
            "debt_ratio": 44.64,
            "inventory_turnover_ratio": 0.61,
            "account_receivable_turnover_ratio": 1.26,
            "reinvestment_rate": null,
            "research_to_sale_ratio": 8.7,
            "price_fair": 56.47,
            "eps_avg_yearly": 1.61,
            "eps_latest_yearly": 2.12,
            "eps_growth_yearly": 278.64
        },
        "20143": {
            "year_quarter": 20143,
            "year": 2014,
            "quarter": 3,
            "eps": 0.35,
            "eps_growth_year": 34.62,
            "eps_4q": 1.53,
            "eps_4q_growth_year": -5.49,
            "roe": 1.53,
            "roe_4q": 8.53,
            "gross_profit": 126525,
            "gross_margin": 39.3,
            "gross_margin_4q_avg": 38,
            "net_income": 12053,
            "net_income_4q": null,
            "revenue": 321961,
            "revenue_4q": null,
            "common_shares": 480673,
            "book_valuer_per_share": 16,
            "book_valuer_per_share_4q_avg": 16.16,
            "equity": 796766,
            "current_ratio": 192.22,
            "debt_ratio": 46.46,
            "inventory_turnover_ratio": 0.46,
            "account_receivable_turnover_ratio": 1.01,
            "reinvestment_rate": null,
            "research_to_sale_ratio": 12.41,
            "price_fair": 55.4,
            "eps_avg_yearly": 1.58,
            "eps_latest_yearly": 1.4,
            "eps_growth_yearly": 219.43
        },
        "20144": {
            "year_quarter": 20144,
            "year": 2014,
            "quarter": 4,
            "eps": 0.86,
            "eps_growth_year": 106.47,
            "eps_4q": 1.95,
            "eps_4q_growth_year": 26.83,
            "roe": 5.01,
            "roe_4q": 10.86,
            "gross_profit": 163751,
            "gross_margin": 37.71,
            "gross_margin_4q_avg": 38.5,
            "net_income": 44168,
            "net_income_4q": null,
            "revenue": 434201,
            "revenue_4q": null,
            "common_shares": 500673,
            "book_valuer_per_share": 18.75,
            "book_valuer_per_share_4q_avg": 16.84,
            "equity": 967875,
            "current_ratio": 337.73,
            "debt_ratio": 40.91,
            "inventory_turnover_ratio": 0.61,
            "account_receivable_turnover_ratio": 1.12,
            "reinvestment_rate": 20.36,
            "research_to_sale_ratio": 8.61,
            "price_fair": 63.53,
            "eps_avg_yearly": 1.82,
            "eps_latest_yearly": 3.44,
            "eps_growth_yearly": 264.86
        },
        "20151": {
            "year_quarter": 20151,
            "year": 2015,
            "quarter": 1,
            "eps": -0.3,
            "eps_growth_year": -200,
            "eps_4q": 1.37,
            "eps_4q_growth_year": -19.56,
            "roe": -2.19,
            "roe_4q": 7.1899999999999995,
            "gross_profit": 107760,
            "gross_margin": 39.37,
            "gross_margin_4q_avg": 38.74,
            "net_income": -21197,
            "net_income_4q": null,
            "revenue": 273687,
            "revenue_4q": null,
            "common_shares": 500673,
            "book_valuer_per_share": 18.44,
            "book_valuer_per_share_4q_avg": 17.37,
            "equity": 966875,
            "current_ratio": 305.69,
            "debt_ratio": 42.96,
            "inventory_turnover_ratio": 0.35,
            "account_receivable_turnover_ratio": 0.62,
            "reinvestment_rate": 27.24,
            "research_to_sale_ratio": 13.53,
            "price_fair": 63.53,
            "eps_avg_yearly": 1.82,
            "eps_latest_yearly": 3.44,
            "eps_growth_yearly": 264.86
        },
        "20152": {
            "year_quarter": 20152,
            "year": 2015,
            "quarter": 2,
            "eps": 0.27,
            "eps_growth_year": -49.06,
            "eps_4q": 1.08,
            "eps_4q_growth_year": -24.45,
            "roe": 1.31,
            "roe_4q": 5.66,
            "gross_profit": 163858,
            "gross_margin": 45.28,
            "gross_margin_4q_avg": 40.42,
            "net_income": 14050,
            "net_income_4q": null,
            "revenue": 361845,
            "revenue_4q": null,
            "common_shares": 561445,
            "book_valuer_per_share": 19.73,
            "book_valuer_per_share_4q_avg": 18.23,
            "equity": 1179729,
            "current_ratio": 363.47,
            "debt_ratio": 37.58,
            "inventory_turnover_ratio": 0.37,
            "account_receivable_turnover_ratio": 0.79,
            "reinvestment_rate": 22.43,
            "research_to_sale_ratio": 11.43,
            "price_fair": 63.53,
            "eps_avg_yearly": 1.82,
            "eps_latest_yearly": 3.44,
            "eps_growth_yearly": 264.86
        },
        "20153": {
            "year_quarter": 20153,
            "year": 2015,
            "quarter": 3,
            "eps": 0.15,
            "eps_growth_year": -57.14,
            "eps_4q": 0.93,
            "eps_4q_growth_year": -38.89,
            "roe": 0.04,
            "roe_4q": 4.17,
            "gross_profit": 111325,
            "gross_margin": 35.84,
            "gross_margin_4q_avg": 39.55,
            "net_income": 438,
            "net_income_4q": null,
            "revenue": 310575,
            "revenue_4q": null,
            "common_shares": 561445,
            "book_valuer_per_share": 20.04,
            "book_valuer_per_share_4q_avg": 19.24,
            "equity": 1179589,
            "current_ratio": 320.19,
            "debt_ratio": 40.3,
            "inventory_turnover_ratio": 0.34,
            "account_receivable_turnover_ratio": 0.65,
            "reinvestment_rate": 27.51,
            "research_to_sale_ratio": 14.13,
            "price_fair": 58.8,
            "eps_avg_yearly": 1.68,
            "eps_latest_yearly": 0.6,
            "eps_growth_yearly": 215.68
        },
        "20154": {
            "year_quarter": 20154,
            "year": 2015,
            "quarter": 4,
            "eps": 0.64,
            "eps_growth_year": -25.08,
            "eps_4q": 0.8,
            "eps_4q_growth_year": -59.18,
            "roe": 3.86,
            "roe_4q": 3.02,
            "gross_profit": 180693,
            "gross_margin": 36.83,
            "gross_margin_4q_avg": 39.33,
            "net_income": 46134,
            "net_income_4q": null,
            "revenue": 490633,
            "revenue_4q": null,
            "common_shares": 561445,
            "book_valuer_per_share": 20.55,
            "book_valuer_per_share_4q_avg": 19.69,
            "equity": 1212057,
            "current_ratio": 199.36,
            "debt_ratio": 43.44,
            "inventory_turnover_ratio": 0.53,
            "account_receivable_turnover_ratio": 0.89,
            "reinvestment_rate": 20.8,
            "research_to_sale_ratio": 9.43,
            "price_fair": 61.88,
            "eps_avg_yearly": 1.77,
            "eps_latest_yearly": 2.56,
            "eps_growth_yearly": 324.77
        },
        "20161": {
            "year_quarter": 20161,
            "year": 2016,
            "quarter": 1,
            "eps": 0.01,
            "eps_growth_year": null,
            "eps_4q": 1.07,
            "eps_4q_growth_year": -22.11,
            "roe": 0.14,
            "roe_4q": 5.35,
            "gross_profit": 153540,
            "gross_margin": 39.88,
            "gross_margin_4q_avg": 39.46,
            "net_income": 1635,
            "net_income_4q": null,
            "revenue": 385014,
            "revenue_4q": null,
            "common_shares": 561445,
            "book_valuer_per_share": 20.43,
            "book_valuer_per_share_4q_avg": 20.19,
            "equity": 1207197,
            "current_ratio": 185.97,
            "debt_ratio": 46.2,
            "inventory_turnover_ratio": 0.4,
            "account_receivable_turnover_ratio": 0.63,
            "reinvestment_rate": 26.5,
            "research_to_sale_ratio": 11.13,
            "price_fair": 56.38,
            "eps_avg_yearly": 1.61,
            "eps_latest_yearly": 0.04,
            "eps_growth_yearly": 259.45
        },
        "20162": {
            "year_quarter": 20162,
            "year": 2016,
            "quarter": 2,
            "eps": 0.1,
            "eps_growth_year": -62.96,
            "eps_4q": 0.87,
            "eps_4q_growth_year": -19.42,
            "roe": 0.23,
            "roe_4q": 4.27,
            "gross_profit": 149679,
            "gross_margin": 41.63,
            "gross_margin_4q_avg": 38.55,
            "net_income": 2803,
            "net_income_4q": null,
            "revenue": 359572,
            "revenue_4q": null,
            "common_shares": 561445,
            "book_valuer_per_share": 20.19,
            "book_valuer_per_share_4q_avg": 20.3,
            "equity": 1191561,
            "current_ratio": 183.62,
            "debt_ratio": 46.67,
            "inventory_turnover_ratio": 0.36,
            "account_receivable_turnover_ratio": 0.72,
            "reinvestment_rate": -84.55,
            "research_to_sale_ratio": 13.64,
            "price_fair": 52.85,
            "eps_avg_yearly": 1.51,
            "eps_latest_yearly": 0.4,
            "eps_growth_yearly": 537.83
        },
        "20163": {
            "year_quarter": 20163,
            "year": 2016,
            "quarter": 3,
            "eps": -0.46,
            "eps_growth_year": -406.67,
            "eps_4q": 0.27,
            "eps_4q_growth_year": -71.21,
            "roe": -2.19,
            "roe_4q": 2.04,
            "gross_profit": 129672,
            "gross_margin": 40.74,
            "gross_margin_4q_avg": 39.77,
            "net_income": -25744,
            "net_income_4q": null,
            "revenue": 318315,
            "revenue_4q": null,
            "common_shares": 577806,
            "book_valuer_per_share": 18.97,
            "book_valuer_per_share_4q_avg": 20.04,
            "equity": 1155900,
            "current_ratio": 170.82,
            "debt_ratio": 50.52,
            "inventory_turnover_ratio": 0.32,
            "account_receivable_turnover_ratio": 0.82,
            "reinvestment_rate": -103.83,
            "research_to_sale_ratio": 10.83,
            "price_fair": 52.85,
            "eps_avg_yearly": 1.51,
            "eps_latest_yearly": 0.4,
            "eps_growth_yearly": 537.83
        },
        "20164": {
            "year_quarter": 20164,
            "year": 2016,
            "quarter": 4,
            "eps": 0.58,
            "eps_growth_year": -10.44,
            "eps_4q": 0.22,
            "eps_4q_growth_year": -72.26,
            "roe": 4.37,
            "roe_4q": 2.5500000000000003,
            "gross_profit": 211955,
            "gross_margin": 43.93,
            "gross_margin_4q_avg": 41.55,
            "net_income": 51450,
            "net_income_4q": null,
            "revenue": 482501,
            "revenue_4q": null,
            "common_shares": 577806,
            "book_valuer_per_share": 19.34,
            "book_valuer_per_share_4q_avg": 19.73,
            "equity": 1197766,
            "current_ratio": 214.71,
            "debt_ratio": 51.36,
            "inventory_turnover_ratio": 0.46,
            "account_receivable_turnover_ratio": 0.98,
            "reinvestment_rate": -79.84,
            "research_to_sale_ratio": 8.12,
            "price_fair": 52.85,
            "eps_avg_yearly": 1.51,
            "eps_latest_yearly": 0.4,
            "eps_growth_yearly": 537.83
        },
        "20171": {
            "year_quarter": 20171,
            "year": 2017,
            "quarter": 1,
            "eps": -1.15,
            "eps_growth_year": -11600,
            "eps_4q": -0.93,
            "eps_4q_growth_year": -187.06,
            "roe": -6.73,
            "roe_4q": -4.32,
            "gross_profit": 116862,
            "gross_margin": 39.37,
            "gross_margin_4q_avg": 41.42,
            "net_income": -77379,
            "net_income_4q": null,
            "revenue": 296865,
            "revenue_4q": null,
            "common_shares": 577806,
            "book_valuer_per_share": 17.89,
            "book_valuer_per_share_4q_avg": 19.1,
            "equity": 1103131,
            "current_ratio": 194.13,
            "debt_ratio": 54.47,
            "inventory_turnover_ratio": 0.29,
            "account_receivable_turnover_ratio": 0.54,
            "reinvestment_rate": 28.56,
            "research_to_sale_ratio": 15.42,
            "price_fair": 55.87,
            "eps_avg_yearly": 1.6,
            "eps_latest_yearly": 0.4,
            "eps_growth_yearly": 614.16
        },
        "20172": {
            "year_quarter": 20172,
            "year": 2017,
            "quarter": 2,
            "eps": 0.68,
            "eps_growth_year": 580,
            "eps_4q": -0.35,
            "eps_4q_growth_year": -140.15,
            "roe": 4.37,
            "roe_4q": -0.18000000000000016,
            "gross_profit": 170129,
            "gross_margin": 42.17,
            "gross_margin_4q_avg": 41.55,
            "net_income": 49480,
            "net_income_4q": null,
            "revenue": 403480,
            "revenue_4q": null,
            "common_shares": 577806,
            "book_valuer_per_share": 18.39,
            "book_valuer_per_share_4q_avg": 18.65,
            "equity": 1159328,
            "current_ratio": 198.22,
            "debt_ratio": 52.66,
            "inventory_turnover_ratio": 0.35,
            "account_receivable_turnover_ratio": 0.78,
            "reinvestment_rate": 23.46,
            "research_to_sale_ratio": 10.27,
            "price_fair": 50.68,
            "eps_avg_yearly": 1.45,
            "eps_latest_yearly": 0.4,
            "eps_growth_yearly": 495.57
        },
        "20173": {
            "year_quarter": 20173,
            "year": 2017,
            "quarter": 3,
            "eps": 4.06,
            "eps_growth_year": null,
            "eps_4q": 3.84,
            "eps_4q_growth_year": 1325.96,
            "roe": 17.87,
            "roe_4q": 19.880000000000003,
            "gross_profit": 86298,
            "gross_margin": 22.28,
            "gross_margin_4q_avg": 36.94,
            "net_income": 232408,
            "net_income_4q": null,
            "revenue": 387324,
            "revenue_4q": null,
            "common_shares": 627806,
            "book_valuer_per_share": 22.89,
            "book_valuer_per_share_4q_avg": 19.63,
            "equity": 1442445,
            "current_ratio": 203.06,
            "debt_ratio": 49.73,
            "inventory_turnover_ratio": 0.48,
            "account_receivable_turnover_ratio": 0.8,
            "reinvestment_rate": 121.72,
            "research_to_sale_ratio": 13.88,
            "price_fair": 103.88,
            "eps_avg_yearly": 2.97,
            "eps_latest_yearly": 16.24,
            "eps_growth_yearly": 720.89
        },
        "20174": {
            "year_quarter": 20174,
            "year": 2017,
            "quarter": 4,
            "eps": -0.95,
            "eps_growth_year": -264.03,
            "eps_4q": 2.36,
            "eps_4q_growth_year": 968.1,
            "roe": -4.53,
            "roe_4q": 10.98,
            "gross_profit": 98693,
            "gross_margin": 22.21,
            "gross_margin_4q_avg": 31.51,
            "net_income": -63724,
            "net_income_4q": null,
            "revenue": 444285,
            "revenue_4q": null,
            "common_shares": 627806,
            "book_valuer_per_share": 21.81,
            "book_valuer_per_share_4q_avg": 20.25,
            "equity": 1369071,
            "current_ratio": 211.61,
            "debt_ratio": 49.03,
            "inventory_turnover_ratio": 0.65,
            "account_receivable_turnover_ratio": 1.06,
            "reinvestment_rate": 140.37,
            "research_to_sale_ratio": 5.39,
            "price_fair": 108.89,
            "eps_avg_yearly": 3.11,
            "eps_latest_yearly": 16.24,
            "eps_growth_yearly": 773.64
        },
        "20181": {
            "year_quarter": 20181,
            "year": 2018,
            "quarter": 1,
            "eps": -0.62,
            "eps_growth_year": null,
            "eps_4q": 2.8,
            "eps_4q_growth_year": null,
            "roe": -2.87,
            "roe_4q": 14.84,
            "gross_profit": 72971,
            "gross_margin": 25.28,
            "gross_margin_4q_avg": 27.99,
            "net_income": -38377,
            "net_income_4q": null,
            "revenue": 288633,
            "revenue_4q": null,
            "common_shares": 627806,
            "book_valuer_per_share": 21.13,
            "book_valuer_per_share_4q_avg": 21.06,
            "equity": 1305196,
            "current_ratio": 207.8,
            "debt_ratio": 49.08,
            "inventory_turnover_ratio": 0.43,
            "account_receivable_turnover_ratio": 0.75,
            "reinvestment_rate": 148.33,
            "research_to_sale_ratio": 7.36,
            "price_fair": 117.25,
            "eps_avg_yearly": 3.35,
            "eps_latest_yearly": 16.24,
            "eps_growth_yearly": 884.63
        },
        "20182": {
            "year_quarter": 20182,
            "year": 2018,
            "quarter": 2,
            "eps": 0.44,
            "eps_growth_year": -35.29,
            "eps_4q": 2.53,
            "eps_4q_growth_year": null,
            "roe": 1.95,
            "roe_4q": 12.420000000000002,
            "gross_profit": 127854,
            "gross_margin": 33.28,
            "gross_margin_4q_avg": 25.76,
            "net_income": 25652,
            "net_income_4q": null,
            "revenue": 384159,
            "revenue_4q": null,
            "common_shares": 627806,
            "book_valuer_per_share": 21.41,
            "book_valuer_per_share_4q_avg": 21.81,
            "equity": 1321155,
            "current_ratio": 237.6,
            "debt_ratio": 46.79,
            "inventory_turnover_ratio": 0.5,
            "account_receivable_turnover_ratio": 1.05,
            "reinvestment_rate": 150.34,
            "research_to_sale_ratio": 7.76,
            "price_fair": 123.4,
            "eps_avg_yearly": 3.53,
            "eps_latest_yearly": 16.24,
            "eps_growth_yearly": 967.2
        },
        "20183": {
            "year_quarter": 20183,
            "year": 2018,
            "quarter": 3,
            "eps": 0.37,
            "eps_growth_year": -90.89,
            "eps_4q": -0.73,
            "eps_4q_growth_year": -119.08,
            "roe": 1.63,
            "roe_4q": -3.8200000000000003,
            "gross_profit": 136219,
            "gross_margin": 35.82,
            "gross_margin_4q_avg": 29.15,
            "net_income": 21529,
            "net_income_4q": null,
            "revenue": 380287,
            "revenue_4q": null,
            "common_shares": 635475,
            "book_valuer_per_share": 20.96,
            "book_valuer_per_share_4q_avg": 21.33,
            "equity": 1316120,
            "current_ratio": 183.08,
            "debt_ratio": 47.02,
            "inventory_turnover_ratio": 0.45,
            "account_receivable_turnover_ratio": 0.98,
            "reinvestment_rate": 138.67,
            "research_to_sale_ratio": 8.63,
            "price_fair": 123.8,
            "eps_avg_yearly": 3.54,
            "eps_latest_yearly": 1.48,
            "eps_growth_yearly": 977.51
        },
        "20184": {
            "year_quarter": 20184,
            "year": 2018,
            "quarter": 4,
            "eps": 0.22,
            "eps_growth_year": null,
            "eps_4q": 0.42,
            "eps_4q_growth_year": -82.33,
            "roe": 1.13,
            "roe_4q": 1.8399999999999999,
            "gross_profit": 118054,
            "gross_margin": 31.26,
            "gross_margin_4q_avg": 31.41,
            "net_income": 14848,
            "net_income_4q": null,
            "revenue": 377693,
            "revenue_4q": null,
            "common_shares": 629986,
            "book_valuer_per_share": 21.21,
            "book_valuer_per_share_4q_avg": 21.18,
            "equity": 1318751,
            "current_ratio": 180.92,
            "debt_ratio": 46,
            "inventory_turnover_ratio": 0.45,
            "account_receivable_turnover_ratio": 0.93,
            "reinvestment_rate": 160.42,
            "research_to_sale_ratio": 7.67,
            "price_fair": 111,
            "eps_avg_yearly": 3.17,
            "eps_latest_yearly": 0.88,
            "eps_growth_yearly": 871.08
        },
        "20191": {
            "year_quarter": 20191,
            "year": 2019,
            "quarter": 1,
            "eps": 0.25,
            "eps_growth_year": null,
            "eps_4q": 1.28,
            "eps_4q_growth_year": -54.19,
            "roe": 1.08,
            "roe_4q": 5.79,
            "gross_profit": 117337,
            "gross_margin": 34.61,
            "gross_margin_4q_avg": 33.74,
            "net_income": 14314,
            "net_income_4q": null,
            "revenue": 339052,
            "revenue_4q": null,
            "common_shares": 629986,
            "book_valuer_per_share": 21.6,
            "book_valuer_per_share_4q_avg": 21.3,
            "equity": 1341597,
            "current_ratio": 174.58,
            "debt_ratio": 47.12,
            "inventory_turnover_ratio": 0.36,
            "account_receivable_turnover_ratio": 0.81,
            "reinvestment_rate": 140.23,
            "research_to_sale_ratio": 7.5,
            "price_fair": 101.5,
            "eps_avg_yearly": 2.9,
            "eps_latest_yearly": 1,
            "eps_growth_yearly": 769.02
        },
        "20192": {
            "year_quarter": 20192,
            "year": 2019,
            "quarter": 2,
            "eps": 0.39,
            "eps_growth_year": -11.36,
            "eps_4q": 1.21,
            "eps_4q_growth_year": -52.11,
            "roe": 1.77,
            "roe_4q": 5.609999999999999,
            "gross_profit": 127308,
            "gross_margin": 31.56,
            "gross_margin_4q_avg": 33.31,
            "net_income": 23848,
            "net_income_4q": null,
            "revenue": 403366,
            "revenue_4q": null,
            "common_shares": 629986,
            "book_valuer_per_share": 21.81,
            "book_valuer_per_share_4q_avg": 21.4,
            "equity": 1353707,
            "current_ratio": 161.87,
            "debt_ratio": 49.17,
            "inventory_turnover_ratio": 0.44,
            "account_receivable_turnover_ratio": 0.97,
            "reinvestment_rate": 135.99,
            "research_to_sale_ratio": 7.04,
            "price_fair": 96.29,
            "eps_avg_yearly": 2.75,
            "eps_latest_yearly": 1.56,
            "eps_growth_yearly": 708.46
        },
        "20193": {
            "year_quarter": 20193,
            "year": 2019,
            "quarter": 3,
            "eps": 0.14,
            "eps_growth_year": -62.16,
            "eps_4q": 0.99,
            "eps_4q_growth_year": null,
            "roe": 0.59,
            "roe_4q": 4.57,
            "gross_profit": 122839,
            "gross_margin": 29.53,
            "gross_margin_4q_avg": 31.74,
            "net_income": 7954,
            "net_income_4q": null,
            "revenue": 415917,
            "revenue_4q": null,
            "common_shares": 642275,
            "book_valuer_per_share": 21.3,
            "book_valuer_per_share_4q_avg": 21.48,
            "equity": 1348043,
            "current_ratio": 176.12,
            "debt_ratio": 47.33,
            "inventory_turnover_ratio": 0.5,
            "account_receivable_turnover_ratio": 1.02,
            "reinvestment_rate": 162.41,
            "research_to_sale_ratio": 7.19,
            "price_fair": 96.13,
            "eps_avg_yearly": 2.75,
            "eps_latest_yearly": 0.56,
            "eps_growth_yearly": 699.72
        },
        "20194": {
            "year_quarter": 20194,
            "year": 2019,
            "quarter": 4,
            "eps": -0.06,
            "eps_growth_year": -129.2,
            "eps_4q": 0.71,
            "eps_4q_growth_year": 70.32,
            "roe": -0.35,
            "roe_4q": 3.09,
            "gross_profit": 127228,
            "gross_margin": 29.08,
            "gross_margin_4q_avg": 31.2,
            "net_income": -4641,
            "net_income_4q": null,
            "revenue": 437494,
            "revenue_4q": null,
            "common_shares": 642275,
            "book_valuer_per_share": 21.09,
            "book_valuer_per_share_4q_avg": 21.45,
            "equity": 1334412,
            "current_ratio": 160.26,
            "debt_ratio": 47.9,
            "inventory_turnover_ratio": 0.6,
            "account_receivable_turnover_ratio": 1.01,
            "reinvestment_rate": 191.93,
            "research_to_sale_ratio": 6.94,
            "price_fair": 96.95,
            "eps_avg_yearly": 2.77,
            "eps_latest_yearly": 0.56,
            "eps_growth_yearly": 623.85
        },
        "20201": {
            "year_quarter": 20201,
            "year": 2020,
            "quarter": 1,
            "eps": -0.46,
            "eps_growth_year": -284,
            "eps_4q": 0,
            "eps_4q_growth_year": -99.74,
            "roe": -2.2,
            "roe_4q": -0.1900000000000004,
            "gross_profit": 82104,
            "gross_margin": 29.04,
            "gross_margin_4q_avg": 29.8,
            "net_income": -29249,
            "net_income_4q": null,
            "revenue": 282773,
            "revenue_4q": null,
            "common_shares": 642275,
            "book_valuer_per_share": 20.95,
            "book_valuer_per_share_4q_avg": 21.29,
            "equity": 1325172,
            "current_ratio": 197.14,
            "debt_ratio": 49.43,
            "inventory_turnover_ratio": 0.39,
            "account_receivable_turnover_ratio": 0.62,
            "reinvestment_rate": 209.61,
            "research_to_sale_ratio": 8.75,
            "price_fair": 110.6,
            "eps_avg_yearly": 3.16,
            "eps_latest_yearly": 0.56,
            "eps_growth_yearly": 769.22
        },
        "20202": {
            "year_quarter": 20202,
            "year": 2020,
            "quarter": 2,
            "eps": 0.27,
            "eps_growth_year": -30.77,
            "eps_4q": -0.11,
            "eps_4q_growth_year": -109.25,
            "roe": 1.23,
            "roe_4q": -0.7300000000000003,
            "gross_profit": 120142,
            "gross_margin": 27.43,
            "gross_margin_4q_avg": 28.77,
            "net_income": 16232,
            "net_income_4q": null,
            "revenue": 438059,
            "revenue_4q": null,
            "common_shares": 642275,
            "book_valuer_per_share": 21.13,
            "book_valuer_per_share_4q_avg": 21.12,
            "equity": 1323241,
            "current_ratio": 168.23,
            "debt_ratio": 58.27,
            "inventory_turnover_ratio": 0.57,
            "account_receivable_turnover_ratio": 0.87,
            "reinvestment_rate": 222.95,
            "research_to_sale_ratio": 5.86,
            "price_fair": 126.7,
            "eps_avg_yearly": 3.62,
            "eps_latest_yearly": 0.56,
            "eps_growth_yearly": 297.43
        },
        "20203": {
            "year_quarter": 20203,
            "year": 2020,
            "quarter": 3,
            "eps": 0.33,
            "eps_growth_year": 135.71,
            "eps_4q": 0.08,
            "eps_4q_growth_year": -92.12,
            "roe": 1.52,
            "roe_4q": 0.19999999999999984,
            "gross_profit": 109780,
            "gross_margin": 29,
            "gross_margin_4q_avg": 28.64,
            "net_income": 20738,
            "net_income_4q": null,
            "revenue": 378580,
            "revenue_4q": null,
            "common_shares": 655371,
            "book_valuer_per_share": 21.45,
            "book_valuer_per_share_4q_avg": 21.16,
            "equity": 1402194,
            "current_ratio": 186.9,
            "debt_ratio": 54.69,
            "inventory_turnover_ratio": 0.46,
            "account_receivable_turnover_ratio": 0.75,
            "reinvestment_rate": 184.43,
            "research_to_sale_ratio": 5.95,
            "price_fair": 115.2,
            "eps_avg_yearly": 3.29,
            "eps_latest_yearly": 1.32,
            "eps_growth_yearly": 267.64
        },
        "20204": {
            "year_quarter": 20204,
            "year": 2020,
            "quarter": 4,
            "eps": 0.01,
            "eps_growth_year": null,
            "eps_4q": 0.15,
            "eps_4q_growth_year": -79.5,
            "roe": 0.05,
            "roe_4q": 0.5999999999999996,
            "gross_profit": 112350,
            "gross_margin": 27.34,
            "gross_margin_4q_avg": 28.2,
            "net_income": 715,
            "net_income_4q": null,
            "revenue": 410904,
            "revenue_4q": null,
            "common_shares": 696460,
            "book_valuer_per_share": 21.14,
            "book_valuer_per_share_4q_avg": 21.17,
            "equity": 1485867,
            "current_ratio": 187.46,
            "debt_ratio": 51.22,
            "inventory_turnover_ratio": 0.52,
            "account_receivable_turnover_ratio": 0.87,
            "reinvestment_rate": 191.52,
            "research_to_sale_ratio": 5.92,
            "price_fair": 100.98,
            "eps_avg_yearly": 2.89,
            "eps_latest_yearly": 0.04,
            "eps_growth_yearly": 185.7
        },
        "20211": {
            "year_quarter": 20211,
            "year": 2021,
            "quarter": 1,
            "eps": -0.12,
            "eps_growth_year": null,
            "eps_4q": 0.43,
            "eps_4q_growth_year": 12724.29,
            "roe": -0.61,
            "roe_4q": 2.19,
            "gross_profit": 79455,
            "gross_margin": 26.32,
            "gross_margin_4q_avg": 27.52,
            "net_income": -9118,
            "net_income_4q": null,
            "revenue": 301938,
            "revenue_4q": null,
            "common_shares": 696460,
            "book_valuer_per_share": 21,
            "book_valuer_per_share_4q_avg": 21.18,
            "equity": 1487264,
            "current_ratio": 209.94,
            "debt_ratio": 50.95,
            "inventory_turnover_ratio": 0.39,
            "account_receivable_turnover_ratio": 0.61,
            "reinvestment_rate": 155.5,
            "research_to_sale_ratio": 6.47,
            "price_fair": 100.98,
            "eps_avg_yearly": 2.89,
            "eps_latest_yearly": 0.04,
            "eps_growth_yearly": 185.7
        },
        "20212": {
            "year_quarter": 20212,
            "year": 2021,
            "quarter": 2,
            "eps": 0.13,
            "eps_growth_year": -51.85,
            "eps_4q": 0.32,
            "eps_4q_growth_year": null,
            "roe": 0.66,
            "roe_4q": 1.62,
            "gross_profit": 114039,
            "gross_margin": 28.35,
            "gross_margin_4q_avg": 27.75,
            "net_income": 10003,
            "net_income_4q": null,
            "revenue": 402274,
            "revenue_4q": null,
            "common_shares": 715885,
            "book_valuer_per_share": 21.1,
            "book_valuer_per_share_4q_avg": 21.17,
            "equity": 1541691,
            "current_ratio": 212.18,
            "debt_ratio": 50.54,
            "inventory_turnover_ratio": 0.48,
            "account_receivable_turnover_ratio": 0.78,
            "reinvestment_rate": 341.18,
            "research_to_sale_ratio": 5.32,
            "price_fair": 100.98,
            "eps_avg_yearly": 2.89,
            "eps_latest_yearly": 0.04,
            "eps_growth_yearly": 185.7
        },
        "20213": {
            "year_quarter": 20213,
            "year": 2021,
            "quarter": 3,
            "eps": 0,
            "eps_growth_year": -100,
            "eps_4q": 0.02,
            "eps_4q_growth_year": -70.3,
            "roe": -0.02,
            "roe_4q": 0.08000000000000003,
            "gross_profit": 83233,
            "gross_margin": 22.83,
            "gross_margin_4q_avg": 26.21,
            "net_income": -326,
            "net_income_4q": null,
            "revenue": 364614,
            "revenue_4q": null,
            "common_shares": 732305,
            "book_valuer_per_share": 20.91,
            "book_valuer_per_share_4q_avg": 21.04,
            "equity": 1532703,
            "current_ratio": 196.49,
            "debt_ratio": 51.76,
            "inventory_turnover_ratio": 0.43,
            "account_receivable_turnover_ratio": 0.64,
            "reinvestment_rate": 1926.92,
            "research_to_sale_ratio": 5.63,
            "price_fair": 2.93,
            "eps_avg_yearly": 0.98,
            "eps_latest_yearly": 0.04,
            "eps_growth_yearly": -71.81
        },
        "20214": {
            "year_quarter": 20214,
            "year": 2021,
            "quarter": 4,
            "eps": 0.29,
            "eps_growth_year": 1949.3,
            "eps_4q": 0.3,
            "eps_4q_growth_year": 107.84,
            "roe": 1.36,
            "roe_4q": 1.3900000000000001,
            "gross_profit": 135324,
            "gross_margin": 30.71,
            "gross_margin_4q_avg": 27.05,
            "net_income": 20933,
            "net_income_4q": null,
            "revenue": 440586,
            "revenue_4q": null,
            "common_shares": 744218,
            "book_valuer_per_share": 21.06,
            "book_valuer_per_share_4q_avg": 21.02,
            "equity": 1547832,
            "current_ratio": 200.44,
            "debt_ratio": 51.47,
            "inventory_turnover_ratio": 0.47,
            "account_receivable_turnover_ratio": 0.72,
            "reinvestment_rate": 402.07,
            "research_to_sale_ratio": 5.19,
            "price_fair": 2.93,
            "eps_avg_yearly": 0.98,
            "eps_latest_yearly": 0.04,
            "eps_growth_yearly": -71.81
        },
        "20221": {
            "year_quarter": 20221,
            "year": 2022,
            "quarter": 1,
            "eps": 0.18,
            "eps_growth_year": null,
            "eps_4q": 0.5,
            "eps_4q_growth_year": 15.53,
            "roe": 0.78,
            "roe_4q": 2.7800000000000002,
            "gross_profit": 90389,
            "gross_margin": 27.56,
            "gross_margin_4q_avg": 27.36,
            "net_income": 13345,
            "net_income_4q": null,
            "revenue": 327934,
            "revenue_4q": null,
            "common_shares": 904218,
            "book_valuer_per_share": 20.99,
            "book_valuer_per_share_4q_avg": 21.02,
            "equity": 1879295,
            "current_ratio": 244.13,
            "debt_ratio": 42.3,
            "inventory_turnover_ratio": 0.36,
            "account_receivable_turnover_ratio": 0.56,
            "reinvestment_rate": 281.61,
            "research_to_sale_ratio": 6.34,
            "price_fair": 2.84,
            "eps_avg_yearly": 0.95,
            "eps_latest_yearly": 0.72,
            "eps_growth_yearly": -81.8
        },
        "20222": {
            "year_quarter": 20222,
            "year": 2022,
            "quarter": 2,
            "eps": 0.24,
            "eps_growth_year": 84.62,
            "eps_4q": 0.63,
            "eps_4q_growth_year": 97.73,
            "roe": 1.02,
            "roe_4q": 3.14,
            "gross_profit": 122009,
            "gross_margin": 28.82,
            "gross_margin_4q_avg": 27.48,
            "net_income": 19216,
            "net_income_4q": null,
            "revenue": 423311,
            "revenue_4q": null,
            "common_shares": 904218,
            "book_valuer_per_share": 21.06,
            "book_valuer_per_share_4q_avg": 21.01,
            "equity": 1884236,
            "current_ratio": 236.02,
            "debt_ratio": 42.33,
            "inventory_turnover_ratio": 0.44,
            "account_receivable_turnover_ratio": 0.74,
            "reinvestment_rate": 291.54,
            "research_to_sale_ratio": 6.01,
            "price_fair": 2.84,
            "eps_avg_yearly": 0.95,
            "eps_latest_yearly": 0.96,
            "eps_growth_yearly": -57.89
        },
        "20223": {
            "year_quarter": 20223,
            "year": 2022,
            "quarter": 3,
            "eps": 0.64,
            "eps_growth_year": null,
            "eps_4q": 1.23,
            "eps_4q_growth_year": 5213.6,
            "roe": 2.96,
            "roe_4q": 6.12,
            "gross_profit": 141475,
            "gross_margin": 31.01,
            "gross_margin_4q_avg": 29.53,
            "net_income": 58227,
            "net_income_4q": null,
            "revenue": 456250,
            "revenue_4q": null,
            "common_shares": 935092,
            "book_valuer_per_share": 21.83,
            "book_valuer_per_share_4q_avg": 21.24,
            "equity": 2056661,
            "current_ratio": 238.39,
            "debt_ratio": 41.91,
            "inventory_turnover_ratio": 0.45,
            "account_receivable_turnover_ratio": 0.77,
            "reinvestment_rate": 237.71,
            "research_to_sale_ratio": 4.25,
            "price_fair": 35.47,
            "eps_avg_yearly": 1.07,
            "eps_latest_yearly": 2.56,
            "eps_growth_yearly": 23.25
        },
        "20224": {
            "year_quarter": 20224,
            "year": 2022,
            "quarter": 4,
            "eps": 0.41,
            "eps_growth_year": 40.11,
            "eps_4q": 1.41,
            "eps_4q_growth_year": 366.8,
            "roe": 1.82,
            "roe_4q": 6.580000000000001,
            "gross_profit": 187756,
            "gross_margin": 31.63,
            "gross_margin_4q_avg": 29.76,
            "net_income": 37754,
            "net_income_4q": null,
            "revenue": 593560,
            "revenue_4q": null,
            "common_shares": 954394,
            "book_valuer_per_share": 22.21,
            "book_valuer_per_share_4q_avg": 21.52,
            "equity": 2091737,
            "current_ratio": 222.84,
            "debt_ratio": 43.2,
            "inventory_turnover_ratio": 0.58,
            "account_receivable_turnover_ratio": 1.05,
            "reinvestment_rate": 202.09,
            "research_to_sale_ratio": 4.08,
            "price_fair": 40.29,
            "eps_avg_yearly": 1.15,
            "eps_latest_yearly": 1.64,
            "eps_growth_yearly": 25.3
        },
        "20231": {
            "year_quarter": 20231,
            "year": 2023,
            "quarter": 1,
            "eps": 0.38,
            "eps_growth_year": 111.11,
            "eps_4q": 1.63,
            "eps_4q_growth_year": 226.65,
            "roe": 1.69,
            "roe_4q": 7.49,
            "gross_profit": 144192,
            "gross_margin": 37.52,
            "gross_margin_4q_avg": 32.25,
            "net_income": 35809,
            "net_income_4q": null,
            "revenue": 384322,
            "revenue_4q": null,
            "common_shares": 954394,
            "book_valuer_per_share": 22.62,
            "book_valuer_per_share_4q_avg": 21.93,
            "equity": 2144816,
            "current_ratio": 223.97,
            "debt_ratio": 42.63,
            "inventory_turnover_ratio": 0.34,
            "account_receivable_turnover_ratio": 0.8,
            "reinvestment_rate": 185.55,
            "research_to_sale_ratio": 5.64,
            "price_fair": 31.41,
            "eps_avg_yearly": 1.21,
            "eps_latest_yearly": 1.52,
            "eps_growth_yearly": 15.98
        },
        "20232": {
            "year_quarter": 20232,
            "year": 2023,
            "quarter": 2,
            "eps": 0.55,
            "eps_growth_year": 129.17,
            "eps_4q": 1.96,
            "eps_4q_growth_year": 211.64,
            "roe": 2.55,
            "roe_4q": 9.02,
            "gross_profit": 141691,
            "gross_margin": 32.39,
            "gross_margin_4q_avg": 33.14,
            "net_income": 54288,
            "net_income_4q": null,
            "revenue": 437514,
            "revenue_4q": null,
            "common_shares": 954394,
            "book_valuer_per_share": 22.32,
            "book_valuer_per_share_4q_avg": 22.25,
            "equity": 2118399,
            "current_ratio": 214.29,
            "debt_ratio": 43.28,
            "inventory_turnover_ratio": 0.43,
            "account_receivable_turnover_ratio": 0.94,
            "reinvestment_rate": 164.16,
            "research_to_sale_ratio": 4.89,
            "price_fair": 26.85,
            "eps_avg_yearly": 1.28,
            "eps_latest_yearly": 2.2,
            "eps_growth_yearly": 10.98
        },
        "20233": {
            "year_quarter": 20233,
            "year": 2023,
            "quarter": 3,
            "eps": 0.37,
            "eps_growth_year": -42.19,
            "eps_4q": 1.7,
            "eps_4q_growth_year": 38.68,
            "roe": 1.61,
            "roe_4q": 7.67,
            "gross_profit": 113115,
            "gross_margin": 29.34,
            "gross_margin_4q_avg": 32.72,
            "net_income": 34446,
            "net_income_4q": null,
            "revenue": 385518,
            "revenue_4q": null,
            "common_shares": 954394,
            "book_valuer_per_share": 22.85,
            "book_valuer_per_share_4q_avg": 22.5,
            "equity": 2167762,
            "current_ratio": 233.82,
            "debt_ratio": 40.43,
            "inventory_turnover_ratio": 0.44,
            "account_receivable_turnover_ratio": 0.76,
            "reinvestment_rate": 118.74,
            "research_to_sale_ratio": 5.92,
            "price_fair": 48.27,
            "eps_avg_yearly": 1.38,
            "eps_latest_yearly": 1.48,
            "eps_growth_yearly": 24.92
        }
    },
    "months": {
        "2007-12": {
            "month": "2007-12",
            "price": "39.85",
            "revenue": 163604
        },
        "2008-01": {
            "month": "2008-01",
            "price": "40.00",
            "revenue": 34853
        },
        "2008-07": {
            "month": "2008-07",
            "price": "37.50",
            "revenue": 38768
        },
        "2008-09": {
            "month": "2008-09",
            "price": "32.60",
            "revenue": 53161
        },
        "2008-10": {
            "month": "2008-10",
            "price": "24.07",
            "revenue": 44137
        },
        "2008-11": {
            "month": "2008-11",
            "price": "16.87",
            "revenue": 33543
        },
        "2008-12": {
            "month": "2008-12",
            "price": "12.63",
            "revenue": 84381
        },
        "2009-01": {
            "month": "2009-01",
            "price": "11.40",
            "revenue": 21007
        },
        "2009-02": {
            "month": "2009-02",
            "price": "10.63",
            "revenue": 38967
        },
        "2009-03": {
            "month": "2009-03",
            "price": "9.76",
            "revenue": 44770
        },
        "2009-04": {
            "month": "2009-04",
            "price": "9.71",
            "revenue": 19753
        },
        "2009-05": {
            "month": "2009-05",
            "price": "11.13",
            "revenue": 50770
        },
        "2009-06": {
            "month": "2009-06",
            "price": "12.09",
            "revenue": 109720
        },
        "2009-07": {
            "month": "2009-07",
            "price": "12.25",
            "revenue": 58372
        },
        "2009-08": {
            "month": "2009-08",
            "price": "11.54",
            "revenue": 107244
        },
        "2009-09": {
            "month": "2009-09",
            "price": "14.04",
            "revenue": 50086
        },
        "2009-10": {
            "month": "2009-10",
            "price": "16.99",
            "revenue": 43847
        },
        "2009-11": {
            "month": "2009-11",
            "price": "16.96",
            "revenue": 68037
        },
        "2009-12": {
            "month": "2009-12",
            "price": "16.04",
            "revenue": 92317
        },
        "2010-01": {
            "month": "2010-01",
            "price": "17.90",
            "revenue": 32330
        },
        "2010-02": {
            "month": "2010-02",
            "price": "18.02",
            "revenue": 32031
        },
        "2010-03": {
            "month": "2010-03",
            "price": "17.79",
            "revenue": 46905
        },
        "2010-04": {
            "month": "2010-04",
            "price": "18.97",
            "revenue": 40525
        },
        "2010-05": {
            "month": "2010-05",
            "price": "18.91",
            "revenue": 55527
        },
        "2010-06": {
            "month": "2010-06",
            "price": "18.44",
            "revenue": 138675
        },
        "2010-07": {
            "month": "2010-07",
            "price": "18.99",
            "revenue": 65713
        },
        "2010-08": {
            "month": "2010-08",
            "price": "19.39",
            "revenue": 104761
        },
        "2010-09": {
            "month": "2010-09",
            "price": "19.03",
            "revenue": 93516
        },
        "2010-10": {
            "month": "2010-10",
            "price": "17.31",
            "revenue": 61687
        },
        "2010-11": {
            "month": "2010-11",
            "price": "16.54",
            "revenue": 73643
        },
        "2010-12": {
            "month": "2010-12",
            "price": "14.54",
            "revenue": 111881
        },
        "2011-01": {
            "month": "2011-01",
            "price": "17.09",
            "revenue": 46090
        },
        "2011-02": {
            "month": "2011-02",
            "price": "16.30",
            "revenue": 36660
        },
        "2011-03": {
            "month": "2011-03",
            "price": "16.62",
            "revenue": 110789
        },
        "2011-04": {
            "month": "2011-04",
            "price": "18.77",
            "revenue": 52222
        },
        "2011-05": {
            "month": "2011-05",
            "price": "21.11",
            "revenue": 85745
        },
        "2011-06": {
            "month": "2011-06",
            "price": "24.20",
            "revenue": 86165
        },
        "2011-07": {
            "month": "2011-07",
            "price": "22.40",
            "revenue": 73780
        },
        "2011-08": {
            "month": "2011-08",
            "price": "20.76",
            "revenue": 78768
        },
        "2011-09": {
            "month": "2011-09",
            "price": "14.53",
            "revenue": 70476
        },
        "2011-10": {
            "month": "2011-10",
            "price": "15.06",
            "revenue": 89542
        },
        "2011-11": {
            "month": "2011-11",
            "price": "15.35",
            "revenue": 92201
        },
        "2011-12": {
            "month": "2011-12",
            "price": "15.38",
            "revenue": 146840
        },
        "2012-02": {
            "month": "2012-02",
            "price": "15.95",
            "revenue": 41363
        },
        "2012-03": {
            "month": "2012-03",
            "price": "16.42",
            "revenue": 131012
        },
        "2012-05": {
            "month": "2012-05",
            "price": "16.46",
            "revenue": 62317
        },
        "2012-06": {
            "month": "2012-06",
            "price": "16.46",
            "revenue": 101987
        },
        "2012-07": {
            "month": "2012-07",
            "price": "16.43",
            "revenue": 71513
        },
        "2012-08": {
            "month": "2012-08",
            "price": "16.82",
            "revenue": 68472
        },
        "2012-09": {
            "month": "2012-09",
            "price": "17.20",
            "revenue": 89930
        },
        "2012-10": {
            "month": "2012-10",
            "price": "14.91",
            "revenue": 78935
        },
        "2012-11": {
            "month": "2012-11",
            "price": "14.38",
            "revenue": 80551
        },
        "2012-12": {
            "month": "2012-12",
            "price": "14.90",
            "revenue": 119341
        },
        "2013-01": {
            "month": "2013-01",
            "price": "17.36",
            "revenue": 71447
        },
        "2013-02": {
            "month": "2013-02",
            "price": "20.32",
            "revenue": 63207
        },
        "2013-03": {
            "month": "2013-03",
            "price": "22.95",
            "revenue": 120097
        },
        "2013-04": {
            "month": "2013-04",
            "price": "24.01",
            "revenue": 109594
        },
        "2013-05": {
            "month": "2013-05",
            "price": "27.11",
            "revenue": 93499
        },
        "2013-06": {
            "month": "2013-06",
            "price": "24.04",
            "revenue": 155770
        },
        "2013-07": {
            "month": "2013-07",
            "price": "21.76",
            "revenue": 84381
        },
        "2013-08": {
            "month": "2013-08",
            "price": "24.28",
            "revenue": 133178
        },
        "2013-09": {
            "month": "2013-09",
            "price": "28.21",
            "revenue": 109304
        },
        "2013-10": {
            "month": "2013-10",
            "price": "26.73",
            "revenue": 90851
        },
        "2013-11": {
            "month": "2013-11",
            "price": "26.32",
            "revenue": 113943
        },
        "2013-12": {
            "month": "2013-12",
            "price": "29.67",
            "revenue": 144307
        },
        "2014-01": {
            "month": "2014-01",
            "price": "34.17",
            "revenue": 63546
        },
        "2014-02": {
            "month": "2014-02",
            "price": "34.33",
            "revenue": 108069
        },
        "2014-03": {
            "month": "2014-03",
            "price": "41.67",
            "revenue": 136281
        },
        "2014-04": {
            "month": "2014-04",
            "price": "50.13",
            "revenue": 149440
        },
        "2014-05": {
            "month": "2014-05",
            "price": "54.16",
            "revenue": 110208
        },
        "2014-06": {
            "month": "2014-06",
            "price": "76.47",
            "revenue": 130006
        },
        "2014-07": {
            "month": "2014-07",
            "price": "72.30",
            "revenue": 99536
        },
        "2014-08": {
            "month": "2014-08",
            "price": "59.32",
            "revenue": 116175
        },
        "2014-09": {
            "month": "2014-09",
            "price": "59.23",
            "revenue": 113370
        },
        "2014-10": {
            "month": "2014-10",
            "price": "54.42",
            "revenue": 103344
        },
        "2014-11": {
            "month": "2014-11",
            "price": "50.68",
            "revenue": 106686
        },
        "2014-12": {
            "month": "2014-12",
            "price": "54.78",
            "revenue": 216073
        },
        "2015-01": {
            "month": "2015-01",
            "price": "58.85",
            "revenue": 70977
        },
        "2015-02": {
            "month": "2015-02",
            "price": "53.51",
            "revenue": 55789
        },
        "2015-03": {
            "month": "2015-03",
            "price": "50.51",
            "revenue": 145669
        },
        "2015-04": {
            "month": "2015-04",
            "price": "45.48",
            "revenue": 117585
        },
        "2015-05": {
            "month": "2015-05",
            "price": "38.57",
            "revenue": 105430
        },
        "2015-06": {
            "month": "2015-06",
            "price": "35.18",
            "revenue": 139673
        },
        "2015-07": {
            "month": "2015-07",
            "price": "30.80",
            "revenue": 98531
        },
        "2015-08": {
            "month": "2015-08",
            "price": "23.22",
            "revenue": 94374
        },
        "2015-09": {
            "month": "2015-09",
            "price": "25.49",
            "revenue": 120697
        },
        "2015-10": {
            "month": "2015-10",
            "price": "29.75",
            "revenue": 93237
        },
        "2015-11": {
            "month": "2015-11",
            "price": "29.84",
            "revenue": 120201
        },
        "2015-12": {
            "month": "2015-12",
            "price": "27.60",
            "revenue": 285662
        },
        "2016-01": {
            "month": "2016-01",
            "price": "26.47",
            "revenue": 118000
        },
        "2016-02": {
            "month": "2016-02",
            "price": "28.42",
            "revenue": 86094
        },
        "2016-03": {
            "month": "2016-03",
            "price": "32.47",
            "revenue": 170560
        },
        "2016-04": {
            "month": "2016-04",
            "price": "30.87",
            "revenue": 119772
        },
        "2016-05": {
            "month": "2016-05",
            "price": "27.33",
            "revenue": 106701
        },
        "2016-06": {
            "month": "2016-06",
            "price": "27.85",
            "revenue": 148852
        },
        "2016-07": {
            "month": "2016-07",
            "price": "29.81",
            "revenue": 89013
        },
        "2016-08": {
            "month": "2016-08",
            "price": "29.43",
            "revenue": 104260
        },
        "2016-09": {
            "month": "2016-09",
            "price": "28.11",
            "revenue": 123516
        },
        "2016-10": {
            "month": "2016-10",
            "price": "26.54",
            "revenue": 94235
        },
        "2016-11": {
            "month": "2016-11",
            "price": "23.29",
            "revenue": 144907
        },
        "2016-12": {
            "month": "2016-12",
            "price": "23.17",
            "revenue": 245233
        },
        "2017-01": {
            "month": "2017-01",
            "price": "23.37",
            "revenue": 90225
        },
        "2017-02": {
            "month": "2017-02",
            "price": "23.24",
            "revenue": 86691
        },
        "2017-03": {
            "month": "2017-03",
            "price": "22.71",
            "revenue": 130504
        },
        "2017-04": {
            "month": "2017-04",
            "price": "22.11",
            "revenue": 93377
        },
        "2017-05": {
            "month": "2017-05",
            "price": "20.91",
            "revenue": 120309
        },
        "2017-06": {
            "month": "2017-06",
            "price": "21.76",
            "revenue": 169729
        },
        "2017-07": {
            "month": "2017-07",
            "price": "26.75",
            "revenue": 124787
        },
        "2017-08": {
            "month": "2017-08",
            "price": "29.19",
            "revenue": 132164
        },
        "2017-09": {
            "month": "2017-09",
            "price": "31.18",
            "revenue": 135935
        },
        "2017-10": {
            "month": "2017-10",
            "price": "30.46",
            "revenue": 117155
        },
        "2017-11": {
            "month": "2017-11",
            "price": "29.16",
            "revenue": 144695
        },
        "2017-12": {
            "month": "2017-12",
            "price": "26.60",
            "revenue": 155427
        },
        "2018-01": {
            "month": "2018-01",
            "price": "27.84",
            "revenue": 96008
        },
        "2018-02": {
            "month": "2018-02",
            "price": "26.31",
            "revenue": 70806
        },
        "2018-03": {
            "month": "2018-03",
            "price": "26.90",
            "revenue": 124265
        },
        "2018-04": {
            "month": "2018-04",
            "price": "25.64",
            "revenue": 93424
        },
        "2018-05": {
            "month": "2018-05",
            "price": "23.48",
            "revenue": 132489
        },
        "2018-06": {
            "month": "2018-06",
            "price": "25.40",
            "revenue": 155211
        },
        "2018-07": {
            "month": "2018-07",
            "price": "28.77",
            "revenue": 111067
        },
        "2018-08": {
            "month": "2018-08",
            "price": "25.28",
            "revenue": 122609
        },
        "2018-09": {
            "month": "2018-09",
            "price": "22.84",
            "revenue": 148910
        },
        "2018-10": {
            "month": "2018-10",
            "price": "20.74",
            "revenue": 120788
        },
        "2018-11": {
            "month": "2018-11",
            "price": "20.81",
            "revenue": 127674
        },
        "2018-12": {
            "month": "2018-12",
            "price": "21.12",
            "revenue": 134723
        },
        "2019-01": {
            "month": "2019-01",
            "price": "19.97",
            "revenue": 105967
        },
        "2019-02": {
            "month": "2019-02",
            "price": "20.98",
            "revenue": 100092
        },
        "2019-03": {
            "month": "2019-03",
            "price": "24.73",
            "revenue": 131259
        },
        "2019-04": {
            "month": "2019-04",
            "price": "24.52",
            "revenue": 110333
        },
        "2019-05": {
            "month": "2019-05",
            "price": "23.08",
            "revenue": 133047
        },
        "2019-06": {
            "month": "2019-06",
            "price": "23.01",
            "revenue": 161129
        },
        "2019-07": {
            "month": "2019-07",
            "price": "23.93",
            "revenue": 111213
        },
        "2019-08": {
            "month": "2019-08",
            "price": "23.60",
            "revenue": 124120
        },
        "2019-09": {
            "month": "2019-09",
            "price": "23.53",
            "revenue": 157930
        },
        "2019-10": {
            "month": "2019-10",
            "price": "23.22",
            "revenue": 116192
        },
        "2019-11": {
            "month": "2019-11",
            "price": "22.64",
            "revenue": 129251
        },
        "2019-12": {
            "month": "2019-12",
            "price": "22.32",
            "revenue": 188922
        },
        "2020-01": {
            "month": "2020-01",
            "price": "23.57",
            "revenue": 92313
        },
        "2020-02": {
            "month": "2020-02",
            "price": "22.09",
            "revenue": 82733
        },
        "2020-03": {
            "month": "2020-03",
            "price": "19.81",
            "revenue": 107642
        },
        "2020-04": {
            "month": "2020-04",
            "price": "19.40",
            "revenue": 133039
        },
        "2020-05": {
            "month": "2020-05",
            "price": "19.76",
            "revenue": 146826
        },
        "2020-06": {
            "month": "2020-06",
            "price": "21.70",
            "revenue": 160300
        },
        "2020-07": {
            "month": "2020-07",
            "price": "23.47",
            "revenue": 113541
        },
        "2020-08": {
            "month": "2020-08",
            "price": "23.50",
            "revenue": 126239
        },
        "2020-09": {
            "month": "2020-09",
            "price": "26.10",
            "revenue": 144529
        },
        "2020-10": {
            "month": "2020-10",
            "price": "23.83",
            "revenue": 117145
        },
        "2020-11": {
            "month": "2020-11",
            "price": "24.21",
            "revenue": 128205
        },
        "2020-12": {
            "month": "2020-12",
            "price": "24.93",
            "revenue": 158311
        },
        "2021-01": {
            "month": "2021-01",
            "price": "25.07",
            "revenue": 94531
        },
        "2021-02": {
            "month": "2021-02",
            "price": "24.24",
            "revenue": 82307
        },
        "2021-03": {
            "month": "2021-03",
            "price": "24.95",
            "revenue": 121462
        },
        "2021-04": {
            "month": "2021-04",
            "price": "27.24",
            "revenue": 134937
        },
        "2021-05": {
            "month": "2021-05",
            "price": "26.94",
            "revenue": 132259
        },
        "2021-06": {
            "month": "2021-06",
            "price": "26.39",
            "revenue": 135236
        },
        "2021-07": {
            "month": "2021-07",
            "price": "24.78",
            "revenue": 114748
        },
        "2021-08": {
            "month": "2021-08",
            "price": "23.28",
            "revenue": 125747
        },
        "2021-09": {
            "month": "2021-09",
            "price": "22.87",
            "revenue": 130322
        },
        "2021-10": {
            "month": "2021-10",
            "price": "22.13",
            "revenue": 122224
        },
        "2021-11": {
            "month": "2021-11",
            "price": "22.44",
            "revenue": 154920
        },
        "2021-12": {
            "month": "2021-12",
            "price": "21.67",
            "revenue": 162887
        },
        "2022-01": {
            "month": "2022-01",
            "price": "22.28",
            "revenue": 113992
        },
        "2022-02": {
            "month": "2022-02",
            "price": "22.68",
            "revenue": 93214
        },
        "2022-03": {
            "month": "2022-03",
            "price": "25.45",
            "revenue": 120543
        },
        "2022-04": {
            "month": "2022-04",
            "price": "23.47",
            "revenue": 135691
        },
        "2022-05": {
            "month": "2022-05",
            "price": "23.53",
            "revenue": 136665
        },
        "2022-06": {
            "month": "2022-06",
            "price": "24.17",
            "revenue": 153467
        },
        "2022-07": {
            "month": "2022-07",
            "price": "27.73",
            "revenue": 126783
        },
        "2022-08": {
            "month": "2022-08",
            "price": "27.92",
            "revenue": 135184
        },
        "2022-09": {
            "month": "2022-09",
            "price": "26.00",
            "revenue": 190514
        },
        "2022-10": {
            "month": "2022-10",
            "price": "25.11",
            "revenue": 176021
        },
        "2022-11": {
            "month": "2022-11",
            "price": "25.43",
            "revenue": 201490
        },
        "2022-12": {
            "month": "2022-12",
            "price": "27.49",
            "revenue": 209987
        },
        "2023-01": {
            "month": "2023-01",
            "price": "28.90",
            "revenue": 114914
        },
        "2023-02": {
            "month": "2023-02",
            "price": "35.74",
            "revenue": 121314
        },
        "2023-03": {
            "month": "2023-03",
            "price": "46.82",
            "revenue": 147469
        },
        "2023-04": {
            "month": "2023-04",
            "price": "52.01",
            "revenue": 136752
        },
        "2023-05": {
            "month": "2023-05",
            "price": "50.86",
            "revenue": 143521
        },
        "2023-06": {
            "month": "2023-06",
            "price": "56.50",
            "revenue": 156646
        },
        "2023-07": {
            "month": "2023-07",
            "price": "54.53",
            "revenue": 127103
        },
        "2023-08": {
            "month": "2023-08",
            "price": "49.11",
            "revenue": 125538
        },
        "2023-09": {
            "month": "2023-09",
            "price": "47.96",
            "revenue": 134319
        },
        "2023-10": {
            "month": "2023-10",
            "price": "47.44",
            "revenue": 154450
        },
        "2023-11": {
            "month": "2023-11",
            "price": "49.19",
            "revenue": 166652
        },
        "2023-12": {
            "month": "2023-12",
            "price": "49.84",
            "revenue": 141184
        }
    }
}
