{
    "summary": {
        "stock_name": "智易",
        "stock_id": "3596",
        "category": "通信網路",
        "main_business": "無線區域網路產品<br>整合性數位家庭及行動辦公室之多媒體閘道器<br>無線影音產品",
        "website_url": "http://www.arcadyan.com",
        "ceo": "曾釗鵬",
        "pe_ratio": 12,
        "report_year_from": 2007,
        "report_year_to": 2023,
        "age": 16,
        "eps_negative_percentage": 0,
        "eps_growth_avg": {
            "last_all": 13.96,
            "last_2y": 10.88,
            "last_4y": 24.75,
            "last_8y": 16.02,
            "last_12y": 10.45,
            "last_16y": null,
            "last_20y": null,
            "at_2006_last_3y": null,
            "at_2007_last_3y": null,
            "at_2008_last_3y": null,
            "at_2009_last_3y": null,
            "at_2010_last_3y": null,
            "at_2011_last_3y": 11.1,
            "at_2012_last_3y": -24.01,
            "at_2013_last_3y": -2.07,
            "at_2014_last_3y": 2.16,
            "at_2015_last_3y": -0.86,
            "at_2016_last_3y": 34.26,
            "at_2017_last_3y": 5.11,
            "at_2018_last_3y": 14.94,
            "at_2019_last_3y": 33.95,
            "at_2020_last_3y": 14.57,
            "at_2021_last_3y": 29.07,
            "at_2022_last_3y": 20.19,
            "at_2023_last_3y": 20.19,
            "at_2006_last_all": null,
            "at_2007_last_all": null,
            "at_2008_last_all": null,
            "at_2009_last_all": 36.74,
            "at_2010_last_all": 20.08,
            "at_2011_last_all": 11.1,
            "at_2012_last_all": 0.79,
            "at_2013_last_all": 10.87,
            "at_2014_last_all": 9.84,
            "at_2015_last_all": 5.12,
            "at_2016_last_all": 15.67,
            "at_2017_last_all": 8.56,
            "at_2018_last_all": 11.69,
            "at_2019_last_all": 14.73,
            "at_2020_last_all": 15.33,
            "at_2021_last_all": 14.42,
            "at_2022_last_all": 13.96,
            "at_2023_last_all": 13.96
        },
        "latest_eps": 9.62,
        "latest_price": 112.5,
        "latest_roe": 16.17,
        "latest_gross_margin": 14.21,
        "latest_equity": 12998531,
        "latest_revenue": 11021138,
        "latest_gross_profit": 1566372,
        "latest_net_income": 496039,
        "latest_debt_ratio": 66.14,
        "latest_current_ratio": 126.29,
        "latest_account_receivable_turnover_ratio": 1.16,
        "latest_inventory_turnover_ratio": 0.63,
        "latest_reinvestment_rate": 44.87,
        "latest_research_to_sale_ratio": 5.24
    },
    "eps_dividends": {
        "2001": {
            "cash": 0,
            "stock": 0,
            "eps": 0
        },
        "2002": {
            "cash": 0,
            "stock": 0,
            "eps": 0
        },
        "2003": {
            "cash": 0,
            "stock": 0,
            "eps": 0
        },
        "2004": {
            "cash": 0,
            "stock": 0,
            "eps": 0
        },
        "2005": {
            "cash": 0,
            "stock": 0,
            "eps": 0
        },
        "2006": {
            "cash": 0,
            "stock": 0,
            "eps": 0
        },
        "2007": {
            "cash": 0,
            "stock": 0,
            "eps": 2.74
        },
        "2008": {
            "cash": 2,
            "stock": 0,
            "eps": 7.92
        },
        "2009": {
            "cash": 3,
            "stock": 0,
            "eps": 5.82
        },
        "2010": {
            "cash": 2,
            "stock": 0,
            "eps": 5.05
        },
        "2011": {
            "cash": 3,
            "stock": 1,
            "eps": 4.25
        },
        "2012": {
            "cash": 0,
            "stock": 0,
            "eps": 2.53
        },
        "2013": {
            "cash": 1,
            "stock": 0,
            "eps": 4.08
        },
        "2014": {
            "cash": 2,
            "stock": 0,
            "eps": 4.23
        },
        "2015": {
            "cash": 2,
            "stock": 0,
            "eps": 3.05
        },
        "2016": {
            "cash": 2,
            "stock": 0,
            "eps": 7.19
        },
        "2017": {
            "cash": 4,
            "stock": 0,
            "eps": 3.21
        },
        "2018": {
            "cash": 2,
            "stock": 0,
            "eps": 4.59
        },
        "2019": {
            "cash": 4,
            "stock": 0,
            "eps": 6.8
        },
        "2020": {
            "cash": 5,
            "stock": 0,
            "eps": 8.33
        },
        "2021": {
            "cash": 7,
            "stock": 0,
            "eps": 8.55
        },
        "2022": {
            "cash": 7,
            "stock": 0,
            "eps": 9.19
        },
        "2023": {
            "cash": 7,
            "stock": 0,
            "eps": 2.25
        }
    },
    "dividends": {
        "2008-04-25": {
            "cash": 2.48,
            "stock": 0.4
        },
        "2009-04-27": {
            "cash": 3.14,
            "stock": 0.1
        },
        "2010-04-29": {
            "cash": 2.3,
            "stock": 0.2
        },
        "2011-01-01": {
            "cash": 1.5,
            "stock": 0
        },
        "2011-04-26": {
            "cash": 1.1,
            "stock": 1.1
        },
        "2013-05-08": {
            "cash": 1,
            "stock": 0
        },
        "2014-06-20": {
            "cash": 2.1,
            "stock": 0
        },
        "2015-08-28": {
            "cash": 2.2,
            "stock": 0
        },
        "2016-08-19": {
            "cash": 1.6,
            "stock": 0
        },
        "2017-08-04": {
            "cash": 3.9,
            "stock": 0
        },
        "2018-08-10": {
            "cash": 2,
            "stock": 0
        },
        "2019-08-30": {
            "cash": 3.5,
            "stock": 0
        },
        "2020-08-14": {
            "cash": 4.7,
            "stock": 0
        },
        "2021-05-14": {
            "cash": 6.5,
            "stock": 0
        },
        "2022-07-29": {
            "cash": 6.8,
            "stock": 0
        },
        "2023-03-14": {
            "cash": 6.5,
            "stock": 0
        }
    },
    "prices": {
        "200101": "無",
        "200102": "無",
        "200103": "無",
        "200104": "無",
        "200105": "無",
        "200106": "無",
        "200107": "無",
        "200108": "無",
        "200109": "無",
        "200110": "無",
        "200111": "無",
        "200112": "無",
        "200201": "無",
        "200202": "無",
        "200203": "無",
        "200204": "無",
        "200205": "無",
        "200206": "無",
        "200207": "無",
        "200208": "無",
        "200209": "無",
        "200210": "無",
        "200211": "無",
        "200212": "無",
        "200301": "無",
        "200302": "無",
        "200303": "無",
        "200304": "無",
        "200305": "無",
        "200306": "無",
        "200307": "無",
        "200308": "無",
        "200309": "無",
        "200310": "無",
        "200311": "無",
        "200312": "無",
        "200401": "無",
        "200402": "無",
        "200403": "無",
        "200404": "無",
        "200405": "無",
        "200406": "無",
        "200407": "無",
        "200408": "無",
        "200409": "無",
        "200410": "無",
        "200411": "無",
        "200412": "無",
        "200501": "無",
        "200502": "無",
        "200503": "無",
        "200504": "無",
        "200505": "無",
        "200506": "無",
        "200507": "無",
        "200508": "無",
        "200509": "無",
        "200510": "無",
        "200511": "無",
        "200512": "無",
        "200601": "無",
        "200602": "無",
        "200603": "無",
        "200604": "無",
        "200605": "無",
        "200606": "無",
        "200607": "無",
        "200608": "無",
        "200609": "無",
        "200610": "無",
        "200611": "無",
        "200612": "無",
        "200701": "無",
        "200702": "無",
        "200703": "無",
        "200704": "無",
        "200705": "無",
        "200706": "無",
        "200707": "無",
        "200708": "無",
        "200709": "無",
        "200710": "104.33",
        "200711": "80.13",
        "200712": "70.07",
        "200801": "65.09",
        "200802": "63.13",
        "200803": "61.85",
        "200804": "76.41",
        "200805": "100.76",
        "200806": "90.56",
        "200807": "83.92",
        "200808": "90.72",
        "200809": "81.07",
        "200810": "56.96",
        "200811": "44.09",
        "200812": "37.32",
        "200901": "44.23",
        "200902": "49.20",
        "200903": "70.96",
        "200904": "67.33",
        "200905": "74.11",
        "200906": "70.40",
        "200907": "72.56",
        "200908": "72.90",
        "200909": "76.13",
        "200910": "78.65",
        "200911": "76.78",
        "200912": "85.78",
        "201001": "82.91",
        "201002": "78.29",
        "201003": "82.19",
        "201004": "90.96",
        "201005": "78.40",
        "201006": "65.21",
        "201007": "64.08",
        "201008": "61.73",
        "201009": "65.25",
        "201010": "66.70",
        "201011": "63.40",
        "201012": "63.69",
        "201101": "61.11",
        "201102": "56.83",
        "201103": "51.70",
        "201104": "50.57",
        "201105": "45.92",
        "201106": "47.08",
        "201107": "43.48",
        "201108": "31.48",
        "201109": "32.71",
        "201110": "36.26",
        "201111": "36.06",
        "201112": "32.37",
        "201201": "33.66",
        "201202": "43.63",
        "201203": "44.60",
        "201204": "37.90",
        "201205": "36.29",
        "201206": "32.56",
        "201207": "32.46",
        "201208": "32.67",
        "201209": "32.68",
        "201210": "28.18",
        "201211": "24.70",
        "201212": "27.60",
        "201301": "34.65",
        "201302": "38.80",
        "201303": "40.16",
        "201304": "41.54",
        "201305": "43.49",
        "201306": "41.40",
        "201307": "40.51",
        "201308": "40.30",
        "201309": "41.47",
        "201310": "40.12",
        "201311": "41.45",
        "201312": "43.15",
        "201401": "50.32",
        "201402": "52.47",
        "201403": "53.24",
        "201404": "51.44",
        "201405": "47.02",
        "201406": "46.83",
        "201407": "46.63",
        "201408": "44.47",
        "201409": "41.87",
        "201410": "38.55",
        "201411": "38.46",
        "201412": "42.37",
        "201501": "43.84",
        "201502": "42.88",
        "201503": "44.09",
        "201504": "43.09",
        "201505": "35.38",
        "201506": "29.59",
        "201507": "28.79",
        "201508": "22.15",
        "201509": "24.30",
        "201510": "29.50",
        "201511": "31.38",
        "201512": "32.39",
        "201601": "38.97",
        "201602": "46.55",
        "201603": "48.11",
        "201604": "46.04",
        "201605": "49.41",
        "201606": "56.09",
        "201607": "56.62",
        "201608": "67.36",
        "201609": "66.48",
        "201610": "59.22",
        "201611": "56.94",
        "201612": "56.63",
        "201701": "60.09",
        "201702": "62.68",
        "201703": "60.19",
        "201704": "52.43",
        "201705": "48.76",
        "201706": "51.39",
        "201707": "48.14",
        "201708": "49.24",
        "201709": "51.10",
        "201710": "48.48",
        "201711": "49.07",
        "201712": "50.22",
        "201801": "51.55",
        "201802": "49.30",
        "201803": "53.13",
        "201804": "55.39",
        "201805": "59.96",
        "201806": "70.76",
        "201807": "73.70",
        "201808": "64.70",
        "201809": "56.79",
        "201810": "49.03",
        "201811": "58.30",
        "201812": "72.97",
        "201901": "81.33",
        "201902": "93.70",
        "201903": "89.90",
        "201904": "92.34",
        "201905": "84.30",
        "201906": "87.31",
        "201907": "99.55",
        "201908": "101.88",
        "201909": "98.16",
        "201910": "92.70",
        "201911": "92.00",
        "201912": "92.97",
        "202001": "88.10",
        "202002": "80.73",
        "202003": "69.43",
        "202004": "75.02",
        "202005": "84.03",
        "202006": "83.08",
        "202007": "80.73",
        "202008": "84.34",
        "202009": "87.49",
        "202010": "95.54",
        "202011": "99.05",
        "202012": "95.50",
        "202101": "94.21",
        "202102": "95.18",
        "202103": "102.63",
        "202104": "117.11",
        "202105": "95.30",
        "202106": "99.31",
        "202107": "103.79",
        "202108": "91.50",
        "202109": "90.82",
        "202110": "95.50",
        "202111": "111.52",
        "202112": "119.23",
        "202201": "124.17",
        "202202": "123.93",
        "202203": "115.02",
        "202204": "123.97",
        "202205": "117.81",
        "202206": "123.64",
        "202207": "114.43",
        "202208": "118.91",
        "202209": "108.88",
        "202210": "95.07",
        "202211": "96.99",
        "202212": "101.30",
        "202301": "99.17",
        "202302": "104.64",
        "202303": "106.33",
        "202304": "103.81",
        "202305": "108.64"
    },
    "quarters": {
        "20011": {
            "year_quarter": 20011,
            "year": 2001,
            "quarter": 1,
            "eps": null,
            "eps_growth_year": null,
            "eps_4q": null,
            "eps_4q_growth_year": null,
            "roe": null,
            "gross_profit": null,
            "gross_margin": null,
            "net_income": null,
            "revenue": null,
            "common_shares": null,
            "equity": null,
            "current_ratio": null,
            "debt_ratio": null,
            "inventory_turnover_ratio": null,
            "account_receivable_turnover_ratio": null,
            "reinvestment_rate": null,
            "research_to_sale_ratio": null,
            "price_fair": 0,
            "eps_avg_yearly": 0,
            "eps_latest_yearly": 0,
            "eps_growth_yearly": 0
        },
        "20012": {
            "year_quarter": 20012,
            "year": 2001,
            "quarter": 2,
            "eps": null,
            "eps_growth_year": null,
            "eps_4q": null,
            "eps_4q_growth_year": null,
            "roe": null,
            "gross_profit": null,
            "gross_margin": null,
            "net_income": null,
            "revenue": null,
            "common_shares": null,
            "equity": null,
            "current_ratio": null,
            "debt_ratio": null,
            "inventory_turnover_ratio": null,
            "account_receivable_turnover_ratio": null,
            "reinvestment_rate": null,
            "research_to_sale_ratio": null,
            "price_fair": 0,
            "eps_avg_yearly": 0,
            "eps_latest_yearly": 0,
            "eps_growth_yearly": 0
        },
        "20013": {
            "year_quarter": 20013,
            "year": 2001,
            "quarter": 3,
            "eps": null,
            "eps_growth_year": null,
            "eps_4q": null,
            "eps_4q_growth_year": null,
            "roe": null,
            "gross_profit": null,
            "gross_margin": null,
            "net_income": null,
            "revenue": null,
            "common_shares": null,
            "equity": null,
            "current_ratio": null,
            "debt_ratio": null,
            "inventory_turnover_ratio": null,
            "account_receivable_turnover_ratio": null,
            "reinvestment_rate": null,
            "research_to_sale_ratio": null,
            "price_fair": 0,
            "eps_avg_yearly": 0,
            "eps_latest_yearly": 0,
            "eps_growth_yearly": 0
        },
        "20014": {
            "year_quarter": 20014,
            "year": 2001,
            "quarter": 4,
            "eps": null,
            "eps_growth_year": null,
            "eps_4q": null,
            "eps_4q_growth_year": null,
            "roe": null,
            "gross_profit": null,
            "gross_margin": null,
            "net_income": null,
            "revenue": null,
            "common_shares": null,
            "equity": null,
            "current_ratio": null,
            "debt_ratio": null,
            "inventory_turnover_ratio": null,
            "account_receivable_turnover_ratio": null,
            "reinvestment_rate": null,
            "research_to_sale_ratio": null,
            "price_fair": 0,
            "eps_avg_yearly": 0,
            "eps_latest_yearly": 0,
            "eps_growth_yearly": 0
        },
        "20021": {
            "year_quarter": 20021,
            "year": 2002,
            "quarter": 1,
            "eps": null,
            "eps_growth_year": null,
            "eps_4q": null,
            "eps_4q_growth_year": null,
            "roe": null,
            "gross_profit": null,
            "gross_margin": null,
            "net_income": null,
            "revenue": null,
            "common_shares": null,
            "equity": null,
            "current_ratio": null,
            "debt_ratio": null,
            "inventory_turnover_ratio": null,
            "account_receivable_turnover_ratio": null,
            "reinvestment_rate": null,
            "research_to_sale_ratio": null,
            "price_fair": 0,
            "eps_avg_yearly": 0,
            "eps_latest_yearly": 0,
            "eps_growth_yearly": 0
        },
        "20022": {
            "year_quarter": 20022,
            "year": 2002,
            "quarter": 2,
            "eps": null,
            "eps_growth_year": null,
            "eps_4q": null,
            "eps_4q_growth_year": null,
            "roe": null,
            "gross_profit": null,
            "gross_margin": null,
            "net_income": null,
            "revenue": null,
            "common_shares": null,
            "equity": null,
            "current_ratio": null,
            "debt_ratio": null,
            "inventory_turnover_ratio": null,
            "account_receivable_turnover_ratio": null,
            "reinvestment_rate": null,
            "research_to_sale_ratio": null,
            "price_fair": 0,
            "eps_avg_yearly": 0,
            "eps_latest_yearly": 0,
            "eps_growth_yearly": 0
        },
        "20023": {
            "year_quarter": 20023,
            "year": 2002,
            "quarter": 3,
            "eps": null,
            "eps_growth_year": null,
            "eps_4q": null,
            "eps_4q_growth_year": null,
            "roe": null,
            "gross_profit": null,
            "gross_margin": null,
            "net_income": null,
            "revenue": null,
            "common_shares": null,
            "equity": null,
            "current_ratio": null,
            "debt_ratio": null,
            "inventory_turnover_ratio": null,
            "account_receivable_turnover_ratio": null,
            "reinvestment_rate": null,
            "research_to_sale_ratio": null,
            "price_fair": 0,
            "eps_avg_yearly": 0,
            "eps_latest_yearly": 0,
            "eps_growth_yearly": 0
        },
        "20024": {
            "year_quarter": 20024,
            "year": 2002,
            "quarter": 4,
            "eps": null,
            "eps_growth_year": null,
            "eps_4q": null,
            "eps_4q_growth_year": null,
            "roe": null,
            "gross_profit": null,
            "gross_margin": null,
            "net_income": null,
            "revenue": null,
            "common_shares": null,
            "equity": null,
            "current_ratio": null,
            "debt_ratio": null,
            "inventory_turnover_ratio": null,
            "account_receivable_turnover_ratio": null,
            "reinvestment_rate": null,
            "research_to_sale_ratio": null,
            "price_fair": 0,
            "eps_avg_yearly": 0,
            "eps_latest_yearly": 0,
            "eps_growth_yearly": 0
        },
        "20031": {
            "year_quarter": 20031,
            "year": 2003,
            "quarter": 1,
            "eps": null,
            "eps_growth_year": null,
            "eps_4q": null,
            "eps_4q_growth_year": null,
            "roe": null,
            "gross_profit": null,
            "gross_margin": null,
            "net_income": null,
            "revenue": null,
            "common_shares": null,
            "equity": null,
            "current_ratio": null,
            "debt_ratio": null,
            "inventory_turnover_ratio": null,
            "account_receivable_turnover_ratio": null,
            "reinvestment_rate": null,
            "research_to_sale_ratio": null,
            "price_fair": 0,
            "eps_avg_yearly": 0,
            "eps_latest_yearly": 0,
            "eps_growth_yearly": 0
        },
        "20032": {
            "year_quarter": 20032,
            "year": 2003,
            "quarter": 2,
            "eps": null,
            "eps_growth_year": null,
            "eps_4q": null,
            "eps_4q_growth_year": null,
            "roe": null,
            "gross_profit": null,
            "gross_margin": null,
            "net_income": null,
            "revenue": null,
            "common_shares": null,
            "equity": null,
            "current_ratio": null,
            "debt_ratio": null,
            "inventory_turnover_ratio": null,
            "account_receivable_turnover_ratio": null,
            "reinvestment_rate": null,
            "research_to_sale_ratio": null,
            "price_fair": 0,
            "eps_avg_yearly": 0,
            "eps_latest_yearly": 0,
            "eps_growth_yearly": 0
        },
        "20033": {
            "year_quarter": 20033,
            "year": 2003,
            "quarter": 3,
            "eps": null,
            "eps_growth_year": null,
            "eps_4q": null,
            "eps_4q_growth_year": null,
            "roe": null,
            "gross_profit": null,
            "gross_margin": null,
            "net_income": null,
            "revenue": null,
            "common_shares": null,
            "equity": null,
            "current_ratio": null,
            "debt_ratio": null,
            "inventory_turnover_ratio": null,
            "account_receivable_turnover_ratio": null,
            "reinvestment_rate": null,
            "research_to_sale_ratio": null,
            "price_fair": 0,
            "eps_avg_yearly": 0,
            "eps_latest_yearly": 0,
            "eps_growth_yearly": 0
        },
        "20034": {
            "year_quarter": 20034,
            "year": 2003,
            "quarter": 4,
            "eps": null,
            "eps_growth_year": null,
            "eps_4q": null,
            "eps_4q_growth_year": null,
            "roe": null,
            "gross_profit": null,
            "gross_margin": null,
            "net_income": null,
            "revenue": null,
            "common_shares": 502834,
            "equity": 447814,
            "current_ratio": 126.7,
            "debt_ratio": 70.46,
            "inventory_turnover_ratio": null,
            "account_receivable_turnover_ratio": null,
            "reinvestment_rate": null,
            "research_to_sale_ratio": null,
            "price_fair": 0,
            "eps_avg_yearly": 0,
            "eps_latest_yearly": 0,
            "eps_growth_yearly": 0
        },
        "20041": {
            "year_quarter": 20041,
            "year": 2004,
            "quarter": 1,
            "eps": null,
            "eps_growth_year": null,
            "eps_4q": null,
            "eps_4q_growth_year": null,
            "roe": null,
            "gross_profit": null,
            "gross_margin": null,
            "net_income": null,
            "revenue": null,
            "common_shares": null,
            "equity": null,
            "current_ratio": null,
            "debt_ratio": null,
            "inventory_turnover_ratio": null,
            "account_receivable_turnover_ratio": null,
            "reinvestment_rate": null,
            "research_to_sale_ratio": null,
            "price_fair": 0,
            "eps_avg_yearly": 0,
            "eps_latest_yearly": 0,
            "eps_growth_yearly": 0
        },
        "20042": {
            "year_quarter": 20042,
            "year": 2004,
            "quarter": 2,
            "eps": null,
            "eps_growth_year": null,
            "eps_4q": null,
            "eps_4q_growth_year": null,
            "roe": null,
            "gross_profit": null,
            "gross_margin": null,
            "net_income": null,
            "revenue": null,
            "common_shares": null,
            "equity": null,
            "current_ratio": null,
            "debt_ratio": null,
            "inventory_turnover_ratio": null,
            "account_receivable_turnover_ratio": null,
            "reinvestment_rate": null,
            "research_to_sale_ratio": null,
            "price_fair": 0,
            "eps_avg_yearly": 0,
            "eps_latest_yearly": 0,
            "eps_growth_yearly": 0
        },
        "20043": {
            "year_quarter": 20043,
            "year": 2004,
            "quarter": 3,
            "eps": null,
            "eps_growth_year": null,
            "eps_4q": null,
            "eps_4q_growth_year": null,
            "roe": null,
            "gross_profit": null,
            "gross_margin": null,
            "net_income": null,
            "revenue": null,
            "common_shares": null,
            "equity": null,
            "current_ratio": null,
            "debt_ratio": null,
            "inventory_turnover_ratio": null,
            "account_receivable_turnover_ratio": null,
            "reinvestment_rate": null,
            "research_to_sale_ratio": null,
            "price_fair": 0,
            "eps_avg_yearly": 0,
            "eps_latest_yearly": 0,
            "eps_growth_yearly": 0
        },
        "20044": {
            "year_quarter": 20044,
            "year": 2004,
            "quarter": 4,
            "eps": null,
            "eps_growth_year": null,
            "eps_4q": null,
            "eps_4q_growth_year": null,
            "roe": null,
            "gross_profit": null,
            "gross_margin": null,
            "net_income": null,
            "revenue": null,
            "common_shares": 502834,
            "equity": 301249,
            "current_ratio": 110.84,
            "debt_ratio": 81.5,
            "inventory_turnover_ratio": null,
            "account_receivable_turnover_ratio": null,
            "reinvestment_rate": null,
            "research_to_sale_ratio": null,
            "price_fair": 0,
            "eps_avg_yearly": 0,
            "eps_latest_yearly": 0,
            "eps_growth_yearly": 0
        },
        "20051": {
            "year_quarter": 20051,
            "year": 2005,
            "quarter": 1,
            "eps": null,
            "eps_growth_year": null,
            "eps_4q": null,
            "eps_4q_growth_year": null,
            "roe": null,
            "gross_profit": null,
            "gross_margin": null,
            "net_income": null,
            "revenue": null,
            "common_shares": null,
            "equity": null,
            "current_ratio": null,
            "debt_ratio": null,
            "inventory_turnover_ratio": null,
            "account_receivable_turnover_ratio": null,
            "reinvestment_rate": null,
            "research_to_sale_ratio": null,
            "price_fair": 0,
            "eps_avg_yearly": 0,
            "eps_latest_yearly": 0,
            "eps_growth_yearly": 0
        },
        "20052": {
            "year_quarter": 20052,
            "year": 2005,
            "quarter": 2,
            "eps": null,
            "eps_growth_year": null,
            "eps_4q": null,
            "eps_4q_growth_year": null,
            "roe": null,
            "gross_profit": null,
            "gross_margin": null,
            "net_income": null,
            "revenue": null,
            "common_shares": null,
            "equity": null,
            "current_ratio": null,
            "debt_ratio": null,
            "inventory_turnover_ratio": null,
            "account_receivable_turnover_ratio": null,
            "reinvestment_rate": null,
            "research_to_sale_ratio": null,
            "price_fair": 0,
            "eps_avg_yearly": 0,
            "eps_latest_yearly": 0,
            "eps_growth_yearly": 0
        },
        "20053": {
            "year_quarter": 20053,
            "year": 2005,
            "quarter": 3,
            "eps": null,
            "eps_growth_year": null,
            "eps_4q": null,
            "eps_4q_growth_year": null,
            "roe": null,
            "gross_profit": null,
            "gross_margin": null,
            "net_income": null,
            "revenue": null,
            "common_shares": null,
            "equity": null,
            "current_ratio": null,
            "debt_ratio": null,
            "inventory_turnover_ratio": null,
            "account_receivable_turnover_ratio": null,
            "reinvestment_rate": null,
            "research_to_sale_ratio": null,
            "price_fair": 0,
            "eps_avg_yearly": 0,
            "eps_latest_yearly": 0,
            "eps_growth_yearly": 0
        },
        "20054": {
            "year_quarter": 20054,
            "year": 2005,
            "quarter": 4,
            "eps": null,
            "eps_growth_year": null,
            "eps_4q": null,
            "eps_4q_growth_year": null,
            "roe": null,
            "gross_profit": null,
            "gross_margin": null,
            "net_income": null,
            "revenue": null,
            "common_shares": 303489,
            "equity": 354040,
            "current_ratio": 110.33,
            "debt_ratio": 86.05,
            "inventory_turnover_ratio": null,
            "account_receivable_turnover_ratio": null,
            "reinvestment_rate": null,
            "research_to_sale_ratio": null,
            "price_fair": 0,
            "eps_avg_yearly": 0,
            "eps_latest_yearly": 0,
            "eps_growth_yearly": 0
        },
        "20061": {
            "year_quarter": 20061,
            "year": 2006,
            "quarter": 1,
            "eps": null,
            "eps_growth_year": null,
            "eps_4q": null,
            "eps_4q_growth_year": null,
            "roe": null,
            "gross_profit": null,
            "gross_margin": null,
            "net_income": null,
            "revenue": null,
            "common_shares": null,
            "equity": null,
            "current_ratio": null,
            "debt_ratio": null,
            "inventory_turnover_ratio": null,
            "account_receivable_turnover_ratio": null,
            "reinvestment_rate": null,
            "research_to_sale_ratio": null,
            "price_fair": 0,
            "eps_avg_yearly": 0,
            "eps_latest_yearly": 0,
            "eps_growth_yearly": 0
        },
        "20062": {
            "year_quarter": 20062,
            "year": 2006,
            "quarter": 2,
            "eps": null,
            "eps_growth_year": null,
            "eps_4q": null,
            "eps_4q_growth_year": null,
            "roe": null,
            "gross_profit": null,
            "gross_margin": null,
            "net_income": null,
            "revenue": null,
            "common_shares": null,
            "equity": null,
            "current_ratio": null,
            "debt_ratio": null,
            "inventory_turnover_ratio": null,
            "account_receivable_turnover_ratio": null,
            "reinvestment_rate": null,
            "research_to_sale_ratio": null,
            "price_fair": 0,
            "eps_avg_yearly": 0,
            "eps_latest_yearly": 0,
            "eps_growth_yearly": 0
        },
        "20063": {
            "year_quarter": 20063,
            "year": 2006,
            "quarter": 3,
            "eps": null,
            "eps_growth_year": null,
            "eps_4q": null,
            "eps_4q_growth_year": null,
            "roe": null,
            "gross_profit": null,
            "gross_margin": null,
            "net_income": null,
            "revenue": null,
            "common_shares": null,
            "equity": null,
            "current_ratio": null,
            "debt_ratio": null,
            "inventory_turnover_ratio": null,
            "account_receivable_turnover_ratio": null,
            "reinvestment_rate": null,
            "research_to_sale_ratio": null,
            "price_fair": 0,
            "eps_avg_yearly": 0,
            "eps_latest_yearly": 0,
            "eps_growth_yearly": 0
        },
        "20064": {
            "year_quarter": 20064,
            "year": 2006,
            "quarter": 4,
            "eps": null,
            "eps_growth_year": null,
            "eps_4q": null,
            "eps_4q_growth_year": null,
            "roe": null,
            "gross_profit": null,
            "gross_margin": null,
            "net_income": null,
            "revenue": null,
            "common_shares": 700000,
            "equity": 1717857,
            "current_ratio": 173.34,
            "debt_ratio": 54.15,
            "inventory_turnover_ratio": null,
            "account_receivable_turnover_ratio": null,
            "reinvestment_rate": null,
            "research_to_sale_ratio": null,
            "price_fair": 0,
            "eps_avg_yearly": 0,
            "eps_latest_yearly": 0,
            "eps_growth_yearly": 0
        },
        "20071": {
            "year_quarter": 20071,
            "year": 2007,
            "quarter": 1,
            "eps": null,
            "eps_growth_year": null,
            "eps_4q": null,
            "eps_4q_growth_year": null,
            "roe": null,
            "gross_profit": null,
            "gross_margin": null,
            "net_income": null,
            "revenue": null,
            "common_shares": null,
            "equity": null,
            "current_ratio": null,
            "debt_ratio": null,
            "inventory_turnover_ratio": null,
            "account_receivable_turnover_ratio": null,
            "reinvestment_rate": null,
            "research_to_sale_ratio": null,
            "price_fair": 0,
            "eps_avg_yearly": 0,
            "eps_latest_yearly": 0,
            "eps_growth_yearly": 0
        },
        "20072": {
            "year_quarter": 20072,
            "year": 2007,
            "quarter": 2,
            "eps": null,
            "eps_growth_year": null,
            "eps_4q": null,
            "eps_4q_growth_year": null,
            "roe": null,
            "gross_profit": null,
            "gross_margin": null,
            "net_income": null,
            "revenue": null,
            "common_shares": null,
            "equity": null,
            "current_ratio": null,
            "debt_ratio": null,
            "inventory_turnover_ratio": null,
            "account_receivable_turnover_ratio": null,
            "reinvestment_rate": null,
            "research_to_sale_ratio": null,
            "price_fair": 0,
            "eps_avg_yearly": 0,
            "eps_latest_yearly": 0,
            "eps_growth_yearly": 0
        },
        "20073": {
            "year_quarter": 20073,
            "year": 2007,
            "quarter": 3,
            "eps": 1.29,
            "eps_growth_year": null,
            "eps_4q": null,
            "eps_4q_growth_year": null,
            "roe": 5.29,
            "gross_profit": 343049,
            "gross_margin": 17.25,
            "net_income": 112148,
            "revenue": 1989171,
            "common_shares": 868000,
            "equity": 2120611,
            "current_ratio": 165.73,
            "debt_ratio": 49.52,
            "inventory_turnover_ratio": 1.37,
            "account_receivable_turnover_ratio": null,
            "reinvestment_rate": null,
            "research_to_sale_ratio": null,
            "price_fair": 0,
            "eps_avg_yearly": 0,
            "eps_latest_yearly": 0,
            "eps_growth_yearly": 0
        },
        "20074": {
            "year_quarter": 20074,
            "year": 2007,
            "quarter": 4,
            "eps": 1.45,
            "eps_growth_year": null,
            "eps_4q": null,
            "eps_4q_growth_year": null,
            "roe": 5.56,
            "gross_profit": 497318,
            "gross_margin": 18.92,
            "net_income": 126149,
            "revenue": 2628898,
            "common_shares": 868000,
            "equity": 2413259,
            "current_ratio": 150.97,
            "debt_ratio": 56.42,
            "inventory_turnover_ratio": 1.41,
            "account_receivable_turnover_ratio": null,
            "reinvestment_rate": null,
            "research_to_sale_ratio": null,
            "price_fair": 203,
            "eps_avg_yearly": 5.8,
            "eps_latest_yearly": 5.8,
            "eps_growth_yearly": 49.61
        },
        "20081": {
            "year_quarter": 20081,
            "year": 2008,
            "quarter": 1,
            "eps": 3.08,
            "eps_growth_year": null,
            "eps_4q": null,
            "eps_4q_growth_year": null,
            "roe": 10.73,
            "gross_profit": 646641,
            "gross_margin": 22.05,
            "net_income": 271692,
            "revenue": 2932213,
            "common_shares": 881514,
            "equity": 2652385,
            "current_ratio": 155.73,
            "debt_ratio": 55.64,
            "inventory_turnover_ratio": 1.24,
            "account_receivable_turnover_ratio": null,
            "reinvestment_rate": null,
            "research_to_sale_ratio": null,
            "price_fair": 317.1,
            "eps_avg_yearly": 9.06,
            "eps_latest_yearly": 12.32,
            "eps_growth_yearly": 249.63
        },
        "20082": {
            "year_quarter": 20082,
            "year": 2008,
            "quarter": 2,
            "eps": 2.59,
            "eps_growth_year": null,
            "eps_4q": 8.36,
            "eps_4q_growth_year": null,
            "roe": 8.67,
            "gross_profit": 577774,
            "gross_margin": 19.9,
            "net_income": 228840,
            "revenue": 2904023,
            "common_shares": 885674,
            "equity": 2629425,
            "current_ratio": 155.19,
            "debt_ratio": 56.69,
            "inventory_turnover_ratio": 1.26,
            "account_receivable_turnover_ratio": null,
            "reinvestment_rate": null,
            "research_to_sale_ratio": null,
            "price_fair": 332.27,
            "eps_avg_yearly": 9.49,
            "eps_latest_yearly": 10.36,
            "eps_growth_yearly": 145.21
        },
        "20083": {
            "year_quarter": 20083,
            "year": 2008,
            "quarter": 3,
            "eps": 1.58,
            "eps_growth_year": 22.48,
            "eps_4q": 8.06,
            "eps_4q_growth_year": null,
            "roe": 5.61,
            "gross_profit": 410820,
            "gross_margin": 17.03,
            "net_income": 152687,
            "revenue": 2412835,
            "common_shares": 969511,
            "equity": 2814149,
            "current_ratio": 156.38,
            "debt_ratio": 56.92,
            "inventory_turnover_ratio": 1.08,
            "account_receivable_turnover_ratio": null,
            "reinvestment_rate": null,
            "research_to_sale_ratio": null,
            "price_fair": 304.5,
            "eps_avg_yearly": 8.7,
            "eps_latest_yearly": 6.32,
            "eps_growth_yearly": 69.91
        },
        "20084": {
            "year_quarter": 20084,
            "year": 2008,
            "quarter": 4,
            "eps": 0.67,
            "eps_growth_year": -53.79,
            "eps_4q": 7.44,
            "eps_4q_growth_year": null,
            "roe": 2.26,
            "gross_profit": 272773,
            "gross_margin": 11.85,
            "net_income": 64601,
            "revenue": 2301438,
            "common_shares": 969651,
            "equity": 2898292,
            "current_ratio": 177.16,
            "debt_ratio": 49.81,
            "inventory_turnover_ratio": 1.2,
            "account_receivable_turnover_ratio": 2.26,
            "reinvestment_rate": null,
            "research_to_sale_ratio": null,
            "price_fair": 148.82,
            "eps_avg_yearly": 7.5,
            "eps_latest_yearly": 2.68,
            "eps_growth_yearly": 9.85
        },
        "20091": {
            "year_quarter": 20091,
            "year": 2009,
            "quarter": 1,
            "eps": 1.32,
            "eps_growth_year": -57.14,
            "eps_4q": 5.8,
            "eps_4q_growth_year": null,
            "roe": 4.17,
            "gross_profit": 315075,
            "gross_margin": 17.05,
            "net_income": 131528,
            "revenue": 1848048,
            "common_shares": 1096937,
            "equity": 3409334,
            "current_ratio": 209.38,
            "debt_ratio": 42.74,
            "inventory_turnover_ratio": 0.97,
            "account_receivable_turnover_ratio": 0.96,
            "reinvestment_rate": null,
            "research_to_sale_ratio": null,
            "price_fair": 249.43,
            "eps_avg_yearly": 7.13,
            "eps_latest_yearly": 5.28,
            "eps_growth_yearly": 72.89
        },
        "20092": {
            "year_quarter": 20092,
            "year": 2009,
            "quarter": 2,
            "eps": 1.1,
            "eps_growth_year": -57.53,
            "eps_4q": 4.45,
            "eps_4q_growth_year": -46.8,
            "roe": 3.45,
            "gross_profit": 446469,
            "gross_margin": 17.19,
            "net_income": 114588,
            "revenue": 2597995,
            "common_shares": 1098107,
            "equity": 3237273,
            "current_ratio": 162.24,
            "debt_ratio": 54.49,
            "inventory_turnover_ratio": 1.04,
            "account_receivable_turnover_ratio": 1.16,
            "reinvestment_rate": null,
            "research_to_sale_ratio": null,
            "price_fair": 235.8,
            "eps_avg_yearly": 6.74,
            "eps_latest_yearly": 4.4,
            "eps_growth_yearly": 52.95
        },
        "20093": {
            "year_quarter": 20093,
            "year": 2009,
            "quarter": 3,
            "eps": 1.83,
            "eps_growth_year": 15.82,
            "eps_4q": 4.72,
            "eps_4q_growth_year": -41.44,
            "roe": 5.9,
            "gross_profit": 491139,
            "gross_margin": 14.11,
            "net_income": 196558,
            "revenue": 3481339,
            "common_shares": 1124208,
            "equity": 3424619,
            "current_ratio": 162.27,
            "debt_ratio": 53.93,
            "inventory_turnover_ratio": 1.14,
            "account_receivable_turnover_ratio": 1.23,
            "reinvestment_rate": null,
            "research_to_sale_ratio": null,
            "price_fair": 238.35,
            "eps_avg_yearly": 6.81,
            "eps_latest_yearly": 7.32,
            "eps_growth_yearly": 79.51
        },
        "20094": {
            "year_quarter": 20094,
            "year": 2009,
            "quarter": 4,
            "eps": 1.57,
            "eps_growth_year": 134.33,
            "eps_4q": 5,
            "eps_4q_growth_year": -32.85,
            "roe": 4.45,
            "gross_profit": 568784,
            "gross_margin": 15.8,
            "net_income": 171897,
            "revenue": 3600400,
            "common_shares": 1224208,
            "equity": 4297937,
            "current_ratio": 198.55,
            "debt_ratio": 44.57,
            "inventory_turnover_ratio": 1.1,
            "account_receivable_turnover_ratio": 2.3,
            "reinvestment_rate": null,
            "research_to_sale_ratio": null,
            "price_fair": 236.29,
            "eps_avg_yearly": 6.75,
            "eps_latest_yearly": 6.28,
            "eps_growth_yearly": 64.36
        },
        "20101": {
            "year_quarter": 20101,
            "year": 2010,
            "quarter": 1,
            "eps": 1.15,
            "eps_growth_year": -12.88,
            "eps_4q": 5.07,
            "eps_4q_growth_year": -12.49,
            "roe": 3.29,
            "gross_profit": 515810,
            "gross_margin": 13.07,
            "net_income": 141286,
            "revenue": 3945188,
            "common_shares": 1230314,
            "equity": 4277991,
            "current_ratio": 173.36,
            "debt_ratio": 49.77,
            "inventory_turnover_ratio": 1.2,
            "account_receivable_turnover_ratio": 1.24,
            "reinvestment_rate": null,
            "research_to_sale_ratio": 3.91,
            "price_fair": 228.76,
            "eps_avg_yearly": 6.54,
            "eps_latest_yearly": 4.6,
            "eps_growth_yearly": 47.23
        },
        "20102": {
            "year_quarter": 20102,
            "year": 2010,
            "quarter": 2,
            "eps": 1.42,
            "eps_growth_year": 29.4,
            "eps_4q": 5.48,
            "eps_4q_growth_year": 23.27,
            "roe": 4.23,
            "gross_profit": 547873,
            "gross_margin": 12.92,
            "net_income": 178712,
            "revenue": 4239309,
            "common_shares": 1230628,
            "equity": 4180774,
            "current_ratio": 150.94,
            "debt_ratio": 57.52,
            "inventory_turnover_ratio": 1.13,
            "account_receivable_turnover_ratio": 1.21,
            "reinvestment_rate": null,
            "research_to_sale_ratio": 3.65,
            "price_fair": 226.04,
            "eps_avg_yearly": 6.46,
            "eps_latest_yearly": 5.68,
            "eps_growth_yearly": 51.47
        },
        "20103": {
            "year_quarter": 20103,
            "year": 2010,
            "quarter": 3,
            "eps": 1.29,
            "eps_growth_year": -29.77,
            "eps_4q": 5.2,
            "eps_4q_growth_year": 10.1,
            "roe": 3.8,
            "gross_profit": 532576,
            "gross_margin": 13.16,
            "net_income": 161499,
            "revenue": 4046015,
            "common_shares": 1255500,
            "equity": 4327865,
            "current_ratio": 148.71,
            "debt_ratio": 55.8,
            "inventory_turnover_ratio": 1,
            "account_receivable_turnover_ratio": 1.08,
            "reinvestment_rate": null,
            "research_to_sale_ratio": 3.36,
            "price_fair": 222.25,
            "eps_avg_yearly": 6.35,
            "eps_latest_yearly": 5.16,
            "eps_growth_yearly": 44.13
        },
        "20104": {
            "year_quarter": 20104,
            "year": 2010,
            "quarter": 4,
            "eps": 1.19,
            "eps_growth_year": -24.44,
            "eps_4q": 5.01,
            "eps_4q_growth_year": 0.21,
            "roe": 3.41,
            "gross_profit": 558038,
            "gross_margin": 14.19,
            "net_income": 149414,
            "revenue": 3933729,
            "common_shares": 1256580,
            "equity": 4441501,
            "current_ratio": 165.18,
            "debt_ratio": 48.82,
            "inventory_turnover_ratio": 1.04,
            "account_receivable_turnover_ratio": 1.14,
            "reinvestment_rate": null,
            "research_to_sale_ratio": 3.96,
            "price_fair": 217.97,
            "eps_avg_yearly": 6.23,
            "eps_latest_yearly": 4.76,
            "eps_growth_yearly": 38.35
        },
        "20111": {
            "year_quarter": 20111,
            "year": 2011,
            "quarter": 1,
            "eps": 1.03,
            "eps_growth_year": -10.43,
            "eps_4q": 4.92,
            "eps_4q_growth_year": -3.1,
            "roe": 2.88,
            "gross_profit": 353041,
            "gross_margin": 9.16,
            "net_income": 129808,
            "revenue": 3853505,
            "common_shares": 1259936,
            "equity": 4579579,
            "current_ratio": 165.09,
            "debt_ratio": 49.76,
            "inventory_turnover_ratio": 1.16,
            "account_receivable_turnover_ratio": 1.16,
            "reinvestment_rate": null,
            "research_to_sale_ratio": 4.14,
            "price_fair": 212.7,
            "eps_avg_yearly": 6.08,
            "eps_latest_yearly": 4.12,
            "eps_growth_yearly": 31.77
        },
        "20112": {
            "year_quarter": 20112,
            "year": 2011,
            "quarter": 2,
            "eps": 0.96,
            "eps_growth_year": -32.34,
            "eps_4q": 4.11,
            "eps_4q_growth_year": -25.01,
            "roe": 2.95,
            "gross_profit": 470305,
            "gross_margin": 11.99,
            "net_income": 134792,
            "revenue": 3922656,
            "common_shares": 1260617,
            "equity": 4567560,
            "current_ratio": 167.16,
            "debt_ratio": 49.63,
            "inventory_turnover_ratio": 1.2,
            "account_receivable_turnover_ratio": 1.11,
            "reinvestment_rate": 57.79,
            "research_to_sale_ratio": 4.05,
            "price_fair": 207.48,
            "eps_avg_yearly": 5.93,
            "eps_latest_yearly": 3.84,
            "eps_growth_yearly": 27.84
        },
        "20113": {
            "year_quarter": 20113,
            "year": 2011,
            "quarter": 3,
            "eps": 1.37,
            "eps_growth_year": 6.42,
            "eps_4q": 4.32,
            "eps_4q_growth_year": -16.86,
            "roe": 4.6,
            "gross_profit": 502985,
            "gross_margin": 9.93,
            "net_income": 220398,
            "revenue": 5064910,
            "common_shares": 1399555,
            "equity": 5006138,
            "current_ratio": 145.27,
            "debt_ratio": 60.34,
            "inventory_turnover_ratio": 1.43,
            "account_receivable_turnover_ratio": 1.15,
            "reinvestment_rate": 45.45,
            "research_to_sale_ratio": 4.05,
            "price_fair": 206.5,
            "eps_avg_yearly": 5.9,
            "eps_latest_yearly": 5.48,
            "eps_growth_yearly": 36.78
        },
        "20114": {
            "year_quarter": 20114,
            "year": 2011,
            "quarter": 4,
            "eps": 0.89,
            "eps_growth_year": -24.98,
            "eps_4q": 4.14,
            "eps_4q_growth_year": -17.32,
            "roe": 2.43,
            "gross_profit": 617801,
            "gross_margin": 13.6,
            "net_income": 122833,
            "revenue": 4542708,
            "common_shares": 1400920,
            "equity": 5121291,
            "current_ratio": 163.19,
            "debt_ratio": 53.08,
            "inventory_turnover_ratio": 1.01,
            "account_receivable_turnover_ratio": 0.97,
            "reinvestment_rate": 25.6,
            "research_to_sale_ratio": 4.36,
            "price_fair": 201.12,
            "eps_avg_yearly": 5.76,
            "eps_latest_yearly": 3.56,
            "eps_growth_yearly": 24.92
        },
        "20121": {
            "year_quarter": 20121,
            "year": 2012,
            "quarter": 1,
            "eps": 0.54,
            "eps_growth_year": -47.57,
            "eps_4q": 3.75,
            "eps_4q_growth_year": -23.72,
            "roe": 1.63,
            "gross_profit": 431805,
            "gross_margin": 12.27,
            "net_income": 83962,
            "revenue": 3518593,
            "common_shares": 1404399,
            "equity": 5198545,
            "current_ratio": 188.02,
            "debt_ratio": 45.29,
            "inventory_turnover_ratio": 0.84,
            "account_receivable_turnover_ratio": 0.97,
            "reinvestment_rate": 26.96,
            "research_to_sale_ratio": 5.03,
            "price_fair": 15.38,
            "eps_avg_yearly": 5.13,
            "eps_latest_yearly": 2.16,
            "eps_growth_yearly": -13.02
        },
        "20122": {
            "year_quarter": 20122,
            "year": 2012,
            "quarter": 2,
            "eps": 0.32,
            "eps_growth_year": -67.03,
            "eps_4q": 3.11,
            "eps_4q_growth_year": -24.44,
            "roe": 1.12,
            "gross_profit": 415248,
            "gross_margin": 11.64,
            "net_income": 57652,
            "revenue": 3567038,
            "common_shares": 1404849,
            "equity": 5051520,
            "current_ratio": 181.93,
            "debt_ratio": 46.74,
            "inventory_turnover_ratio": 0.98,
            "account_receivable_turnover_ratio": 1.08,
            "reinvestment_rate": 29.83,
            "research_to_sale_ratio": 5.14,
            "price_fair": 13.67,
            "eps_avg_yearly": 4.56,
            "eps_latest_yearly": 1.28,
            "eps_growth_yearly": -19.23
        },
        "20123": {
            "year_quarter": 20123,
            "year": 2012,
            "quarter": 3,
            "eps": 0.46,
            "eps_growth_year": -66.63,
            "eps_4q": 2.2,
            "eps_4q_growth_year": -49.12,
            "roe": 1.46,
            "gross_profit": 443935,
            "gross_margin": 12.56,
            "net_income": 74081,
            "revenue": 3535475,
            "common_shares": 1405119,
            "equity": 5108404,
            "current_ratio": 182.69,
            "debt_ratio": 46.65,
            "inventory_turnover_ratio": 0.93,
            "account_receivable_turnover_ratio": 0.98,
            "reinvestment_rate": 30.79,
            "research_to_sale_ratio": 5.82,
            "price_fair": 49.02,
            "eps_avg_yearly": 4.28,
            "eps_latest_yearly": 1.84,
            "eps_growth_yearly": 1.46
        },
        "20124": {
            "year_quarter": 20124,
            "year": 2012,
            "quarter": 4,
            "eps": 1.21,
            "eps_growth_year": 36.2,
            "eps_4q": 2.52,
            "eps_4q_growth_year": -39.09,
            "roe": 3.54,
            "gross_profit": 569145,
            "gross_margin": 12.89,
            "net_income": 184758,
            "revenue": 4415850,
            "common_shares": 1405344,
            "equity": 5329146,
            "current_ratio": 182.91,
            "debt_ratio": 47.26,
            "inventory_turnover_ratio": 1.08,
            "account_receivable_turnover_ratio": 1.14,
            "reinvestment_rate": 32.66,
            "research_to_sale_ratio": 4.46,
            "price_fair": 154.44,
            "eps_avg_yearly": 4.41,
            "eps_latest_yearly": 4.84,
            "eps_growth_yearly": 56.62
        },
        "20131": {
            "year_quarter": 20131,
            "year": 2013,
            "quarter": 1,
            "eps": 1.06,
            "eps_growth_year": 96.3,
            "eps_4q": 3.05,
            "eps_4q_growth_year": -18.78,
            "roe": 3.2,
            "gross_profit": 595651,
            "gross_margin": 14.42,
            "net_income": 172421,
            "revenue": 4129621,
            "common_shares": 1407097,
            "equity": 5438700,
            "current_ratio": 174.6,
            "debt_ratio": 50.43,
            "inventory_turnover_ratio": 0.86,
            "account_receivable_turnover_ratio": 1.09,
            "reinvestment_rate": 36.33,
            "research_to_sale_ratio": 5.22,
            "price_fair": 152.16,
            "eps_avg_yearly": 4.35,
            "eps_latest_yearly": 4.24,
            "eps_growth_yearly": 29.27
        },
        "20132": {
            "year_quarter": 20132,
            "year": 2013,
            "quarter": 2,
            "eps": 1.56,
            "eps_growth_year": 391.23,
            "eps_4q": 4.28,
            "eps_4q_growth_year": 37.83,
            "roe": 4.35,
            "gross_profit": 700080,
            "gross_margin": 14.18,
            "net_income": 239179,
            "revenue": 4936492,
            "common_shares": 1408419,
            "equity": 5554882,
            "current_ratio": 191.87,
            "debt_ratio": 48.78,
            "inventory_turnover_ratio": 1.05,
            "account_receivable_turnover_ratio": 1.23,
            "reinvestment_rate": 28.74,
            "research_to_sale_ratio": 4.69,
            "price_fair": 156.19,
            "eps_avg_yearly": 4.46,
            "eps_latest_yearly": 6.24,
            "eps_growth_yearly": 45.23
        },
        "20133": {
            "year_quarter": 20133,
            "year": 2013,
            "quarter": 3,
            "eps": 0.71,
            "eps_growth_year": 55.55,
            "eps_4q": 4.45,
            "eps_4q_growth_year": 102.13,
            "roe": 1.87,
            "gross_profit": 530707,
            "gross_margin": 13.83,
            "net_income": 104646,
            "revenue": 3838259,
            "common_shares": 1436419,
            "equity": 5663610,
            "current_ratio": 224.35,
            "debt_ratio": 42.18,
            "inventory_turnover_ratio": 1,
            "account_receivable_turnover_ratio": 0.99,
            "reinvestment_rate": 31.29,
            "research_to_sale_ratio": 5.68,
            "price_fair": 104.62,
            "eps_avg_yearly": 4.18,
            "eps_latest_yearly": 2.84,
            "eps_growth_yearly": 15.01
        },
        "20134": {
            "year_quarter": 20134,
            "year": 2013,
            "quarter": 4,
            "eps": 0.75,
            "eps_growth_year": -38.11,
            "eps_4q": 3.61,
            "eps_4q_growth_year": 43.06,
            "roe": 2.24,
            "gross_profit": 596938,
            "gross_margin": 14.52,
            "net_income": 136181,
            "revenue": 4110729,
            "common_shares": 1636494,
            "equity": 6493132,
            "current_ratio": 222.46,
            "debt_ratio": 40.37,
            "inventory_turnover_ratio": 1.11,
            "account_receivable_turnover_ratio": 1.11,
            "reinvestment_rate": 33.85,
            "research_to_sale_ratio": 5.45,
            "price_fair": 119.22,
            "eps_avg_yearly": 3.98,
            "eps_latest_yearly": 3,
            "eps_growth_yearly": 19.97
        },
        "20141": {
            "year_quarter": 20141,
            "year": 2014,
            "quarter": 1,
            "eps": 1.06,
            "eps_growth_year": 0,
            "eps_4q": 3.76,
            "eps_4q_growth_year": 23.4,
            "roe": 3.24,
            "gross_profit": 687841,
            "gross_margin": 16.92,
            "net_income": 214601,
            "revenue": 4065932,
            "common_shares": 1639052,
            "equity": 6734830,
            "current_ratio": 222.23,
            "debt_ratio": 40.48,
            "inventory_turnover_ratio": 0.99,
            "account_receivable_turnover_ratio": 1.08,
            "reinvestment_rate": 24.95,
            "research_to_sale_ratio": 5.62,
            "price_fair": 138.43,
            "eps_avg_yearly": 3.96,
            "eps_latest_yearly": 4.24,
            "eps_growth_yearly": 37
        },
        "20142": {
            "year_quarter": 20142,
            "year": 2014,
            "quarter": 2,
            "eps": 0.88,
            "eps_growth_year": -43.59,
            "eps_4q": 3.3,
            "eps_4q_growth_year": -23,
            "roe": 2.52,
            "gross_profit": 702678,
            "gross_margin": 16.52,
            "net_income": 167489,
            "revenue": 4253551,
            "common_shares": 1639052,
            "equity": 6538626,
            "current_ratio": 219.92,
            "debt_ratio": 38.4,
            "inventory_turnover_ratio": 1.11,
            "account_receivable_turnover_ratio": 1.23,
            "reinvestment_rate": 24.08,
            "research_to_sale_ratio": 5.65,
            "price_fair": 133.7,
            "eps_avg_yearly": 3.82,
            "eps_latest_yearly": 3.52,
            "eps_growth_yearly": 26.88
        },
        "20143": {
            "year_quarter": 20143,
            "year": 2014,
            "quarter": 3,
            "eps": 0.99,
            "eps_growth_year": 39.44,
            "eps_4q": 3.67,
            "eps_4q_growth_year": -17.47,
            "roe": 2.76,
            "gross_profit": 614044,
            "gross_margin": 14.83,
            "net_income": 183204,
            "revenue": 4141364,
            "common_shares": 1641656,
            "equity": 6746611,
            "current_ratio": 207.06,
            "debt_ratio": 40.6,
            "inventory_turnover_ratio": 1.17,
            "account_receivable_turnover_ratio": 1.27,
            "reinvestment_rate": 13.5,
            "research_to_sale_ratio": 5.83,
            "price_fair": 131.08,
            "eps_avg_yearly": 3.75,
            "eps_latest_yearly": 3.96,
            "eps_growth_yearly": 32.29
        },
        "20144": {
            "year_quarter": 20144,
            "year": 2014,
            "quarter": 4,
            "eps": 1.3,
            "eps_growth_year": 72.68,
            "eps_4q": 4.22,
            "eps_4q_growth_year": 16.82,
            "roe": 3.18,
            "gross_profit": 733149,
            "gross_margin": 14.76,
            "net_income": 218694,
            "revenue": 4967188,
            "common_shares": 1641828,
            "equity": 7021487,
            "current_ratio": 194.05,
            "debt_ratio": 42.83,
            "inventory_turnover_ratio": 1.31,
            "account_receivable_turnover_ratio": 1.35,
            "reinvestment_rate": 21.81,
            "research_to_sale_ratio": 4.45,
            "price_fair": 132.04,
            "eps_avg_yearly": 3.77,
            "eps_latest_yearly": 5.2,
            "eps_growth_yearly": 42.06
        },
        "20151": {
            "year_quarter": 20151,
            "year": 2015,
            "quarter": 1,
            "eps": 0.16,
            "eps_growth_year": -84.91,
            "eps_4q": 2.89,
            "eps_4q_growth_year": -23.03,
            "roe": 0.09,
            "gross_profit": 521065,
            "gross_margin": 11.42,
            "net_income": 6661,
            "revenue": 4561338,
            "common_shares": 1891828,
            "equity": 7900080,
            "current_ratio": 222.62,
            "debt_ratio": 37.16,
            "inventory_turnover_ratio": 1.14,
            "account_receivable_turnover_ratio": 1.14,
            "reinvestment_rate": 30.82,
            "research_to_sale_ratio": 4.84,
            "price_fair": 119.09,
            "eps_avg_yearly": 3.56,
            "eps_latest_yearly": 0.64,
            "eps_growth_yearly": 23.5
        },
        "20152": {
            "year_quarter": 20152,
            "year": 2015,
            "quarter": 2,
            "eps": 0.29,
            "eps_growth_year": -67.05,
            "eps_4q": 2.42,
            "eps_4q_growth_year": -26.69,
            "roe": 0.33,
            "gross_profit": 439781,
            "gross_margin": 9.22,
            "net_income": 25522,
            "revenue": 4769266,
            "common_shares": 1891828,
            "equity": 7472475,
            "current_ratio": 211.21,
            "debt_ratio": 38.88,
            "inventory_turnover_ratio": 1.23,
            "account_receivable_turnover_ratio": 1.17,
            "reinvestment_rate": 36.28,
            "research_to_sale_ratio": 4.64,
            "price_fair": 118.56,
            "eps_avg_yearly": 3.39,
            "eps_latest_yearly": 1.16,
            "eps_growth_yearly": 45.51
        },
        "20153": {
            "year_quarter": 20153,
            "year": 2015,
            "quarter": 3,
            "eps": 1.42,
            "eps_growth_year": 43.43,
            "eps_4q": 2.98,
            "eps_4q_growth_year": -18.82,
            "roe": 3.83,
            "gross_profit": 599274,
            "gross_margin": 11.85,
            "net_income": 293108,
            "revenue": 5055668,
            "common_shares": 1891438,
            "equity": 7841485,
            "current_ratio": 209.95,
            "debt_ratio": 39.49,
            "inventory_turnover_ratio": 1.31,
            "account_receivable_turnover_ratio": 1.07,
            "reinvestment_rate": 37.64,
            "research_to_sale_ratio": 4.7,
            "price_fair": 119,
            "eps_avg_yearly": 3.4,
            "eps_latest_yearly": 5.68,
            "eps_growth_yearly": 132.25
        },
        "20154": {
            "year_quarter": 20154,
            "year": 2015,
            "quarter": 4,
            "eps": 1.18,
            "eps_growth_year": -8.71,
            "eps_4q": 3.04,
            "eps_4q_growth_year": -27.97,
            "roe": 3.18,
            "gross_profit": 816367,
            "gross_margin": 14.61,
            "net_income": 253899,
            "revenue": 5588729,
            "common_shares": 1891438,
            "equity": 8106993,
            "current_ratio": 212.51,
            "debt_ratio": 38.67,
            "inventory_turnover_ratio": 1.38,
            "account_receivable_turnover_ratio": 1.04,
            "reinvestment_rate": 45.32,
            "research_to_sale_ratio": 4.54,
            "price_fair": 121.54,
            "eps_avg_yearly": 3.47,
            "eps_latest_yearly": 4.72,
            "eps_growth_yearly": 136.78
        },
        "20161": {
            "year_quarter": 20161,
            "year": 2016,
            "quarter": 1,
            "eps": 1.28,
            "eps_growth_year": 700,
            "eps_4q": 4.16,
            "eps_4q_growth_year": 43.82,
            "roe": 2.99,
            "gross_profit": 871977,
            "gross_margin": 15.22,
            "net_income": 245245,
            "revenue": 5730419,
            "common_shares": 1891438,
            "equity": 8312941,
            "current_ratio": 193.53,
            "debt_ratio": 43.29,
            "inventory_turnover_ratio": 1.35,
            "account_receivable_turnover_ratio": 0.94,
            "reinvestment_rate": 44.53,
            "research_to_sale_ratio": 3.89,
            "price_fair": 128.01,
            "eps_avg_yearly": 3.66,
            "eps_latest_yearly": 5.12,
            "eps_growth_yearly": 148.73
        },
        "20162": {
            "year_quarter": 20162,
            "year": 2016,
            "quarter": 2,
            "eps": 2.86,
            "eps_growth_year": 886.21,
            "eps_4q": 6.72,
            "eps_4q_growth_year": 178.08,
            "roe": 6.29,
            "gross_profit": 1196218,
            "gross_margin": 17.47,
            "net_income": 531298,
            "revenue": 6846053,
            "common_shares": 1891438,
            "equity": 8586355,
            "current_ratio": 207.86,
            "debt_ratio": 40.33,
            "inventory_turnover_ratio": 1.59,
            "account_receivable_turnover_ratio": 1.1,
            "reinvestment_rate": 35.31,
            "research_to_sale_ratio": 3.86,
            "price_fair": 150.24,
            "eps_avg_yearly": 4.29,
            "eps_latest_yearly": 11.44,
            "eps_growth_yearly": 189.78
        },
        "20163": {
            "year_quarter": 20163,
            "year": 2016,
            "quarter": 3,
            "eps": 1.79,
            "eps_growth_year": 26.06,
            "eps_4q": 7.1,
            "eps_4q_growth_year": 138.18,
            "roe": 3.86,
            "gross_profit": 958932,
            "gross_margin": 16.35,
            "net_income": 336544,
            "revenue": 5863958,
            "common_shares": 1891190,
            "equity": 8865965,
            "current_ratio": 210.96,
            "debt_ratio": 39.52,
            "inventory_turnover_ratio": 1.48,
            "account_receivable_turnover_ratio": 1.05,
            "reinvestment_rate": 35.8,
            "research_to_sale_ratio": 4.35,
            "price_fair": 161.88,
            "eps_avg_yearly": 4.63,
            "eps_latest_yearly": 7.16,
            "eps_growth_yearly": 169.48
        },
        "20164": {
            "year_quarter": 20164,
            "year": 2016,
            "quarter": 4,
            "eps": 1.26,
            "eps_growth_year": 6.98,
            "eps_4q": 7.18,
            "eps_4q_growth_year": 136.34,
            "roe": 2.89,
            "gross_profit": 838717,
            "gross_margin": 15.33,
            "net_income": 259915,
            "revenue": 5470049,
            "common_shares": 1891190,
            "equity": 9095163,
            "current_ratio": 206.27,
            "debt_ratio": 40.23,
            "inventory_turnover_ratio": 1.27,
            "account_receivable_turnover_ratio": 1.02,
            "reinvestment_rate": 38.58,
            "research_to_sale_ratio": 4.86,
            "price_fair": 162.31,
            "eps_avg_yearly": 4.64,
            "eps_latest_yearly": 5.04,
            "eps_growth_yearly": 121.32
        },
        "20171": {
            "year_quarter": 20171,
            "year": 2017,
            "quarter": 1,
            "eps": 0.26,
            "eps_growth_year": -79.69,
            "eps_4q": 6.16,
            "eps_4q_growth_year": 48.14,
            "roe": 0.6,
            "gross_profit": 683305,
            "gross_margin": 14.37,
            "net_income": 54627,
            "revenue": 4753992,
            "common_shares": 1891190,
            "equity": 9061619,
            "current_ratio": 208.9,
            "debt_ratio": 39.7,
            "inventory_turnover_ratio": 0.99,
            "account_receivable_turnover_ratio": 0.93,
            "reinvestment_rate": 37.34,
            "research_to_sale_ratio": 4.79,
            "price_fair": 155.31,
            "eps_avg_yearly": 4.44,
            "eps_latest_yearly": 1.04,
            "eps_growth_yearly": 104.58
        },
        "20172": {
            "year_quarter": 20172,
            "year": 2017,
            "quarter": 2,
            "eps": 1.21,
            "eps_growth_year": -57.69,
            "eps_4q": 4.52,
            "eps_4q_growth_year": -32.76,
            "roe": 2.59,
            "gross_profit": 731576,
            "gross_margin": 14.98,
            "net_income": 227937,
            "revenue": 4884192,
            "common_shares": 1891190,
            "equity": 8522529,
            "current_ratio": 178.96,
            "debt_ratio": 46.93,
            "inventory_turnover_ratio": 0.92,
            "account_receivable_turnover_ratio": 1.04,
            "reinvestment_rate": 36.24,
            "research_to_sale_ratio": 5.23,
            "price_fair": 152.25,
            "eps_avg_yearly": 4.35,
            "eps_latest_yearly": 4.84,
            "eps_growth_yearly": 184.13
        },
        "20173": {
            "year_quarter": 20173,
            "year": 2017,
            "quarter": 3,
            "eps": 1.04,
            "eps_growth_year": -41.9,
            "eps_4q": 3.77,
            "eps_4q_growth_year": -46.82,
            "roe": 2.46,
            "gross_profit": 663683,
            "gross_margin": 12.99,
            "net_income": 212471,
            "revenue": 5110895,
            "common_shares": 1891190,
            "equity": 8769707,
            "current_ratio": 191.48,
            "debt_ratio": 44.43,
            "inventory_turnover_ratio": 0.93,
            "account_receivable_turnover_ratio": 1.12,
            "reinvestment_rate": 26.51,
            "research_to_sale_ratio": 5.2,
            "price_fair": 155.14,
            "eps_avg_yearly": 4.43,
            "eps_latest_yearly": 4.16,
            "eps_growth_yearly": 194.24
        },
        "20174": {
            "year_quarter": 20174,
            "year": 2017,
            "quarter": 4,
            "eps": 0.7,
            "eps_growth_year": -44.48,
            "eps_4q": 3.21,
            "eps_4q_growth_year": -55.27,
            "roe": 1.76,
            "gross_profit": 723425,
            "gross_margin": 13.49,
            "net_income": 155275,
            "revenue": 5361130,
            "common_shares": 1891190,
            "equity": 8924407,
            "current_ratio": 202,
            "debt_ratio": 42.73,
            "inventory_turnover_ratio": 1.06,
            "account_receivable_turnover_ratio": 1.11,
            "reinvestment_rate": 19.4,
            "research_to_sale_ratio": 5.29,
            "price_fair": 154.7,
            "eps_avg_yearly": 4.42,
            "eps_latest_yearly": 2.8,
            "eps_growth_yearly": 184.66
        },
        "20181": {
            "year_quarter": 20181,
            "year": 2018,
            "quarter": 1,
            "eps": 1.19,
            "eps_growth_year": 357.69,
            "eps_4q": 4.14,
            "eps_4q_growth_year": -32.89,
            "roe": 2.7,
            "gross_profit": 718746,
            "gross_margin": 15.01,
            "net_income": 243843,
            "revenue": 4787896,
            "common_shares": 1891190,
            "equity": 9111180,
            "current_ratio": 180.61,
            "debt_ratio": 48.61,
            "inventory_turnover_ratio": 0.93,
            "account_receivable_turnover_ratio": 0.97,
            "reinvestment_rate": 16.91,
            "research_to_sale_ratio": 5.67,
            "price_fair": 155.84,
            "eps_avg_yearly": 4.45,
            "eps_latest_yearly": 4.76,
            "eps_growth_yearly": 191.83
        },
        "20182": {
            "year_quarter": 20182,
            "year": 2018,
            "quarter": 2,
            "eps": 1.3,
            "eps_growth_year": 7.44,
            "eps_4q": 4.23,
            "eps_4q_growth_year": -6.33,
            "roe": 2.71,
            "gross_profit": 837619,
            "gross_margin": 11.82,
            "net_income": 246257,
            "revenue": 7087470,
            "common_shares": 1891190,
            "equity": 9043561,
            "current_ratio": 161.88,
            "debt_ratio": 54.79,
            "inventory_turnover_ratio": 1.23,
            "account_receivable_turnover_ratio": 1.27,
            "reinvestment_rate": 16.95,
            "research_to_sale_ratio": 4.25,
            "price_fair": 159.51,
            "eps_avg_yearly": 4.56,
            "eps_latest_yearly": 5.2,
            "eps_growth_yearly": 198.38
        },
        "20183": {
            "year_quarter": 20183,
            "year": 2018,
            "quarter": 3,
            "eps": 1.04,
            "eps_growth_year": 0,
            "eps_4q": 4.23,
            "eps_4q_growth_year": 12.06,
            "roe": 1.95,
            "gross_profit": 780680,
            "gross_margin": 11.55,
            "net_income": 178126,
            "revenue": 6756722,
            "common_shares": 1891190,
            "equity": 9220997,
            "current_ratio": 159.89,
            "debt_ratio": 55.38,
            "inventory_turnover_ratio": 1.03,
            "account_receivable_turnover_ratio": 1.05,
            "reinvestment_rate": 15.88,
            "research_to_sale_ratio": 4.4,
            "price_fair": 159.95,
            "eps_avg_yearly": 4.57,
            "eps_latest_yearly": 4.16,
            "eps_growth_yearly": 190.26
        },
        "20184": {
            "year_quarter": 20184,
            "year": 2018,
            "quarter": 4,
            "eps": 1.06,
            "eps_growth_year": 50.47,
            "eps_4q": 4.5,
            "eps_4q_growth_year": 40.18,
            "roe": 2.27,
            "gross_profit": 819155,
            "gross_margin": 10.25,
            "net_income": 211957,
            "revenue": 7989174,
            "common_shares": 1936190,
            "equity": 9473798,
            "current_ratio": 160.4,
            "debt_ratio": 55.42,
            "inventory_turnover_ratio": 1.11,
            "account_receivable_turnover_ratio": 1.31,
            "reinvestment_rate": 8.15,
            "research_to_sale_ratio": 3.97,
            "price_fair": 157.85,
            "eps_avg_yearly": 4.51,
            "eps_latest_yearly": 4.24,
            "eps_growth_yearly": 182.91
        },
        "20191": {
            "year_quarter": 20191,
            "year": 2019,
            "quarter": 1,
            "eps": 1.96,
            "eps_growth_year": 64.71,
            "eps_4q": 5.26,
            "eps_4q_growth_year": 27.2,
            "roe": 4.34,
            "gross_profit": 1156881,
            "gross_margin": 12.84,
            "net_income": 420444,
            "revenue": 9010339,
            "common_shares": 1935770,
            "equity": 9921188,
            "current_ratio": 157.42,
            "debt_ratio": 56.75,
            "inventory_turnover_ratio": 1.22,
            "account_receivable_turnover_ratio": 1.34,
            "reinvestment_rate": 4.74,
            "research_to_sale_ratio": 3.82,
            "price_fair": 173.6,
            "eps_avg_yearly": 4.96,
            "eps_latest_yearly": 7.84,
            "eps_growth_yearly": 226.06
        },
        "20192": {
            "year_quarter": 20192,
            "year": 2019,
            "quarter": 2,
            "eps": 1.77,
            "eps_growth_year": 36.15,
            "eps_4q": 5.72,
            "eps_4q_growth_year": 35.14,
            "roe": 3.44,
            "gross_profit": 1062113,
            "gross_margin": 12.57,
            "net_income": 337115,
            "revenue": 8452795,
            "common_shares": 1935550,
            "equity": 9651873,
            "current_ratio": 153.95,
            "debt_ratio": 61.22,
            "inventory_turnover_ratio": 1.15,
            "account_receivable_turnover_ratio": 1.11,
            "reinvestment_rate": 14.37,
            "research_to_sale_ratio": 3.99,
            "price_fair": 186.55,
            "eps_avg_yearly": 5.33,
            "eps_latest_yearly": 7.08,
            "eps_growth_yearly": 203.33
        },
        "20193": {
            "year_quarter": 20193,
            "year": 2019,
            "quarter": 3,
            "eps": 1.78,
            "eps_growth_year": 71.15,
            "eps_4q": 6.45,
            "eps_4q_growth_year": 52.53,
            "roe": 3.53,
            "gross_profit": 1037974,
            "gross_margin": 13.47,
            "net_income": 346671,
            "revenue": 7707346,
            "common_shares": 1935550,
            "equity": 10015086,
            "current_ratio": 155.48,
            "debt_ratio": 60.61,
            "inventory_turnover_ratio": 0.94,
            "account_receivable_turnover_ratio": 1.08,
            "reinvestment_rate": 12.33,
            "research_to_sale_ratio": 4.44,
            "price_fair": 189.7,
            "eps_avg_yearly": 5.42,
            "eps_latest_yearly": 7.12,
            "eps_growth_yearly": 106.05
        },
        "20194": {
            "year_quarter": 20194,
            "year": 2019,
            "quarter": 4,
            "eps": 1.29,
            "eps_growth_year": 22.36,
            "eps_4q": 6.3,
            "eps_4q_growth_year": 39.93,
            "roe": 2.37,
            "gross_profit": 1095407,
            "gross_margin": 14.18,
            "net_income": 252756,
            "revenue": 7727420,
            "common_shares": 2085350,
            "equity": 11340934,
            "current_ratio": 169.05,
            "debt_ratio": 55.58,
            "inventory_turnover_ratio": 0.85,
            "account_receivable_turnover_ratio": 1.21,
            "reinvestment_rate": 8.3,
            "research_to_sale_ratio": 5.55,
            "price_fair": 190.66,
            "eps_avg_yearly": 5.45,
            "eps_latest_yearly": 5.16,
            "eps_growth_yearly": 103.4
        },
        "20201": {
            "year_quarter": 20201,
            "year": 2020,
            "quarter": 1,
            "eps": 1.28,
            "eps_growth_year": -34.69,
            "eps_4q": 5.77,
            "eps_4q_growth_year": 9.71,
            "roe": 2.24,
            "gross_profit": 1047875,
            "gross_margin": 14.67,
            "net_income": 246527,
            "revenue": 7143015,
            "common_shares": 2084830,
            "equity": 10715144,
            "current_ratio": 157.21,
            "debt_ratio": 58.87,
            "inventory_turnover_ratio": 0.76,
            "account_receivable_turnover_ratio": 1.15,
            "reinvestment_rate": 7.74,
            "research_to_sale_ratio": 5.21,
            "price_fair": 190.66,
            "eps_avg_yearly": 5.45,
            "eps_latest_yearly": 5.12,
            "eps_growth_yearly": 101.08
        },
        "20202": {
            "year_quarter": 20202,
            "year": 2020,
            "quarter": 2,
            "eps": 1.72,
            "eps_growth_year": -2.82,
            "eps_4q": 5.84,
            "eps_4q_growth_year": 2.14,
            "roe": 2.97,
            "gross_profit": 1117769,
            "gross_margin": 14.06,
            "net_income": 322450,
            "revenue": 7948478,
            "common_shares": 2084780,
            "equity": 10975825,
            "current_ratio": 157.14,
            "debt_ratio": 59.49,
            "inventory_turnover_ratio": 0.86,
            "account_receivable_turnover_ratio": 1.27,
            "reinvestment_rate": 8.91,
            "research_to_sale_ratio": 4.9,
            "price_fair": 180.69,
            "eps_avg_yearly": 5.16,
            "eps_latest_yearly": 6.88,
            "eps_growth_yearly": 78.82
        },
        "20203": {
            "year_quarter": 20203,
            "year": 2020,
            "quarter": 3,
            "eps": 2.8,
            "eps_growth_year": 57.3,
            "eps_4q": 6.98,
            "eps_4q_growth_year": 8.24,
            "roe": 5,
            "gross_profit": 1465827,
            "gross_margin": 15.35,
            "net_income": 561696,
            "revenue": 9551788,
            "common_shares": 2084400,
            "equity": 11491905,
            "current_ratio": 158.89,
            "debt_ratio": 58.86,
            "inventory_turnover_ratio": 1.06,
            "account_receivable_turnover_ratio": 1.39,
            "reinvestment_rate": 7.94,
            "research_to_sale_ratio": 4.71,
            "price_fair": 189.53,
            "eps_avg_yearly": 5.42,
            "eps_latest_yearly": 11.2,
            "eps_growth_yearly": 103.87
        },
        "20204": {
            "year_quarter": 20204,
            "year": 2020,
            "quarter": 4,
            "eps": 2.53,
            "eps_growth_year": 96.03,
            "eps_4q": 8.22,
            "eps_4q_growth_year": 30.57,
            "roe": 4.26,
            "gross_profit": 1421980,
            "gross_margin": 15.59,
            "net_income": 499932,
            "revenue": 9122014,
            "common_shares": 2084095,
            "equity": 11961996,
            "current_ratio": 160.86,
            "debt_ratio": 58.48,
            "inventory_turnover_ratio": 0.98,
            "account_receivable_turnover_ratio": 1.26,
            "reinvestment_rate": 6.59,
            "research_to_sale_ratio": 5.62,
            "price_fair": 200.64,
            "eps_avg_yearly": 5.73,
            "eps_latest_yearly": 10.12,
            "eps_growth_yearly": 108.86
        },
        "20211": {
            "year_quarter": 20211,
            "year": 2021,
            "quarter": 1,
            "eps": 2.2,
            "eps_growth_year": 71.88,
            "eps_4q": 9.15,
            "eps_4q_growth_year": 58.56,
            "roe": 3.95,
            "gross_profit": 1356741,
            "gross_margin": 14.1,
            "net_income": 455427,
            "revenue": 9624815,
            "common_shares": 2084245,
            "equity": 11085455,
            "current_ratio": 144.66,
            "debt_ratio": 64.3,
            "inventory_turnover_ratio": 0.93,
            "account_receivable_turnover_ratio": 1.39,
            "reinvestment_rate": 11.31,
            "research_to_sale_ratio": 5.07,
            "price_fair": 217.61,
            "eps_avg_yearly": 6.22,
            "eps_latest_yearly": 8.8,
            "eps_growth_yearly": 125.44
        },
        "20212": {
            "year_quarter": 20212,
            "year": 2021,
            "quarter": 2,
            "eps": 1.85,
            "eps_growth_year": 7.56,
            "eps_4q": 9.3,
            "eps_4q_growth_year": 59.1,
            "roe": 3.38,
            "gross_profit": 1250770,
            "gross_margin": 13.1,
            "net_income": 380609,
            "revenue": 9548362,
            "common_shares": 2084245,
            "equity": 11434864,
            "current_ratio": 136.5,
            "debt_ratio": 63.54,
            "inventory_turnover_ratio": 0.82,
            "account_receivable_turnover_ratio": 1.32,
            "reinvestment_rate": 22.54,
            "research_to_sale_ratio": 5.11,
            "price_fair": 223.21,
            "eps_avg_yearly": 6.38,
            "eps_latest_yearly": 7.4,
            "eps_growth_yearly": 30.12
        },
        "20213": {
            "year_quarter": 20213,
            "year": 2021,
            "quarter": 3,
            "eps": 2.35,
            "eps_growth_year": -16.07,
            "eps_4q": 8.82,
            "eps_4q_growth_year": 26.38,
            "roe": 3.56,
            "gross_profit": 1360503,
            "gross_margin": 14.35,
            "net_income": 416624,
            "revenue": 9481288,
            "common_shares": 2097257,
            "equity": 11951911,
            "current_ratio": 134.66,
            "debt_ratio": 64.01,
            "inventory_turnover_ratio": 0.69,
            "account_receivable_turnover_ratio": 1.29,
            "reinvestment_rate": 32.42,
            "research_to_sale_ratio": 5.54,
            "price_fair": 234.68,
            "eps_avg_yearly": 6.71,
            "eps_latest_yearly": 9.4,
            "eps_growth_yearly": 40.39
        },
        "20214": {
            "year_quarter": 20214,
            "year": 2021,
            "quarter": 4,
            "eps": 2.15,
            "eps_growth_year": -15.23,
            "eps_4q": 8.26,
            "eps_4q_growth_year": 0.4,
            "roe": 3.61,
            "gross_profit": 1341488,
            "gross_margin": 13.99,
            "net_income": 449140,
            "revenue": 9585593,
            "common_shares": 2164926,
            "equity": 12923113,
            "current_ratio": 139.34,
            "debt_ratio": 61.88,
            "inventory_turnover_ratio": 0.65,
            "account_receivable_turnover_ratio": 1.28,
            "reinvestment_rate": 34.03,
            "research_to_sale_ratio": 4.57,
            "price_fair": 247.36,
            "eps_avg_yearly": 7.07,
            "eps_latest_yearly": 8.6,
            "eps_growth_yearly": 46.43
        },
        "20221": {
            "year_quarter": 20221,
            "year": 2022,
            "quarter": 1,
            "eps": 1.8,
            "eps_growth_year": -18.18,
            "eps_4q": 7.86,
            "eps_4q_growth_year": -14.09,
            "roe": 2.99,
            "gross_profit": 1414742,
            "gross_margin": 13.74,
            "net_income": 375313,
            "revenue": 10299679,
            "common_shares": 2191686,
            "equity": 12174816,
            "current_ratio": 130.84,
            "debt_ratio": 65.81,
            "inventory_turnover_ratio": 0.68,
            "account_receivable_turnover_ratio": 1.18,
            "reinvestment_rate": 38.98,
            "research_to_sale_ratio": 5.36,
            "price_fair": 251.7,
            "eps_avg_yearly": 7.22,
            "eps_latest_yearly": 7.2,
            "eps_growth_yearly": 24.86
        },
        "20222": {
            "year_quarter": 20222,
            "year": 2022,
            "quarter": 2,
            "eps": 1.95,
            "eps_growth_year": 5.41,
            "eps_4q": 8.03,
            "eps_4q_growth_year": -13.67,
            "roe": 3.15,
            "gross_profit": 1503265,
            "gross_margin": 13.81,
            "net_income": 393701,
            "revenue": 10888197,
            "common_shares": 2203543,
            "equity": 12805872,
            "current_ratio": 131.53,
            "debt_ratio": 65.96,
            "inventory_turnover_ratio": 0.73,
            "account_receivable_turnover_ratio": 1.25,
            "reinvestment_rate": 37.02,
            "research_to_sale_ratio": 5.48,
            "price_fair": 255.69,
            "eps_avg_yearly": 7.38,
            "eps_latest_yearly": 7.8,
            "eps_growth_yearly": 24.63
        },
        "20223": {
            "year_quarter": 20223,
            "year": 2022,
            "quarter": 3,
            "eps": 2.6,
            "eps_growth_year": 10.64,
            "eps_4q": 8.41,
            "eps_4q_growth_year": -4.7,
            "roe": 4.07,
            "gross_profit": 1799244,
            "gross_margin": 14.07,
            "net_income": 534372,
            "revenue": 12783703,
            "common_shares": 2203543,
            "equity": 13473342,
            "current_ratio": 130.41,
            "debt_ratio": 66.25,
            "inventory_turnover_ratio": 0.83,
            "account_receivable_turnover_ratio": 1.31,
            "reinvestment_rate": 40.26,
            "research_to_sale_ratio": 4.85,
            "price_fair": 272.04,
            "eps_avg_yearly": 7.77,
            "eps_latest_yearly": 10.4,
            "eps_growth_yearly": 37.97
        },
        "20224": {
            "year_quarter": 20224,
            "year": 2022,
            "quarter": 4,
            "eps": 2.84,
            "eps_growth_year": 32.05,
            "eps_4q": 9.14,
            "eps_4q_growth_year": 10.65,
            "roe": 4.46,
            "gross_profit": 1868766,
            "gross_margin": 14.16,
            "net_income": 611667,
            "revenue": 13196170,
            "common_shares": 2203543,
            "equity": 13939261,
            "current_ratio": 129.81,
            "debt_ratio": 65.17,
            "inventory_turnover_ratio": 0.78,
            "account_receivable_turnover_ratio": 1.16,
            "reinvestment_rate": 42.89,
            "research_to_sale_ratio": 5.62,
            "price_fair": 287.61,
            "eps_avg_yearly": 8.22,
            "eps_latest_yearly": 11.36,
            "eps_growth_yearly": 39.79
        },
        "20231": {
            "year_quarter": 20231,
            "year": 2023,
            "quarter": 1,
            "eps": 2.25,
            "eps_growth_year": 25,
            "eps_4q": 9.62,
            "eps_4q_growth_year": 22.38,
            "roe": 3.68,
            "gross_profit": 1566372,
            "gross_margin": 14.21,
            "net_income": 496039,
            "revenue": 11021138,
            "common_shares": 2203543,
            "equity": 12998531,
            "current_ratio": 126.29,
            "debt_ratio": 66.14,
            "inventory_turnover_ratio": 0.63,
            "account_receivable_turnover_ratio": 1.16,
            "reinvestment_rate": 44.87,
            "research_to_sale_ratio": 5.24,
            "price_fair": 193.77,
            "eps_avg_yearly": 8.29,
            "eps_latest_yearly": 9,
            "eps_growth_yearly": 13.37
        }
    },
    "months": {
        "2007-10": {
            "month": "2007-10",
            "price": "104.33",
            "revenue": 744230
        },
        "2007-11": {
            "month": "2007-11",
            "price": "80.13",
            "revenue": 858353
        },
        "2007-12": {
            "month": "2007-12",
            "price": "70.07",
            "revenue": 996470
        },
        "2008-01": {
            "month": "2008-01",
            "price": "65.09",
            "revenue": 1033094
        },
        "2008-02": {
            "month": "2008-02",
            "price": "63.13",
            "revenue": 869233
        },
        "2008-03": {
            "month": "2008-03",
            "price": "61.85",
            "revenue": 1014673
        },
        "2008-04": {
            "month": "2008-04",
            "price": "76.41",
            "revenue": 1001293
        },
        "2008-05": {
            "month": "2008-05",
            "price": "100.76",
            "revenue": 940114
        },
        "2008-06": {
            "month": "2008-06",
            "price": "90.56",
            "revenue": 968979
        },
        "2008-07": {
            "month": "2008-07",
            "price": "83.92",
            "revenue": 794102
        },
        "2008-08": {
            "month": "2008-08",
            "price": "90.72",
            "revenue": 773345
        },
        "2008-09": {
            "month": "2008-09",
            "price": "81.07",
            "revenue": 845642
        },
        "2008-10": {
            "month": "2008-10",
            "price": "56.96",
            "revenue": 872877
        },
        "2008-11": {
            "month": "2008-11",
            "price": "44.09",
            "revenue": 695046
        },
        "2008-12": {
            "month": "2008-12",
            "price": "37.32",
            "revenue": 733138
        },
        "2009-01": {
            "month": "2009-01",
            "price": "44.23",
            "revenue": 609734
        },
        "2009-02": {
            "month": "2009-02",
            "price": "49.20",
            "revenue": 580416
        },
        "2009-03": {
            "month": "2009-03",
            "price": "70.96",
            "revenue": 649001
        },
        "2009-04": {
            "month": "2009-04",
            "price": "67.33",
            "revenue": 651519
        },
        "2009-05": {
            "month": "2009-05",
            "price": "74.11",
            "revenue": 890713
        },
        "2009-06": {
            "month": "2009-06",
            "price": "70.40",
            "revenue": 1039458
        },
        "2009-07": {
            "month": "2009-07",
            "price": "72.56",
            "revenue": 1166582
        },
        "2009-08": {
            "month": "2009-08",
            "price": "72.90",
            "revenue": 1114056
        },
        "2009-09": {
            "month": "2009-09",
            "price": "76.13",
            "revenue": 1189408
        },
        "2009-10": {
            "month": "2009-10",
            "price": "78.65",
            "revenue": 1231216
        },
        "2009-11": {
            "month": "2009-11",
            "price": "76.78",
            "revenue": 1207066
        },
        "2009-12": {
            "month": "2009-12",
            "price": "85.78",
            "revenue": 1153954
        },
        "2010-01": {
            "month": "2010-01",
            "price": "82.91",
            "revenue": 1275014
        },
        "2010-02": {
            "month": "2010-02",
            "price": "78.29",
            "revenue": 1152238
        },
        "2010-03": {
            "month": "2010-03",
            "price": "82.19",
            "revenue": 1518124
        },
        "2010-04": {
            "month": "2010-04",
            "price": "90.96",
            "revenue": 1513271
        },
        "2010-05": {
            "month": "2010-05",
            "price": "78.40",
            "revenue": 1303791
        },
        "2010-06": {
            "month": "2010-06",
            "price": "65.21",
            "revenue": 1420139
        },
        "2010-07": {
            "month": "2010-07",
            "price": "64.08",
            "revenue": 1308774
        },
        "2010-08": {
            "month": "2010-08",
            "price": "61.73",
            "revenue": 1353615
        },
        "2010-09": {
            "month": "2010-09",
            "price": "65.25",
            "revenue": 1361028
        },
        "2010-10": {
            "month": "2010-10",
            "price": "66.70",
            "revenue": 1340486
        },
        "2010-11": {
            "month": "2010-11",
            "price": "63.40",
            "revenue": 1274341
        },
        "2010-12": {
            "month": "2010-12",
            "price": "63.69",
            "revenue": 1301487
        },
        "2011-01": {
            "month": "2011-01",
            "price": "61.11",
            "revenue": 1383353
        },
        "2011-02": {
            "month": "2011-02",
            "price": "56.83",
            "revenue": 1152271
        },
        "2011-03": {
            "month": "2011-03",
            "price": "51.70",
            "revenue": 1317881
        },
        "2011-04": {
            "month": "2011-04",
            "price": "50.57",
            "revenue": 1304123
        },
        "2011-05": {
            "month": "2011-05",
            "price": "45.92",
            "revenue": 1344056
        },
        "2011-06": {
            "month": "2011-06",
            "price": "47.08",
            "revenue": 1274476
        },
        "2011-07": {
            "month": "2011-07",
            "price": "43.48",
            "revenue": 1482314
        },
        "2011-08": {
            "month": "2011-08",
            "price": "31.48",
            "revenue": 1710784
        },
        "2011-09": {
            "month": "2011-09",
            "price": "32.71",
            "revenue": 1868354
        },
        "2011-10": {
            "month": "2011-10",
            "price": "36.26",
            "revenue": 1616107
        },
        "2011-11": {
            "month": "2011-11",
            "price": "36.06",
            "revenue": 1623413
        },
        "2011-12": {
            "month": "2011-12",
            "price": "32.37",
            "revenue": 1305681
        },
        "2012-01": {
            "month": "2012-01",
            "price": "33.66",
            "revenue": 1210790
        },
        "2012-02": {
            "month": "2012-02",
            "price": "43.63",
            "revenue": 1193956
        },
        "2012-03": {
            "month": "2012-03",
            "price": "44.60",
            "revenue": 1112415
        },
        "2012-04": {
            "month": "2012-04",
            "price": "37.90",
            "revenue": 1061761
        },
        "2012-05": {
            "month": "2012-05",
            "price": "36.29",
            "revenue": 1169160
        },
        "2012-06": {
            "month": "2012-06",
            "price": "32.56",
            "revenue": 1339042
        },
        "2012-07": {
            "month": "2012-07",
            "price": "32.46",
            "revenue": 1058859
        },
        "2012-08": {
            "month": "2012-08",
            "price": "32.67",
            "revenue": 1338625
        },
        "2012-09": {
            "month": "2012-09",
            "price": "32.68",
            "revenue": 1139277
        },
        "2012-10": {
            "month": "2012-10",
            "price": "28.18",
            "revenue": 1205658
        },
        "2012-11": {
            "month": "2012-11",
            "price": "24.70",
            "revenue": 1612488
        },
        "2012-12": {
            "month": "2012-12",
            "price": "27.60",
            "revenue": 1600057
        },
        "2013-01": {
            "month": "2013-01",
            "price": "34.65",
            "revenue": 1540858
        },
        "2013-02": {
            "month": "2013-02",
            "price": "38.80",
            "revenue": 1193328
        },
        "2013-03": {
            "month": "2013-03",
            "price": "40.16",
            "revenue": 1392536
        },
        "2013-04": {
            "month": "2013-04",
            "price": "41.54",
            "revenue": 1758710
        },
        "2013-05": {
            "month": "2013-05",
            "price": "43.49",
            "revenue": 1626745
        },
        "2013-06": {
            "month": "2013-06",
            "price": "41.40",
            "revenue": 1545248
        },
        "2013-07": {
            "month": "2013-07",
            "price": "40.51",
            "revenue": 1399973
        },
        "2013-08": {
            "month": "2013-08",
            "price": "40.30",
            "revenue": 1163353
        },
        "2013-09": {
            "month": "2013-09",
            "price": "41.47",
            "revenue": 1275358
        },
        "2013-10": {
            "month": "2013-10",
            "price": "40.12",
            "revenue": 1469016
        },
        "2013-11": {
            "month": "2013-11",
            "price": "41.45",
            "revenue": 1336539
        },
        "2013-12": {
            "month": "2013-12",
            "price": "43.15",
            "revenue": 1286110
        },
        "2014-01": {
            "month": "2014-01",
            "price": "50.32",
            "revenue": 1401648
        },
        "2014-02": {
            "month": "2014-02",
            "price": "52.47",
            "revenue": 1324443
        },
        "2014-03": {
            "month": "2014-03",
            "price": "53.24",
            "revenue": 1333478
        },
        "2014-04": {
            "month": "2014-04",
            "price": "51.44",
            "revenue": 1370863
        },
        "2014-05": {
            "month": "2014-05",
            "price": "47.02",
            "revenue": 1420985
        },
        "2014-06": {
            "month": "2014-06",
            "price": "46.83",
            "revenue": 1467694
        },
        "2014-07": {
            "month": "2014-07",
            "price": "46.63",
            "revenue": 1365710
        },
        "2014-08": {
            "month": "2014-08",
            "price": "44.47",
            "revenue": 1361755
        },
        "2014-09": {
            "month": "2014-09",
            "price": "41.87",
            "revenue": 1433196
        },
        "2014-10": {
            "month": "2014-10",
            "price": "38.55",
            "revenue": 1565452
        },
        "2014-11": {
            "month": "2014-11",
            "price": "38.46",
            "revenue": 1505382
        },
        "2014-12": {
            "month": "2014-12",
            "price": "42.37",
            "revenue": 1933989
        },
        "2015-01": {
            "month": "2015-01",
            "price": "43.84",
            "revenue": 1670954
        },
        "2015-02": {
            "month": "2015-02",
            "price": "42.88",
            "revenue": 1293587
        },
        "2015-03": {
            "month": "2015-03",
            "price": "44.09",
            "revenue": 1612536
        },
        "2015-04": {
            "month": "2015-04",
            "price": "43.09",
            "revenue": 1617308
        },
        "2015-05": {
            "month": "2015-05",
            "price": "35.38",
            "revenue": 1582060
        },
        "2015-06": {
            "month": "2015-06",
            "price": "29.59",
            "revenue": 1571192
        },
        "2015-07": {
            "month": "2015-07",
            "price": "28.79",
            "revenue": 1560682
        },
        "2015-08": {
            "month": "2015-08",
            "price": "22.15",
            "revenue": 1556113
        },
        "2015-09": {
            "month": "2015-09",
            "price": "24.30",
            "revenue": 1911468
        },
        "2015-10": {
            "month": "2015-10",
            "price": "29.50",
            "revenue": 1692948
        },
        "2015-11": {
            "month": "2015-11",
            "price": "31.38",
            "revenue": 1857141
        },
        "2015-12": {
            "month": "2015-12",
            "price": "32.39",
            "revenue": 2037930
        },
        "2016-01": {
            "month": "2016-01",
            "price": "38.97",
            "revenue": 1897759
        },
        "2016-02": {
            "month": "2016-02",
            "price": "46.55",
            "revenue": 1620945
        },
        "2016-03": {
            "month": "2016-03",
            "price": "48.11",
            "revenue": 2210905
        },
        "2016-04": {
            "month": "2016-04",
            "price": "46.04",
            "revenue": 2473370
        },
        "2016-05": {
            "month": "2016-05",
            "price": "49.41",
            "revenue": 2268480
        },
        "2016-06": {
            "month": "2016-06",
            "price": "56.09",
            "revenue": 2113004
        },
        "2016-07": {
            "month": "2016-07",
            "price": "56.62",
            "revenue": 1981376
        },
        "2016-08": {
            "month": "2016-08",
            "price": "67.36",
            "revenue": 2050749
        },
        "2016-09": {
            "month": "2016-09",
            "price": "66.48",
            "revenue": 1840551
        },
        "2016-10": {
            "month": "2016-10",
            "price": "59.22",
            "revenue": 1581459
        },
        "2016-11": {
            "month": "2016-11",
            "price": "56.94",
            "revenue": 1620892
        },
        "2016-12": {
            "month": "2016-12",
            "price": "56.63",
            "revenue": 2274813
        },
        "2017-01": {
            "month": "2017-01",
            "price": "60.09",
            "revenue": 1800790
        },
        "2017-02": {
            "month": "2017-02",
            "price": "62.68",
            "revenue": 1549478
        },
        "2017-03": {
            "month": "2017-03",
            "price": "60.19",
            "revenue": 1403724
        },
        "2017-04": {
            "month": "2017-04",
            "price": "52.43",
            "revenue": 1417671
        },
        "2017-05": {
            "month": "2017-05",
            "price": "48.76",
            "revenue": 1505574
        },
        "2017-06": {
            "month": "2017-06",
            "price": "51.39",
            "revenue": 1960946
        },
        "2017-07": {
            "month": "2017-07",
            "price": "48.14",
            "revenue": 2003406
        },
        "2017-08": {
            "month": "2017-08",
            "price": "49.24",
            "revenue": 1611334
        },
        "2017-09": {
            "month": "2017-09",
            "price": "51.10",
            "revenue": 1496159
        },
        "2017-10": {
            "month": "2017-10",
            "price": "48.48",
            "revenue": 1911375
        },
        "2017-11": {
            "month": "2017-11",
            "price": "49.07",
            "revenue": 1988052
        },
        "2017-12": {
            "month": "2017-12",
            "price": "50.22",
            "revenue": 1461699
        },
        "2018-01": {
            "month": "2018-01",
            "price": "51.55",
            "revenue": 1946674
        },
        "2018-02": {
            "month": "2018-02",
            "price": "49.30",
            "revenue": 1305683
        },
        "2018-03": {
            "month": "2018-03",
            "price": "53.13",
            "revenue": 1535538
        },
        "2018-04": {
            "month": "2018-04",
            "price": "55.39",
            "revenue": 2107531
        },
        "2018-05": {
            "month": "2018-05",
            "price": "59.96",
            "revenue": 2495581
        },
        "2018-06": {
            "month": "2018-06",
            "price": "70.76",
            "revenue": 2484359
        },
        "2018-07": {
            "month": "2018-07",
            "price": "73.70",
            "revenue": 2496052
        },
        "2018-08": {
            "month": "2018-08",
            "price": "64.70",
            "revenue": 2112208
        },
        "2018-09": {
            "month": "2018-09",
            "price": "56.79",
            "revenue": 2148461
        },
        "2018-10": {
            "month": "2018-10",
            "price": "49.03",
            "revenue": 2889015
        },
        "2018-11": {
            "month": "2018-11",
            "price": "58.30",
            "revenue": 2492686
        },
        "2018-12": {
            "month": "2018-12",
            "price": "72.97",
            "revenue": 2607473
        },
        "2019-01": {
            "month": "2019-01",
            "price": "81.33",
            "revenue": 3566334
        },
        "2019-02": {
            "month": "2019-02",
            "price": "93.70",
            "revenue": 2663610
        },
        "2019-03": {
            "month": "2019-03",
            "price": "89.90",
            "revenue": 2780396
        },
        "2019-04": {
            "month": "2019-04",
            "price": "92.34",
            "revenue": 2860060
        },
        "2019-05": {
            "month": "2019-05",
            "price": "84.30",
            "revenue": 2687433
        },
        "2019-06": {
            "month": "2019-06",
            "price": "87.31",
            "revenue": 2905302
        },
        "2019-07": {
            "month": "2019-07",
            "price": "99.55",
            "revenue": 3014018
        },
        "2019-08": {
            "month": "2019-08",
            "price": "101.88",
            "revenue": 2440600
        },
        "2019-09": {
            "month": "2019-09",
            "price": "98.16",
            "revenue": 2252728
        },
        "2019-10": {
            "month": "2019-10",
            "price": "92.70",
            "revenue": 2574228
        },
        "2019-11": {
            "month": "2019-11",
            "price": "92.00",
            "revenue": 2674110
        },
        "2019-12": {
            "month": "2019-12",
            "price": "92.97",
            "revenue": 2479082
        },
        "2020-01": {
            "month": "2020-01",
            "price": "88.10",
            "revenue": 2656331
        },
        "2020-02": {
            "month": "2020-02",
            "price": "80.73",
            "revenue": 1991316
        },
        "2020-03": {
            "month": "2020-03",
            "price": "69.43",
            "revenue": 2495368
        },
        "2020-04": {
            "month": "2020-04",
            "price": "75.02",
            "revenue": 2878863
        },
        "2020-05": {
            "month": "2020-05",
            "price": "84.03",
            "revenue": 2449732
        },
        "2020-06": {
            "month": "2020-06",
            "price": "83.08",
            "revenue": 2619883
        },
        "2020-07": {
            "month": "2020-07",
            "price": "80.73",
            "revenue": 3194146
        },
        "2020-08": {
            "month": "2020-08",
            "price": "84.34",
            "revenue": 3077036
        },
        "2020-09": {
            "month": "2020-09",
            "price": "87.49",
            "revenue": 3280606
        },
        "2020-10": {
            "month": "2020-10",
            "price": "95.54",
            "revenue": 3318524
        },
        "2020-11": {
            "month": "2020-11",
            "price": "99.05",
            "revenue": 3079722
        },
        "2020-12": {
            "month": "2020-12",
            "price": "95.50",
            "revenue": 2723767
        },
        "2021-01": {
            "month": "2021-01",
            "price": "94.21",
            "revenue": 3249096
        },
        "2021-02": {
            "month": "2021-02",
            "price": "95.18",
            "revenue": 2974142
        },
        "2021-03": {
            "month": "2021-03",
            "price": "102.63",
            "revenue": 3401577
        },
        "2021-04": {
            "month": "2021-04",
            "price": "117.11",
            "revenue": 3278819
        },
        "2021-05": {
            "month": "2021-05",
            "price": "95.30",
            "revenue": 3084177
        },
        "2021-06": {
            "month": "2021-06",
            "price": "99.31",
            "revenue": 3185366
        },
        "2021-07": {
            "month": "2021-07",
            "price": "103.79",
            "revenue": 3020532
        },
        "2021-08": {
            "month": "2021-08",
            "price": "91.50",
            "revenue": 3101338
        },
        "2021-09": {
            "month": "2021-09",
            "price": "90.82",
            "revenue": 3359418
        },
        "2021-10": {
            "month": "2021-10",
            "price": "95.50",
            "revenue": 3331739
        },
        "2021-11": {
            "month": "2021-11",
            "price": "111.52",
            "revenue": 3173956
        },
        "2021-12": {
            "month": "2021-12",
            "price": "119.23",
            "revenue": 3079898
        },
        "2022-01": {
            "month": "2022-01",
            "price": "124.17",
            "revenue": 3391378
        },
        "2022-02": {
            "month": "2022-02",
            "price": "123.93",
            "revenue": 3283951
        },
        "2022-03": {
            "month": "2022-03",
            "price": "115.02",
            "revenue": 3624350
        },
        "2022-04": {
            "month": "2022-04",
            "price": "123.97",
            "revenue": 2664820
        },
        "2022-05": {
            "month": "2022-05",
            "price": "117.81",
            "revenue": 4247282
        },
        "2022-06": {
            "month": "2022-06",
            "price": "123.64",
            "revenue": 3976095
        },
        "2022-07": {
            "month": "2022-07",
            "price": "114.43",
            "revenue": 4183524
        },
        "2022-08": {
            "month": "2022-08",
            "price": "118.91",
            "revenue": 4077872
        },
        "2022-09": {
            "month": "2022-09",
            "price": "108.88",
            "revenue": 4522308
        },
        "2022-10": {
            "month": "2022-10",
            "price": "95.07",
            "revenue": 4528650
        },
        "2022-11": {
            "month": "2022-11",
            "price": "96.99",
            "revenue": 4466715
        },
        "2022-12": {
            "month": "2022-12",
            "price": "101.30",
            "revenue": 4200805
        },
        "2023-01": {
            "month": "2023-01",
            "price": "99.17",
            "revenue": 3723522
        },
        "2023-02": {
            "month": "2023-02",
            "price": "104.64",
            "revenue": 3523310
        },
        "2023-03": {
            "month": "2023-03",
            "price": "106.33",
            "revenue": 3774304
        },
        "2023-04": {
            "month": "2023-04",
            "price": "103.81",
            "revenue": 3810758
        }
    }
}
