{
    "summary": {
        "stock_name": "映興",
        "stock_id": "3597",
        "category": "電子零組件",
        "main_business": "ODM防水及高功率連接器與線束設計加工製造之一體化服務<br>PCBA客製化設計、電氣保護器與高溫壓電線及壓力感應器代理銷售<br>AIoT空調、空氣、光環境等設備系統解決方案及創能與儲能系統整合",
        "website_url": "http://www.avertronics.com",
        "ceo": "賴柄源",
        "pe_ratio": 13,
        "report_year_from": 2007,
        "report_year_to": 2023,
        "age": 16,
        "eps_negative_percentage": 0,
        "eps_growth_avg": {
            "last_all": 55.37,
            "last_2y": 55.37,
            "last_4y": null,
            "last_8y": null,
            "last_12y": null,
            "last_16y": null,
            "last_20y": null,
            "at_2006_last_3y": null,
            "at_2007_last_3y": null,
            "at_2008_last_3y": null,
            "at_2009_last_3y": null,
            "at_2010_last_3y": null,
            "at_2011_last_3y": null,
            "at_2012_last_3y": null,
            "at_2013_last_3y": null,
            "at_2014_last_3y": null,
            "at_2015_last_3y": null,
            "at_2016_last_3y": null,
            "at_2017_last_3y": null,
            "at_2018_last_3y": null,
            "at_2019_last_3y": null,
            "at_2020_last_3y": null,
            "at_2021_last_3y": null,
            "at_2022_last_3y": null,
            "at_2023_last_3y": null,
            "at_2006_last_all": null,
            "at_2007_last_all": null,
            "at_2008_last_all": null,
            "at_2009_last_all": null,
            "at_2010_last_all": null,
            "at_2011_last_all": null,
            "at_2012_last_all": null,
            "at_2013_last_all": null,
            "at_2014_last_all": null,
            "at_2015_last_all": null,
            "at_2016_last_all": null,
            "at_2017_last_all": null,
            "at_2018_last_all": null,
            "at_2019_last_all": null,
            "at_2020_last_all": null,
            "at_2021_last_all": 84,
            "at_2022_last_all": 55.37,
            "at_2023_last_all": 55.37
        },
        "latest_eps": 1.93,
        "latest_price": 25.7,
        "latest_roe": 12.18,
        "latest_gross_margin": 19.17,
        "latest_equity": 611514,
        "latest_revenue": 172153,
        "latest_gross_profit": 32995,
        "latest_net_income": 720,
        "latest_debt_ratio": 44.47,
        "latest_current_ratio": 210.89,
        "latest_account_receivable_turnover_ratio": 0.7,
        "latest_inventory_turnover_ratio": 1.08,
        "latest_reinvestment_rate": null,
        "latest_research_to_sale_ratio": 0.84
    },
    "eps_dividends": {
        "2001": {
            "cash": 0,
            "stock": 0,
            "eps": 0
        },
        "2002": {
            "cash": 0,
            "stock": 0,
            "eps": 0
        },
        "2003": {
            "cash": 0,
            "stock": 0,
            "eps": 0
        },
        "2004": {
            "cash": 0,
            "stock": 0,
            "eps": 0
        },
        "2005": {
            "cash": 0,
            "stock": 0,
            "eps": 0
        },
        "2006": {
            "cash": 0,
            "stock": 0,
            "eps": 0
        },
        "2007": {
            "cash": 1,
            "stock": 0,
            "eps": 0
        },
        "2008": {
            "cash": 0,
            "stock": 0,
            "eps": 0
        },
        "2009": {
            "cash": 0,
            "stock": 0,
            "eps": 0
        },
        "2010": {
            "cash": 0,
            "stock": 0,
            "eps": 0
        },
        "2011": {
            "cash": 0,
            "stock": 1,
            "eps": 0
        },
        "2012": {
            "cash": 1,
            "stock": 0,
            "eps": 0
        },
        "2013": {
            "cash": 0,
            "stock": 0,
            "eps": 0
        },
        "2014": {
            "cash": 1,
            "stock": 0,
            "eps": 0
        },
        "2015": {
            "cash": 1,
            "stock": 0,
            "eps": 0
        },
        "2016": {
            "cash": 1,
            "stock": 0,
            "eps": 0
        },
        "2017": {
            "cash": 1,
            "stock": 0,
            "eps": 0
        },
        "2018": {
            "cash": 0,
            "stock": 0,
            "eps": 0
        },
        "2019": {
            "cash": 2,
            "stock": 0,
            "eps": 0.48
        },
        "2020": {
            "cash": 1,
            "stock": 0,
            "eps": 1.25
        },
        "2021": {
            "cash": 1,
            "stock": 0,
            "eps": 2.1
        },
        "2022": {
            "cash": 2,
            "stock": 0,
            "eps": 2.06
        },
        "2023": {
            "cash": 2,
            "stock": 0,
            "eps": 0.02
        }
    },
    "dividends": {
        "2007-06-29": {
            "cash": 0.5,
            "stock": 0
        },
        "2011-04-28": {
            "cash": 0.13,
            "stock": 0.5
        },
        "2012-04-23": {
            "cash": 0.5,
            "stock": 0
        },
        "2014-09-24": {
            "cash": 0.6,
            "stock": 0
        },
        "2015-09-25": {
            "cash": 0.7,
            "stock": 0
        },
        "2016-08-10": {
            "cash": 0.8,
            "stock": 0
        },
        "2017-11-17": {
            "cash": 0.5,
            "stock": 0
        },
        "2018-09-21": {
            "cash": 0.2,
            "stock": 0
        },
        "2019-09-27": {
            "cash": 1.8,
            "stock": 0
        },
        "2020-09-23": {
            "cash": 0.85,
            "stock": 0
        },
        "2021-08-13": {
            "cash": 1.2,
            "stock": 0
        },
        "2022-08-05": {
            "cash": 1.7,
            "stock": 0
        },
        "2023-03-07": {
            "cash": 1.7,
            "stock": 0
        }
    },
    "prices": {
        "200101": "無",
        "200102": "無",
        "200103": "無",
        "200104": "無",
        "200105": "無",
        "200106": "無",
        "200107": "無",
        "200108": "無",
        "200109": "無",
        "200110": "無",
        "200111": "無",
        "200112": "無",
        "200201": "無",
        "200202": "無",
        "200203": "無",
        "200204": "無",
        "200205": "無",
        "200206": "無",
        "200207": "無",
        "200208": "無",
        "200209": "無",
        "200210": "無",
        "200211": "無",
        "200212": "無",
        "200301": "無",
        "200302": "無",
        "200303": "無",
        "200304": "無",
        "200305": "無",
        "200306": "無",
        "200307": "無",
        "200308": "無",
        "200309": "無",
        "200310": "無",
        "200311": "無",
        "200312": "無",
        "200401": "無",
        "200402": "無",
        "200403": "無",
        "200404": "無",
        "200405": "無",
        "200406": "無",
        "200407": "無",
        "200408": "無",
        "200409": "無",
        "200410": "無",
        "200411": "無",
        "200412": "無",
        "200501": "無",
        "200502": "無",
        "200503": "無",
        "200504": "無",
        "200505": "無",
        "200506": "無",
        "200507": "無",
        "200508": "無",
        "200509": "無",
        "200510": "無",
        "200511": "無",
        "200512": "無",
        "200601": "無",
        "200602": "無",
        "200603": "無",
        "200604": "無",
        "200605": "無",
        "200606": "無",
        "200607": "無",
        "200608": "無",
        "200609": "無",
        "200610": "無",
        "200611": "無",
        "200612": "無",
        "200701": "無",
        "200702": "無",
        "200703": "無",
        "200704": "無",
        "200705": "無",
        "200706": "無",
        "200707": "無",
        "200708": "無",
        "200709": "無",
        "200710": "無",
        "200711": "無",
        "200712": "無",
        "200801": "無",
        "200802": "無",
        "200803": "無",
        "200804": "無",
        "200805": "23.54",
        "200806": "無",
        "200807": "23.50",
        "200808": "無",
        "200809": "無",
        "200810": "22.80",
        "200811": "無",
        "200812": "無",
        "200901": "無",
        "200902": "無",
        "200903": "21.00",
        "200904": "22.32",
        "200905": "無",
        "200906": "21.22",
        "200907": "16.21",
        "200908": "15.30",
        "200909": "15.43",
        "200910": "15.37",
        "200911": "15.00",
        "200912": "15.23",
        "201001": "無",
        "201002": "無",
        "201003": "15.28",
        "201004": "15.32",
        "201005": "14.93",
        "201006": "14.83",
        "201007": "15.05",
        "201008": "14.98",
        "201009": "15.34",
        "201010": "15.37",
        "201011": "14.55",
        "201012": "14.56",
        "201101": "14.98",
        "201102": "15.08",
        "201103": "14.81",
        "201104": "14.47",
        "201105": "15.71",
        "201106": "15.23",
        "201107": "無",
        "201108": "無",
        "201109": "無",
        "201110": "14.73",
        "201111": "15.10",
        "201112": "16.20",
        "201201": "14.10",
        "201202": "14.49",
        "201203": "17.46",
        "201204": "14.37",
        "201205": "無",
        "201206": "13.34",
        "201207": "12.64",
        "201208": "無",
        "201209": "12.07",
        "201210": "11.59",
        "201211": "11.50",
        "201212": "無",
        "201301": "11.15",
        "201302": "11.22",
        "201303": "11.22",
        "201304": "11.02",
        "201305": "無",
        "201306": "11.43",
        "201307": "13.30",
        "201308": "12.96",
        "201309": "13.84",
        "201310": "13.65",
        "201311": "13.40",
        "201312": "無",
        "201401": "無",
        "201402": "13.65",
        "201403": "13.39",
        "201404": "12.46",
        "201405": "12.97",
        "201406": "13.00",
        "201407": "12.86",
        "201408": "12.60",
        "201409": "13.77",
        "201410": "13.60",
        "201411": "13.12",
        "201412": "12.56",
        "201501": "11.85",
        "201502": "11.18",
        "201503": "11.40",
        "201504": "11.77",
        "201505": "13.31",
        "201506": "14.79",
        "201507": "14.01",
        "201508": "13.76",
        "201509": "12.68",
        "201510": "12.67",
        "201511": "12.63",
        "201512": "13.09",
        "201601": "14.00",
        "201602": "14.16",
        "201603": "14.16",
        "201604": "14.02",
        "201605": "14.60",
        "201606": "無",
        "201607": "14.37",
        "201608": "14.10",
        "201609": "14.25",
        "201610": "14.76",
        "201611": "14.84",
        "201612": "14.83",
        "201701": "14.50",
        "201702": "14.62",
        "201703": "14.34",
        "201704": "14.10",
        "201705": "13.70",
        "201706": "14.07",
        "201707": "14.00",
        "201708": "13.85",
        "201709": "13.90",
        "201710": "13.78",
        "201711": "13.66",
        "201712": "12.94",
        "201801": "13.30",
        "201802": "12.88",
        "201803": "無",
        "201804": "無",
        "201805": "無",
        "201806": "12.70",
        "201807": "12.44",
        "201808": "13.84",
        "201809": "14.57",
        "201810": "14.19",
        "201811": "14.46",
        "201812": "14.85",
        "201901": "14.33",
        "201902": "15.91",
        "201903": "17.45",
        "201904": "20.01",
        "201905": "18.74",
        "201906": "18.49",
        "201907": "18.08",
        "201908": "18.12",
        "201909": "17.17",
        "201910": "19.28",
        "201911": "19.59",
        "201912": "21.32",
        "202001": "21.85",
        "202002": "19.72",
        "202003": "15.34",
        "202004": "14.89",
        "202005": "16.26",
        "202006": "16.41",
        "202007": "16.58",
        "202008": "16.95",
        "202009": "19.29",
        "202010": "19.18",
        "202011": "19.74",
        "202012": "19.79",
        "202101": "24.75",
        "202102": "31.65",
        "202103": "31.15",
        "202104": "33.80",
        "202105": "27.94",
        "202106": "29.71",
        "202107": "29.70",
        "202108": "27.59",
        "202109": "27.26",
        "202110": "26.99",
        "202111": "27.14",
        "202112": "31.01",
        "202201": "30.30",
        "202202": "28.39",
        "202203": "28.59",
        "202204": "27.16",
        "202205": "25.26",
        "202206": "24.36",
        "202207": "23.57",
        "202208": "24.09",
        "202209": "26.07",
        "202210": "23.21",
        "202211": "24.57",
        "202212": "23.80",
        "202301": "23.68",
        "202302": "23.99",
        "202303": "25.14",
        "202304": "25.38",
        "202305": "26.10"
    },
    "quarters": {
        "20011": {
            "year_quarter": 20011,
            "year": 2001,
            "quarter": 1,
            "eps": null,
            "eps_growth_year": null,
            "eps_4q": null,
            "eps_4q_growth_year": null,
            "roe": null,
            "roe_4q": 0,
            "gross_profit": null,
            "gross_margin": null,
            "gross_margin_4q_avg": 0,
            "net_income": null,
            "revenue": null,
            "common_shares": null,
            "book_valuer_per_share": null,
            "book_valuer_per_share_4q_avg": 0,
            "equity": null,
            "current_ratio": null,
            "debt_ratio": null,
            "inventory_turnover_ratio": null,
            "account_receivable_turnover_ratio": null,
            "reinvestment_rate": null,
            "research_to_sale_ratio": null,
            "price_fair": 0,
            "eps_avg_yearly": 0,
            "eps_latest_yearly": 0,
            "eps_growth_yearly": 0
        },
        "20012": {
            "year_quarter": 20012,
            "year": 2001,
            "quarter": 2,
            "eps": null,
            "eps_growth_year": null,
            "eps_4q": null,
            "eps_4q_growth_year": null,
            "roe": null,
            "roe_4q": 0,
            "gross_profit": null,
            "gross_margin": null,
            "gross_margin_4q_avg": 0,
            "net_income": null,
            "revenue": null,
            "common_shares": null,
            "book_valuer_per_share": null,
            "book_valuer_per_share_4q_avg": 0,
            "equity": null,
            "current_ratio": null,
            "debt_ratio": null,
            "inventory_turnover_ratio": null,
            "account_receivable_turnover_ratio": null,
            "reinvestment_rate": null,
            "research_to_sale_ratio": null,
            "price_fair": 0,
            "eps_avg_yearly": 0,
            "eps_latest_yearly": 0,
            "eps_growth_yearly": 0
        },
        "20013": {
            "year_quarter": 20013,
            "year": 2001,
            "quarter": 3,
            "eps": null,
            "eps_growth_year": null,
            "eps_4q": null,
            "eps_4q_growth_year": null,
            "roe": null,
            "roe_4q": 0,
            "gross_profit": null,
            "gross_margin": null,
            "gross_margin_4q_avg": 0,
            "net_income": null,
            "revenue": null,
            "common_shares": null,
            "book_valuer_per_share": null,
            "book_valuer_per_share_4q_avg": 0,
            "equity": null,
            "current_ratio": null,
            "debt_ratio": null,
            "inventory_turnover_ratio": null,
            "account_receivable_turnover_ratio": null,
            "reinvestment_rate": null,
            "research_to_sale_ratio": null,
            "price_fair": 0,
            "eps_avg_yearly": 0,
            "eps_latest_yearly": 0,
            "eps_growth_yearly": 0
        },
        "20014": {
            "year_quarter": 20014,
            "year": 2001,
            "quarter": 4,
            "eps": null,
            "eps_growth_year": null,
            "eps_4q": null,
            "eps_4q_growth_year": null,
            "roe": null,
            "roe_4q": 0,
            "gross_profit": null,
            "gross_margin": null,
            "gross_margin_4q_avg": 0,
            "net_income": null,
            "revenue": null,
            "common_shares": null,
            "book_valuer_per_share": null,
            "book_valuer_per_share_4q_avg": 0,
            "equity": null,
            "current_ratio": null,
            "debt_ratio": null,
            "inventory_turnover_ratio": null,
            "account_receivable_turnover_ratio": null,
            "reinvestment_rate": null,
            "research_to_sale_ratio": null,
            "price_fair": 0,
            "eps_avg_yearly": 0,
            "eps_latest_yearly": 0,
            "eps_growth_yearly": 0
        },
        "20021": {
            "year_quarter": 20021,
            "year": 2002,
            "quarter": 1,
            "eps": null,
            "eps_growth_year": null,
            "eps_4q": null,
            "eps_4q_growth_year": null,
            "roe": null,
            "roe_4q": 0,
            "gross_profit": null,
            "gross_margin": null,
            "gross_margin_4q_avg": 0,
            "net_income": null,
            "revenue": null,
            "common_shares": null,
            "book_valuer_per_share": null,
            "book_valuer_per_share_4q_avg": 0,
            "equity": null,
            "current_ratio": null,
            "debt_ratio": null,
            "inventory_turnover_ratio": null,
            "account_receivable_turnover_ratio": null,
            "reinvestment_rate": null,
            "research_to_sale_ratio": null,
            "price_fair": 0,
            "eps_avg_yearly": 0,
            "eps_latest_yearly": 0,
            "eps_growth_yearly": 0
        },
        "20022": {
            "year_quarter": 20022,
            "year": 2002,
            "quarter": 2,
            "eps": null,
            "eps_growth_year": null,
            "eps_4q": null,
            "eps_4q_growth_year": null,
            "roe": null,
            "roe_4q": 0,
            "gross_profit": null,
            "gross_margin": null,
            "gross_margin_4q_avg": 0,
            "net_income": null,
            "revenue": null,
            "common_shares": null,
            "book_valuer_per_share": null,
            "book_valuer_per_share_4q_avg": 0,
            "equity": null,
            "current_ratio": null,
            "debt_ratio": null,
            "inventory_turnover_ratio": null,
            "account_receivable_turnover_ratio": null,
            "reinvestment_rate": null,
            "research_to_sale_ratio": null,
            "price_fair": 0,
            "eps_avg_yearly": 0,
            "eps_latest_yearly": 0,
            "eps_growth_yearly": 0
        },
        "20023": {
            "year_quarter": 20023,
            "year": 2002,
            "quarter": 3,
            "eps": null,
            "eps_growth_year": null,
            "eps_4q": null,
            "eps_4q_growth_year": null,
            "roe": null,
            "roe_4q": 0,
            "gross_profit": null,
            "gross_margin": null,
            "gross_margin_4q_avg": 0,
            "net_income": null,
            "revenue": null,
            "common_shares": null,
            "book_valuer_per_share": null,
            "book_valuer_per_share_4q_avg": 0,
            "equity": null,
            "current_ratio": null,
            "debt_ratio": null,
            "inventory_turnover_ratio": null,
            "account_receivable_turnover_ratio": null,
            "reinvestment_rate": null,
            "research_to_sale_ratio": null,
            "price_fair": 0,
            "eps_avg_yearly": 0,
            "eps_latest_yearly": 0,
            "eps_growth_yearly": 0
        },
        "20024": {
            "year_quarter": 20024,
            "year": 2002,
            "quarter": 4,
            "eps": null,
            "eps_growth_year": null,
            "eps_4q": null,
            "eps_4q_growth_year": null,
            "roe": null,
            "roe_4q": 0,
            "gross_profit": null,
            "gross_margin": null,
            "gross_margin_4q_avg": 0,
            "net_income": null,
            "revenue": null,
            "common_shares": null,
            "book_valuer_per_share": null,
            "book_valuer_per_share_4q_avg": 0,
            "equity": null,
            "current_ratio": null,
            "debt_ratio": null,
            "inventory_turnover_ratio": null,
            "account_receivable_turnover_ratio": null,
            "reinvestment_rate": null,
            "research_to_sale_ratio": null,
            "price_fair": 0,
            "eps_avg_yearly": 0,
            "eps_latest_yearly": 0,
            "eps_growth_yearly": 0
        },
        "20031": {
            "year_quarter": 20031,
            "year": 2003,
            "quarter": 1,
            "eps": null,
            "eps_growth_year": null,
            "eps_4q": null,
            "eps_4q_growth_year": null,
            "roe": null,
            "roe_4q": 0,
            "gross_profit": null,
            "gross_margin": null,
            "gross_margin_4q_avg": 0,
            "net_income": null,
            "revenue": null,
            "common_shares": null,
            "book_valuer_per_share": null,
            "book_valuer_per_share_4q_avg": 0,
            "equity": null,
            "current_ratio": null,
            "debt_ratio": null,
            "inventory_turnover_ratio": null,
            "account_receivable_turnover_ratio": null,
            "reinvestment_rate": null,
            "research_to_sale_ratio": null,
            "price_fair": 0,
            "eps_avg_yearly": 0,
            "eps_latest_yearly": 0,
            "eps_growth_yearly": 0
        },
        "20032": {
            "year_quarter": 20032,
            "year": 2003,
            "quarter": 2,
            "eps": null,
            "eps_growth_year": null,
            "eps_4q": null,
            "eps_4q_growth_year": null,
            "roe": null,
            "roe_4q": 0,
            "gross_profit": null,
            "gross_margin": null,
            "gross_margin_4q_avg": 0,
            "net_income": null,
            "revenue": null,
            "common_shares": null,
            "book_valuer_per_share": null,
            "book_valuer_per_share_4q_avg": 0,
            "equity": null,
            "current_ratio": null,
            "debt_ratio": null,
            "inventory_turnover_ratio": null,
            "account_receivable_turnover_ratio": null,
            "reinvestment_rate": null,
            "research_to_sale_ratio": null,
            "price_fair": 0,
            "eps_avg_yearly": 0,
            "eps_latest_yearly": 0,
            "eps_growth_yearly": 0
        },
        "20033": {
            "year_quarter": 20033,
            "year": 2003,
            "quarter": 3,
            "eps": null,
            "eps_growth_year": null,
            "eps_4q": null,
            "eps_4q_growth_year": null,
            "roe": null,
            "roe_4q": 0,
            "gross_profit": null,
            "gross_margin": null,
            "gross_margin_4q_avg": 0,
            "net_income": null,
            "revenue": null,
            "common_shares": null,
            "book_valuer_per_share": null,
            "book_valuer_per_share_4q_avg": 0,
            "equity": null,
            "current_ratio": null,
            "debt_ratio": null,
            "inventory_turnover_ratio": null,
            "account_receivable_turnover_ratio": null,
            "reinvestment_rate": null,
            "research_to_sale_ratio": null,
            "price_fair": 0,
            "eps_avg_yearly": 0,
            "eps_latest_yearly": 0,
            "eps_growth_yearly": 0
        },
        "20034": {
            "year_quarter": 20034,
            "year": 2003,
            "quarter": 4,
            "eps": null,
            "eps_growth_year": null,
            "eps_4q": null,
            "eps_4q_growth_year": null,
            "roe": null,
            "roe_4q": 0,
            "gross_profit": null,
            "gross_margin": null,
            "gross_margin_4q_avg": 0,
            "net_income": null,
            "revenue": null,
            "common_shares": null,
            "book_valuer_per_share": null,
            "book_valuer_per_share_4q_avg": 0,
            "equity": null,
            "current_ratio": null,
            "debt_ratio": null,
            "inventory_turnover_ratio": null,
            "account_receivable_turnover_ratio": null,
            "reinvestment_rate": null,
            "research_to_sale_ratio": null,
            "price_fair": 0,
            "eps_avg_yearly": 0,
            "eps_latest_yearly": 0,
            "eps_growth_yearly": 0
        },
        "20041": {
            "year_quarter": 20041,
            "year": 2004,
            "quarter": 1,
            "eps": null,
            "eps_growth_year": null,
            "eps_4q": null,
            "eps_4q_growth_year": null,
            "roe": null,
            "roe_4q": 0,
            "gross_profit": null,
            "gross_margin": null,
            "gross_margin_4q_avg": 0,
            "net_income": null,
            "revenue": null,
            "common_shares": null,
            "book_valuer_per_share": null,
            "book_valuer_per_share_4q_avg": 0,
            "equity": null,
            "current_ratio": null,
            "debt_ratio": null,
            "inventory_turnover_ratio": null,
            "account_receivable_turnover_ratio": null,
            "reinvestment_rate": null,
            "research_to_sale_ratio": null,
            "price_fair": 0,
            "eps_avg_yearly": 0,
            "eps_latest_yearly": 0,
            "eps_growth_yearly": 0
        },
        "20042": {
            "year_quarter": 20042,
            "year": 2004,
            "quarter": 2,
            "eps": null,
            "eps_growth_year": null,
            "eps_4q": null,
            "eps_4q_growth_year": null,
            "roe": null,
            "roe_4q": 0,
            "gross_profit": null,
            "gross_margin": null,
            "gross_margin_4q_avg": 0,
            "net_income": null,
            "revenue": null,
            "common_shares": null,
            "book_valuer_per_share": null,
            "book_valuer_per_share_4q_avg": 0,
            "equity": null,
            "current_ratio": null,
            "debt_ratio": null,
            "inventory_turnover_ratio": null,
            "account_receivable_turnover_ratio": null,
            "reinvestment_rate": null,
            "research_to_sale_ratio": null,
            "price_fair": 0,
            "eps_avg_yearly": 0,
            "eps_latest_yearly": 0,
            "eps_growth_yearly": 0
        },
        "20043": {
            "year_quarter": 20043,
            "year": 2004,
            "quarter": 3,
            "eps": null,
            "eps_growth_year": null,
            "eps_4q": null,
            "eps_4q_growth_year": null,
            "roe": null,
            "roe_4q": 0,
            "gross_profit": null,
            "gross_margin": null,
            "gross_margin_4q_avg": 0,
            "net_income": null,
            "revenue": null,
            "common_shares": null,
            "book_valuer_per_share": null,
            "book_valuer_per_share_4q_avg": 0,
            "equity": null,
            "current_ratio": null,
            "debt_ratio": null,
            "inventory_turnover_ratio": null,
            "account_receivable_turnover_ratio": null,
            "reinvestment_rate": null,
            "research_to_sale_ratio": null,
            "price_fair": 0,
            "eps_avg_yearly": 0,
            "eps_latest_yearly": 0,
            "eps_growth_yearly": 0
        },
        "20044": {
            "year_quarter": 20044,
            "year": 2004,
            "quarter": 4,
            "eps": null,
            "eps_growth_year": null,
            "eps_4q": null,
            "eps_4q_growth_year": null,
            "roe": null,
            "roe_4q": 0,
            "gross_profit": null,
            "gross_margin": null,
            "gross_margin_4q_avg": 0,
            "net_income": null,
            "revenue": null,
            "common_shares": null,
            "book_valuer_per_share": null,
            "book_valuer_per_share_4q_avg": 0,
            "equity": null,
            "current_ratio": null,
            "debt_ratio": null,
            "inventory_turnover_ratio": null,
            "account_receivable_turnover_ratio": null,
            "reinvestment_rate": null,
            "research_to_sale_ratio": null,
            "price_fair": 0,
            "eps_avg_yearly": 0,
            "eps_latest_yearly": 0,
            "eps_growth_yearly": 0
        },
        "20051": {
            "year_quarter": 20051,
            "year": 2005,
            "quarter": 1,
            "eps": null,
            "eps_growth_year": null,
            "eps_4q": null,
            "eps_4q_growth_year": null,
            "roe": null,
            "roe_4q": 0,
            "gross_profit": null,
            "gross_margin": null,
            "gross_margin_4q_avg": 0,
            "net_income": null,
            "revenue": null,
            "common_shares": null,
            "book_valuer_per_share": null,
            "book_valuer_per_share_4q_avg": 0,
            "equity": null,
            "current_ratio": null,
            "debt_ratio": null,
            "inventory_turnover_ratio": null,
            "account_receivable_turnover_ratio": null,
            "reinvestment_rate": null,
            "research_to_sale_ratio": null,
            "price_fair": 0,
            "eps_avg_yearly": 0,
            "eps_latest_yearly": 0,
            "eps_growth_yearly": 0
        },
        "20052": {
            "year_quarter": 20052,
            "year": 2005,
            "quarter": 2,
            "eps": null,
            "eps_growth_year": null,
            "eps_4q": null,
            "eps_4q_growth_year": null,
            "roe": null,
            "roe_4q": 0,
            "gross_profit": null,
            "gross_margin": null,
            "gross_margin_4q_avg": 0,
            "net_income": null,
            "revenue": null,
            "common_shares": null,
            "book_valuer_per_share": null,
            "book_valuer_per_share_4q_avg": 0,
            "equity": null,
            "current_ratio": null,
            "debt_ratio": null,
            "inventory_turnover_ratio": null,
            "account_receivable_turnover_ratio": null,
            "reinvestment_rate": null,
            "research_to_sale_ratio": null,
            "price_fair": 0,
            "eps_avg_yearly": 0,
            "eps_latest_yearly": 0,
            "eps_growth_yearly": 0
        },
        "20053": {
            "year_quarter": 20053,
            "year": 2005,
            "quarter": 3,
            "eps": null,
            "eps_growth_year": null,
            "eps_4q": null,
            "eps_4q_growth_year": null,
            "roe": null,
            "roe_4q": 0,
            "gross_profit": null,
            "gross_margin": null,
            "gross_margin_4q_avg": 0,
            "net_income": null,
            "revenue": null,
            "common_shares": null,
            "book_valuer_per_share": null,
            "book_valuer_per_share_4q_avg": 0,
            "equity": null,
            "current_ratio": null,
            "debt_ratio": null,
            "inventory_turnover_ratio": null,
            "account_receivable_turnover_ratio": null,
            "reinvestment_rate": null,
            "research_to_sale_ratio": null,
            "price_fair": 0,
            "eps_avg_yearly": 0,
            "eps_latest_yearly": 0,
            "eps_growth_yearly": 0
        },
        "20054": {
            "year_quarter": 20054,
            "year": 2005,
            "quarter": 4,
            "eps": null,
            "eps_growth_year": null,
            "eps_4q": null,
            "eps_4q_growth_year": null,
            "roe": null,
            "roe_4q": 0,
            "gross_profit": null,
            "gross_margin": null,
            "gross_margin_4q_avg": 0,
            "net_income": null,
            "revenue": null,
            "common_shares": null,
            "book_valuer_per_share": null,
            "book_valuer_per_share_4q_avg": 0,
            "equity": null,
            "current_ratio": null,
            "debt_ratio": null,
            "inventory_turnover_ratio": null,
            "account_receivable_turnover_ratio": null,
            "reinvestment_rate": null,
            "research_to_sale_ratio": null,
            "price_fair": 0,
            "eps_avg_yearly": 0,
            "eps_latest_yearly": 0,
            "eps_growth_yearly": 0
        },
        "20061": {
            "year_quarter": 20061,
            "year": 2006,
            "quarter": 1,
            "eps": null,
            "eps_growth_year": null,
            "eps_4q": null,
            "eps_4q_growth_year": null,
            "roe": null,
            "roe_4q": 0,
            "gross_profit": null,
            "gross_margin": null,
            "gross_margin_4q_avg": 0,
            "net_income": null,
            "revenue": null,
            "common_shares": null,
            "book_valuer_per_share": null,
            "book_valuer_per_share_4q_avg": 0,
            "equity": null,
            "current_ratio": null,
            "debt_ratio": null,
            "inventory_turnover_ratio": null,
            "account_receivable_turnover_ratio": null,
            "reinvestment_rate": null,
            "research_to_sale_ratio": null,
            "price_fair": 0,
            "eps_avg_yearly": 0,
            "eps_latest_yearly": 0,
            "eps_growth_yearly": 0
        },
        "20062": {
            "year_quarter": 20062,
            "year": 2006,
            "quarter": 2,
            "eps": null,
            "eps_growth_year": null,
            "eps_4q": null,
            "eps_4q_growth_year": null,
            "roe": null,
            "roe_4q": 0,
            "gross_profit": null,
            "gross_margin": null,
            "gross_margin_4q_avg": 0,
            "net_income": null,
            "revenue": null,
            "common_shares": null,
            "book_valuer_per_share": null,
            "book_valuer_per_share_4q_avg": 0,
            "equity": null,
            "current_ratio": null,
            "debt_ratio": null,
            "inventory_turnover_ratio": null,
            "account_receivable_turnover_ratio": null,
            "reinvestment_rate": null,
            "research_to_sale_ratio": null,
            "price_fair": 0,
            "eps_avg_yearly": 0,
            "eps_latest_yearly": 0,
            "eps_growth_yearly": 0
        },
        "20063": {
            "year_quarter": 20063,
            "year": 2006,
            "quarter": 3,
            "eps": null,
            "eps_growth_year": null,
            "eps_4q": null,
            "eps_4q_growth_year": null,
            "roe": null,
            "roe_4q": 0,
            "gross_profit": null,
            "gross_margin": null,
            "gross_margin_4q_avg": 0,
            "net_income": null,
            "revenue": null,
            "common_shares": null,
            "book_valuer_per_share": null,
            "book_valuer_per_share_4q_avg": 0,
            "equity": null,
            "current_ratio": null,
            "debt_ratio": null,
            "inventory_turnover_ratio": null,
            "account_receivable_turnover_ratio": null,
            "reinvestment_rate": null,
            "research_to_sale_ratio": null,
            "price_fair": 0,
            "eps_avg_yearly": 0,
            "eps_latest_yearly": 0,
            "eps_growth_yearly": 0
        },
        "20064": {
            "year_quarter": 20064,
            "year": 2006,
            "quarter": 4,
            "eps": null,
            "eps_growth_year": null,
            "eps_4q": null,
            "eps_4q_growth_year": null,
            "roe": null,
            "roe_4q": 0,
            "gross_profit": null,
            "gross_margin": null,
            "gross_margin_4q_avg": 0,
            "net_income": null,
            "revenue": null,
            "common_shares": null,
            "book_valuer_per_share": null,
            "book_valuer_per_share_4q_avg": 0,
            "equity": null,
            "current_ratio": null,
            "debt_ratio": null,
            "inventory_turnover_ratio": null,
            "account_receivable_turnover_ratio": null,
            "reinvestment_rate": null,
            "research_to_sale_ratio": null,
            "price_fair": 0,
            "eps_avg_yearly": 0,
            "eps_latest_yearly": 0,
            "eps_growth_yearly": 0
        },
        "20071": {
            "year_quarter": 20071,
            "year": 2007,
            "quarter": 1,
            "eps": null,
            "eps_growth_year": null,
            "eps_4q": null,
            "eps_4q_growth_year": null,
            "roe": null,
            "roe_4q": 0,
            "gross_profit": null,
            "gross_margin": null,
            "gross_margin_4q_avg": 0,
            "net_income": null,
            "revenue": null,
            "common_shares": null,
            "book_valuer_per_share": null,
            "book_valuer_per_share_4q_avg": 0,
            "equity": null,
            "current_ratio": null,
            "debt_ratio": null,
            "inventory_turnover_ratio": null,
            "account_receivable_turnover_ratio": null,
            "reinvestment_rate": null,
            "research_to_sale_ratio": null,
            "price_fair": 0,
            "eps_avg_yearly": 0,
            "eps_latest_yearly": 0,
            "eps_growth_yearly": 0
        },
        "20072": {
            "year_quarter": 20072,
            "year": 2007,
            "quarter": 2,
            "eps": null,
            "eps_growth_year": null,
            "eps_4q": null,
            "eps_4q_growth_year": null,
            "roe": null,
            "roe_4q": 0,
            "gross_profit": null,
            "gross_margin": null,
            "gross_margin_4q_avg": 0,
            "net_income": null,
            "revenue": null,
            "common_shares": null,
            "book_valuer_per_share": null,
            "book_valuer_per_share_4q_avg": 0,
            "equity": null,
            "current_ratio": null,
            "debt_ratio": null,
            "inventory_turnover_ratio": null,
            "account_receivable_turnover_ratio": null,
            "reinvestment_rate": null,
            "research_to_sale_ratio": null,
            "price_fair": 0,
            "eps_avg_yearly": 0,
            "eps_latest_yearly": 0,
            "eps_growth_yearly": 0
        },
        "20073": {
            "year_quarter": 20073,
            "year": 2007,
            "quarter": 3,
            "eps": null,
            "eps_growth_year": null,
            "eps_4q": null,
            "eps_4q_growth_year": null,
            "roe": null,
            "roe_4q": 0,
            "gross_profit": null,
            "gross_margin": null,
            "gross_margin_4q_avg": 0,
            "net_income": null,
            "revenue": null,
            "common_shares": null,
            "book_valuer_per_share": null,
            "book_valuer_per_share_4q_avg": 0,
            "equity": null,
            "current_ratio": null,
            "debt_ratio": null,
            "inventory_turnover_ratio": null,
            "account_receivable_turnover_ratio": null,
            "reinvestment_rate": null,
            "research_to_sale_ratio": null,
            "price_fair": 0,
            "eps_avg_yearly": 0,
            "eps_latest_yearly": 0,
            "eps_growth_yearly": 0
        },
        "20074": {
            "year_quarter": 20074,
            "year": 2007,
            "quarter": 4,
            "eps": null,
            "eps_growth_year": null,
            "eps_4q": null,
            "eps_4q_growth_year": null,
            "roe": null,
            "roe_4q": 0,
            "gross_profit": null,
            "gross_margin": null,
            "gross_margin_4q_avg": 0,
            "net_income": null,
            "revenue": null,
            "common_shares": null,
            "book_valuer_per_share": null,
            "book_valuer_per_share_4q_avg": 0,
            "equity": null,
            "current_ratio": null,
            "debt_ratio": null,
            "inventory_turnover_ratio": null,
            "account_receivable_turnover_ratio": null,
            "reinvestment_rate": null,
            "research_to_sale_ratio": null,
            "price_fair": 0,
            "eps_avg_yearly": 0,
            "eps_latest_yearly": 0,
            "eps_growth_yearly": 0
        },
        "20081": {
            "year_quarter": 20081,
            "year": 2008,
            "quarter": 1,
            "eps": null,
            "eps_growth_year": null,
            "eps_4q": null,
            "eps_4q_growth_year": null,
            "roe": null,
            "roe_4q": 0,
            "gross_profit": null,
            "gross_margin": null,
            "gross_margin_4q_avg": 0,
            "net_income": null,
            "revenue": null,
            "common_shares": null,
            "book_valuer_per_share": null,
            "book_valuer_per_share_4q_avg": 0,
            "equity": null,
            "current_ratio": null,
            "debt_ratio": null,
            "inventory_turnover_ratio": null,
            "account_receivable_turnover_ratio": null,
            "reinvestment_rate": null,
            "research_to_sale_ratio": null,
            "price_fair": 0,
            "eps_avg_yearly": 0,
            "eps_latest_yearly": 0,
            "eps_growth_yearly": 0
        },
        "20082": {
            "year_quarter": 20082,
            "year": 2008,
            "quarter": 2,
            "eps": null,
            "eps_growth_year": null,
            "eps_4q": null,
            "eps_4q_growth_year": null,
            "roe": null,
            "roe_4q": 0,
            "gross_profit": null,
            "gross_margin": null,
            "gross_margin_4q_avg": 0,
            "net_income": null,
            "revenue": null,
            "common_shares": null,
            "book_valuer_per_share": null,
            "book_valuer_per_share_4q_avg": 0,
            "equity": null,
            "current_ratio": null,
            "debt_ratio": null,
            "inventory_turnover_ratio": null,
            "account_receivable_turnover_ratio": null,
            "reinvestment_rate": null,
            "research_to_sale_ratio": null,
            "price_fair": 0,
            "eps_avg_yearly": 0,
            "eps_latest_yearly": 0,
            "eps_growth_yearly": 0
        },
        "20083": {
            "year_quarter": 20083,
            "year": 2008,
            "quarter": 3,
            "eps": null,
            "eps_growth_year": null,
            "eps_4q": null,
            "eps_4q_growth_year": null,
            "roe": null,
            "roe_4q": 0,
            "gross_profit": null,
            "gross_margin": null,
            "gross_margin_4q_avg": 0,
            "net_income": null,
            "revenue": null,
            "common_shares": null,
            "book_valuer_per_share": null,
            "book_valuer_per_share_4q_avg": 0,
            "equity": null,
            "current_ratio": null,
            "debt_ratio": null,
            "inventory_turnover_ratio": null,
            "account_receivable_turnover_ratio": null,
            "reinvestment_rate": null,
            "research_to_sale_ratio": null,
            "price_fair": 0,
            "eps_avg_yearly": 0,
            "eps_latest_yearly": 0,
            "eps_growth_yearly": 0
        },
        "20084": {
            "year_quarter": 20084,
            "year": 2008,
            "quarter": 4,
            "eps": null,
            "eps_growth_year": null,
            "eps_4q": null,
            "eps_4q_growth_year": null,
            "roe": null,
            "roe_4q": 0,
            "gross_profit": null,
            "gross_margin": null,
            "gross_margin_4q_avg": 0,
            "net_income": null,
            "revenue": null,
            "common_shares": 300000,
            "book_valuer_per_share": null,
            "book_valuer_per_share_4q_avg": 0,
            "equity": 410995,
            "current_ratio": null,
            "debt_ratio": null,
            "inventory_turnover_ratio": null,
            "account_receivable_turnover_ratio": null,
            "reinvestment_rate": null,
            "research_to_sale_ratio": null,
            "price_fair": 0,
            "eps_avg_yearly": 0,
            "eps_latest_yearly": 0,
            "eps_growth_yearly": 0
        },
        "20091": {
            "year_quarter": 20091,
            "year": 2009,
            "quarter": 1,
            "eps": null,
            "eps_growth_year": null,
            "eps_4q": null,
            "eps_4q_growth_year": null,
            "roe": null,
            "roe_4q": 0,
            "gross_profit": null,
            "gross_margin": null,
            "gross_margin_4q_avg": 0,
            "net_income": null,
            "revenue": null,
            "common_shares": null,
            "book_valuer_per_share": null,
            "book_valuer_per_share_4q_avg": 0,
            "equity": null,
            "current_ratio": null,
            "debt_ratio": null,
            "inventory_turnover_ratio": null,
            "account_receivable_turnover_ratio": null,
            "reinvestment_rate": null,
            "research_to_sale_ratio": null,
            "price_fair": 0,
            "eps_avg_yearly": 0,
            "eps_latest_yearly": 0,
            "eps_growth_yearly": 0
        },
        "20092": {
            "year_quarter": 20092,
            "year": 2009,
            "quarter": 2,
            "eps": null,
            "eps_growth_year": null,
            "eps_4q": null,
            "eps_4q_growth_year": null,
            "roe": null,
            "roe_4q": 0,
            "gross_profit": null,
            "gross_margin": null,
            "gross_margin_4q_avg": 0,
            "net_income": null,
            "revenue": null,
            "common_shares": 300000,
            "book_valuer_per_share": null,
            "book_valuer_per_share_4q_avg": 0,
            "equity": 408682,
            "current_ratio": null,
            "debt_ratio": null,
            "inventory_turnover_ratio": null,
            "account_receivable_turnover_ratio": null,
            "reinvestment_rate": null,
            "research_to_sale_ratio": null,
            "price_fair": 0,
            "eps_avg_yearly": 0,
            "eps_latest_yearly": 0,
            "eps_growth_yearly": 0
        },
        "20093": {
            "year_quarter": 20093,
            "year": 2009,
            "quarter": 3,
            "eps": null,
            "eps_growth_year": null,
            "eps_4q": null,
            "eps_4q_growth_year": null,
            "roe": null,
            "roe_4q": 0,
            "gross_profit": null,
            "gross_margin": null,
            "gross_margin_4q_avg": 0,
            "net_income": null,
            "revenue": null,
            "common_shares": null,
            "book_valuer_per_share": null,
            "book_valuer_per_share_4q_avg": 0,
            "equity": null,
            "current_ratio": null,
            "debt_ratio": null,
            "inventory_turnover_ratio": null,
            "account_receivable_turnover_ratio": null,
            "reinvestment_rate": null,
            "research_to_sale_ratio": null,
            "price_fair": 0,
            "eps_avg_yearly": 0,
            "eps_latest_yearly": 0,
            "eps_growth_yearly": 0
        },
        "20094": {
            "year_quarter": 20094,
            "year": 2009,
            "quarter": 4,
            "eps": null,
            "eps_growth_year": null,
            "eps_4q": null,
            "eps_4q_growth_year": null,
            "roe": null,
            "roe_4q": 0,
            "gross_profit": null,
            "gross_margin": null,
            "gross_margin_4q_avg": 0,
            "net_income": null,
            "revenue": null,
            "common_shares": 300000,
            "book_valuer_per_share": 13.75,
            "book_valuer_per_share_4q_avg": 3.44,
            "equity": 412491,
            "current_ratio": 117.21,
            "debt_ratio": 62.32,
            "inventory_turnover_ratio": null,
            "account_receivable_turnover_ratio": null,
            "reinvestment_rate": null,
            "research_to_sale_ratio": null,
            "price_fair": 0,
            "eps_avg_yearly": 0,
            "eps_latest_yearly": 0,
            "eps_growth_yearly": 0
        },
        "20101": {
            "year_quarter": 20101,
            "year": 2010,
            "quarter": 1,
            "eps": null,
            "eps_growth_year": null,
            "eps_4q": null,
            "eps_4q_growth_year": null,
            "roe": null,
            "roe_4q": 0,
            "gross_profit": null,
            "gross_margin": null,
            "gross_margin_4q_avg": 0,
            "net_income": null,
            "revenue": null,
            "common_shares": null,
            "book_valuer_per_share": null,
            "book_valuer_per_share_4q_avg": 3.44,
            "equity": null,
            "current_ratio": null,
            "debt_ratio": null,
            "inventory_turnover_ratio": null,
            "account_receivable_turnover_ratio": null,
            "reinvestment_rate": null,
            "research_to_sale_ratio": null,
            "price_fair": 0,
            "eps_avg_yearly": 0,
            "eps_latest_yearly": 0,
            "eps_growth_yearly": 0
        },
        "20102": {
            "year_quarter": 20102,
            "year": 2010,
            "quarter": 2,
            "eps": null,
            "eps_growth_year": null,
            "eps_4q": null,
            "eps_4q_growth_year": null,
            "roe": null,
            "roe_4q": 0,
            "gross_profit": null,
            "gross_margin": null,
            "gross_margin_4q_avg": 0,
            "net_income": null,
            "revenue": null,
            "common_shares": 300000,
            "book_valuer_per_share": 14.9,
            "book_valuer_per_share_4q_avg": 7.16,
            "equity": 446853,
            "current_ratio": 137.15,
            "debt_ratio": 61.27,
            "inventory_turnover_ratio": null,
            "account_receivable_turnover_ratio": null,
            "reinvestment_rate": null,
            "research_to_sale_ratio": null,
            "price_fair": 0,
            "eps_avg_yearly": 0,
            "eps_latest_yearly": 0,
            "eps_growth_yearly": 0
        },
        "20103": {
            "year_quarter": 20103,
            "year": 2010,
            "quarter": 3,
            "eps": null,
            "eps_growth_year": null,
            "eps_4q": null,
            "eps_4q_growth_year": null,
            "roe": null,
            "roe_4q": 0,
            "gross_profit": null,
            "gross_margin": null,
            "gross_margin_4q_avg": 0,
            "net_income": null,
            "revenue": null,
            "common_shares": null,
            "book_valuer_per_share": null,
            "book_valuer_per_share_4q_avg": 7.16,
            "equity": null,
            "current_ratio": null,
            "debt_ratio": null,
            "inventory_turnover_ratio": null,
            "account_receivable_turnover_ratio": null,
            "reinvestment_rate": null,
            "research_to_sale_ratio": null,
            "price_fair": 0,
            "eps_avg_yearly": 0,
            "eps_latest_yearly": 0,
            "eps_growth_yearly": 0
        },
        "20104": {
            "year_quarter": 20104,
            "year": 2010,
            "quarter": 4,
            "eps": null,
            "eps_growth_year": null,
            "eps_4q": null,
            "eps_4q_growth_year": null,
            "roe": null,
            "roe_4q": 0,
            "gross_profit": null,
            "gross_margin": null,
            "gross_margin_4q_avg": 0,
            "net_income": null,
            "revenue": null,
            "common_shares": 300000,
            "book_valuer_per_share": 13.57,
            "book_valuer_per_share_4q_avg": 7.12,
            "equity": 407125,
            "current_ratio": 146.09,
            "debt_ratio": 58.59,
            "inventory_turnover_ratio": null,
            "account_receivable_turnover_ratio": null,
            "reinvestment_rate": null,
            "research_to_sale_ratio": null,
            "price_fair": 0,
            "eps_avg_yearly": 0,
            "eps_latest_yearly": 0,
            "eps_growth_yearly": 0
        },
        "20111": {
            "year_quarter": 20111,
            "year": 2011,
            "quarter": 1,
            "eps": null,
            "eps_growth_year": null,
            "eps_4q": null,
            "eps_4q_growth_year": null,
            "roe": null,
            "roe_4q": 0,
            "gross_profit": null,
            "gross_margin": null,
            "gross_margin_4q_avg": 0,
            "net_income": null,
            "revenue": null,
            "common_shares": null,
            "book_valuer_per_share": null,
            "book_valuer_per_share_4q_avg": 7.12,
            "equity": null,
            "current_ratio": null,
            "debt_ratio": null,
            "inventory_turnover_ratio": null,
            "account_receivable_turnover_ratio": null,
            "reinvestment_rate": null,
            "research_to_sale_ratio": null,
            "price_fair": 0,
            "eps_avg_yearly": 0,
            "eps_latest_yearly": 0,
            "eps_growth_yearly": 0
        },
        "20112": {
            "year_quarter": 20112,
            "year": 2011,
            "quarter": 2,
            "eps": null,
            "eps_growth_year": null,
            "eps_4q": null,
            "eps_4q_growth_year": null,
            "roe": null,
            "roe_4q": 0,
            "gross_profit": null,
            "gross_margin": null,
            "gross_margin_4q_avg": 0,
            "net_income": null,
            "revenue": null,
            "common_shares": 300000,
            "book_valuer_per_share": 13.82,
            "book_valuer_per_share_4q_avg": 6.85,
            "equity": 414750,
            "current_ratio": 147.94,
            "debt_ratio": 59.95,
            "inventory_turnover_ratio": null,
            "account_receivable_turnover_ratio": null,
            "reinvestment_rate": null,
            "research_to_sale_ratio": null,
            "price_fair": 0,
            "eps_avg_yearly": 0,
            "eps_latest_yearly": 0,
            "eps_growth_yearly": 0
        },
        "20113": {
            "year_quarter": 20113,
            "year": 2011,
            "quarter": 3,
            "eps": null,
            "eps_growth_year": null,
            "eps_4q": null,
            "eps_4q_growth_year": null,
            "roe": null,
            "roe_4q": 0,
            "gross_profit": null,
            "gross_margin": null,
            "gross_margin_4q_avg": 0,
            "net_income": null,
            "revenue": null,
            "common_shares": null,
            "book_valuer_per_share": null,
            "book_valuer_per_share_4q_avg": 6.85,
            "equity": null,
            "current_ratio": null,
            "debt_ratio": null,
            "inventory_turnover_ratio": null,
            "account_receivable_turnover_ratio": null,
            "reinvestment_rate": null,
            "research_to_sale_ratio": null,
            "price_fair": 0,
            "eps_avg_yearly": 0,
            "eps_latest_yearly": 0,
            "eps_growth_yearly": 0
        },
        "20114": {
            "year_quarter": 20114,
            "year": 2011,
            "quarter": 4,
            "eps": null,
            "eps_growth_year": null,
            "eps_4q": null,
            "eps_4q_growth_year": null,
            "roe": null,
            "roe_4q": 0,
            "gross_profit": null,
            "gross_margin": null,
            "gross_margin_4q_avg": 0,
            "net_income": null,
            "revenue": null,
            "common_shares": 314922,
            "book_valuer_per_share": 14.22,
            "book_valuer_per_share_4q_avg": 7.01,
            "equity": 454596,
            "current_ratio": 178.15,
            "debt_ratio": 51.24,
            "inventory_turnover_ratio": null,
            "account_receivable_turnover_ratio": null,
            "reinvestment_rate": null,
            "research_to_sale_ratio": null,
            "price_fair": 0,
            "eps_avg_yearly": 0,
            "eps_latest_yearly": 0,
            "eps_growth_yearly": 0
        },
        "20121": {
            "year_quarter": 20121,
            "year": 2012,
            "quarter": 1,
            "eps": null,
            "eps_growth_year": null,
            "eps_4q": null,
            "eps_4q_growth_year": null,
            "roe": null,
            "roe_4q": 0,
            "gross_profit": null,
            "gross_margin": null,
            "gross_margin_4q_avg": 0,
            "net_income": null,
            "revenue": null,
            "common_shares": null,
            "book_valuer_per_share": null,
            "book_valuer_per_share_4q_avg": 7.01,
            "equity": null,
            "current_ratio": null,
            "debt_ratio": null,
            "inventory_turnover_ratio": null,
            "account_receivable_turnover_ratio": null,
            "reinvestment_rate": null,
            "research_to_sale_ratio": null,
            "price_fair": 0,
            "eps_avg_yearly": 0,
            "eps_latest_yearly": 0,
            "eps_growth_yearly": 0
        },
        "20122": {
            "year_quarter": 20122,
            "year": 2012,
            "quarter": 2,
            "eps": null,
            "eps_growth_year": null,
            "eps_4q": null,
            "eps_4q_growth_year": null,
            "roe": null,
            "roe_4q": 0,
            "gross_profit": null,
            "gross_margin": null,
            "gross_margin_4q_avg": 0,
            "net_income": null,
            "revenue": null,
            "common_shares": 314922,
            "book_valuer_per_share": 13.55,
            "book_valuer_per_share_4q_avg": 6.94,
            "equity": 441048,
            "current_ratio": 175.39,
            "debt_ratio": 51.51,
            "inventory_turnover_ratio": null,
            "account_receivable_turnover_ratio": null,
            "reinvestment_rate": null,
            "research_to_sale_ratio": null,
            "price_fair": 0,
            "eps_avg_yearly": 0,
            "eps_latest_yearly": 0,
            "eps_growth_yearly": 0
        },
        "20123": {
            "year_quarter": 20123,
            "year": 2012,
            "quarter": 3,
            "eps": null,
            "eps_growth_year": null,
            "eps_4q": null,
            "eps_4q_growth_year": null,
            "roe": null,
            "roe_4q": 0,
            "gross_profit": null,
            "gross_margin": null,
            "gross_margin_4q_avg": 0,
            "net_income": null,
            "revenue": null,
            "common_shares": null,
            "book_valuer_per_share": null,
            "book_valuer_per_share_4q_avg": 6.94,
            "equity": null,
            "current_ratio": null,
            "debt_ratio": null,
            "inventory_turnover_ratio": null,
            "account_receivable_turnover_ratio": null,
            "reinvestment_rate": null,
            "research_to_sale_ratio": null,
            "price_fair": 0,
            "eps_avg_yearly": 0,
            "eps_latest_yearly": 0,
            "eps_growth_yearly": 0
        },
        "20124": {
            "year_quarter": 20124,
            "year": 2012,
            "quarter": 4,
            "eps": null,
            "eps_growth_year": null,
            "eps_4q": null,
            "eps_4q_growth_year": null,
            "roe": null,
            "roe_4q": 0,
            "gross_profit": null,
            "gross_margin": null,
            "gross_margin_4q_avg": 0,
            "net_income": null,
            "revenue": null,
            "common_shares": 314922,
            "book_valuer_per_share": 13.39,
            "book_valuer_per_share_4q_avg": 6.74,
            "equity": 434479,
            "current_ratio": 178.97,
            "debt_ratio": 48.04,
            "inventory_turnover_ratio": null,
            "account_receivable_turnover_ratio": null,
            "reinvestment_rate": null,
            "research_to_sale_ratio": null,
            "price_fair": 0,
            "eps_avg_yearly": 0,
            "eps_latest_yearly": 0,
            "eps_growth_yearly": 0
        },
        "20131": {
            "year_quarter": 20131,
            "year": 2013,
            "quarter": 1,
            "eps": null,
            "eps_growth_year": null,
            "eps_4q": null,
            "eps_4q_growth_year": null,
            "roe": null,
            "roe_4q": 0,
            "gross_profit": null,
            "gross_margin": null,
            "gross_margin_4q_avg": 0,
            "net_income": null,
            "revenue": null,
            "common_shares": null,
            "book_valuer_per_share": null,
            "book_valuer_per_share_4q_avg": 6.74,
            "equity": null,
            "current_ratio": null,
            "debt_ratio": null,
            "inventory_turnover_ratio": null,
            "account_receivable_turnover_ratio": null,
            "reinvestment_rate": null,
            "research_to_sale_ratio": null,
            "price_fair": 0,
            "eps_avg_yearly": 0,
            "eps_latest_yearly": 0,
            "eps_growth_yearly": 0
        },
        "20132": {
            "year_quarter": 20132,
            "year": 2013,
            "quarter": 2,
            "eps": null,
            "eps_growth_year": null,
            "eps_4q": null,
            "eps_4q_growth_year": null,
            "roe": null,
            "roe_4q": 0,
            "gross_profit": null,
            "gross_margin": null,
            "gross_margin_4q_avg": 0,
            "net_income": null,
            "revenue": null,
            "common_shares": 314922,
            "book_valuer_per_share": 14.05,
            "book_valuer_per_share_4q_avg": 6.86,
            "equity": 451426,
            "current_ratio": 167.19,
            "debt_ratio": 49.14,
            "inventory_turnover_ratio": null,
            "account_receivable_turnover_ratio": null,
            "reinvestment_rate": null,
            "research_to_sale_ratio": null,
            "price_fair": 0,
            "eps_avg_yearly": 0,
            "eps_latest_yearly": 0,
            "eps_growth_yearly": 0
        },
        "20133": {
            "year_quarter": 20133,
            "year": 2013,
            "quarter": 3,
            "eps": null,
            "eps_growth_year": null,
            "eps_4q": null,
            "eps_4q_growth_year": null,
            "roe": null,
            "roe_4q": 0,
            "gross_profit": null,
            "gross_margin": null,
            "gross_margin_4q_avg": 0,
            "net_income": null,
            "revenue": null,
            "common_shares": null,
            "book_valuer_per_share": null,
            "book_valuer_per_share_4q_avg": 6.86,
            "equity": null,
            "current_ratio": null,
            "debt_ratio": null,
            "inventory_turnover_ratio": null,
            "account_receivable_turnover_ratio": null,
            "reinvestment_rate": null,
            "research_to_sale_ratio": null,
            "price_fair": 0,
            "eps_avg_yearly": 0,
            "eps_latest_yearly": 0,
            "eps_growth_yearly": 0
        },
        "20134": {
            "year_quarter": 20134,
            "year": 2013,
            "quarter": 4,
            "eps": null,
            "eps_growth_year": null,
            "eps_4q": null,
            "eps_4q_growth_year": null,
            "roe": null,
            "roe_4q": 0,
            "gross_profit": null,
            "gross_margin": null,
            "gross_margin_4q_avg": 0,
            "net_income": null,
            "revenue": null,
            "common_shares": 314782,
            "book_valuer_per_share": 14.14,
            "book_valuer_per_share_4q_avg": 7.05,
            "equity": 452419,
            "current_ratio": 164.3,
            "debt_ratio": 52.04,
            "inventory_turnover_ratio": null,
            "account_receivable_turnover_ratio": null,
            "reinvestment_rate": null,
            "research_to_sale_ratio": null,
            "price_fair": 0,
            "eps_avg_yearly": 0,
            "eps_latest_yearly": 0,
            "eps_growth_yearly": 0
        },
        "20141": {
            "year_quarter": 20141,
            "year": 2014,
            "quarter": 1,
            "eps": null,
            "eps_growth_year": null,
            "eps_4q": null,
            "eps_4q_growth_year": null,
            "roe": null,
            "roe_4q": 0,
            "gross_profit": null,
            "gross_margin": null,
            "gross_margin_4q_avg": 0,
            "net_income": null,
            "revenue": null,
            "common_shares": null,
            "book_valuer_per_share": null,
            "book_valuer_per_share_4q_avg": 7.05,
            "equity": null,
            "current_ratio": null,
            "debt_ratio": null,
            "inventory_turnover_ratio": null,
            "account_receivable_turnover_ratio": null,
            "reinvestment_rate": null,
            "research_to_sale_ratio": null,
            "price_fair": 0,
            "eps_avg_yearly": 0,
            "eps_latest_yearly": 0,
            "eps_growth_yearly": 0
        },
        "20142": {
            "year_quarter": 20142,
            "year": 2014,
            "quarter": 2,
            "eps": null,
            "eps_growth_year": null,
            "eps_4q": null,
            "eps_4q_growth_year": null,
            "roe": null,
            "roe_4q": 0,
            "gross_profit": null,
            "gross_margin": null,
            "gross_margin_4q_avg": 0,
            "net_income": null,
            "revenue": null,
            "common_shares": 314782,
            "book_valuer_per_share": 13.38,
            "book_valuer_per_share_4q_avg": 6.88,
            "equity": 428308,
            "current_ratio": 163.39,
            "debt_ratio": 51.98,
            "inventory_turnover_ratio": null,
            "account_receivable_turnover_ratio": null,
            "reinvestment_rate": null,
            "research_to_sale_ratio": null,
            "price_fair": 0,
            "eps_avg_yearly": 0,
            "eps_latest_yearly": 0,
            "eps_growth_yearly": 0
        },
        "20143": {
            "year_quarter": 20143,
            "year": 2014,
            "quarter": 3,
            "eps": null,
            "eps_growth_year": null,
            "eps_4q": null,
            "eps_4q_growth_year": null,
            "roe": null,
            "roe_4q": 0,
            "gross_profit": null,
            "gross_margin": null,
            "gross_margin_4q_avg": 0,
            "net_income": null,
            "revenue": null,
            "common_shares": null,
            "book_valuer_per_share": null,
            "book_valuer_per_share_4q_avg": 6.88,
            "equity": null,
            "current_ratio": null,
            "debt_ratio": null,
            "inventory_turnover_ratio": null,
            "account_receivable_turnover_ratio": null,
            "reinvestment_rate": null,
            "research_to_sale_ratio": null,
            "price_fair": 0,
            "eps_avg_yearly": 0,
            "eps_latest_yearly": 0,
            "eps_growth_yearly": 0
        },
        "20144": {
            "year_quarter": 20144,
            "year": 2014,
            "quarter": 4,
            "eps": null,
            "eps_growth_year": null,
            "eps_4q": null,
            "eps_4q_growth_year": null,
            "roe": null,
            "roe_4q": 0,
            "gross_profit": null,
            "gross_margin": null,
            "gross_margin_4q_avg": 0,
            "net_income": null,
            "revenue": null,
            "common_shares": 313882,
            "book_valuer_per_share": 14.56,
            "book_valuer_per_share_4q_avg": 6.99,
            "equity": 466068,
            "current_ratio": 181.36,
            "debt_ratio": 48.45,
            "inventory_turnover_ratio": null,
            "account_receivable_turnover_ratio": null,
            "reinvestment_rate": null,
            "research_to_sale_ratio": null,
            "price_fair": 0,
            "eps_avg_yearly": 0,
            "eps_latest_yearly": 0,
            "eps_growth_yearly": 0
        },
        "20151": {
            "year_quarter": 20151,
            "year": 2015,
            "quarter": 1,
            "eps": null,
            "eps_growth_year": null,
            "eps_4q": null,
            "eps_4q_growth_year": null,
            "roe": null,
            "roe_4q": 0,
            "gross_profit": null,
            "gross_margin": null,
            "gross_margin_4q_avg": 0,
            "net_income": null,
            "revenue": null,
            "common_shares": null,
            "book_valuer_per_share": null,
            "book_valuer_per_share_4q_avg": 6.99,
            "equity": null,
            "current_ratio": null,
            "debt_ratio": null,
            "inventory_turnover_ratio": null,
            "account_receivable_turnover_ratio": null,
            "reinvestment_rate": null,
            "research_to_sale_ratio": null,
            "price_fair": 0,
            "eps_avg_yearly": 0,
            "eps_latest_yearly": 0,
            "eps_growth_yearly": 0
        },
        "20152": {
            "year_quarter": 20152,
            "year": 2015,
            "quarter": 2,
            "eps": null,
            "eps_growth_year": null,
            "eps_4q": null,
            "eps_4q_growth_year": null,
            "roe": null,
            "roe_4q": 0,
            "gross_profit": null,
            "gross_margin": null,
            "gross_margin_4q_avg": 0,
            "net_income": null,
            "revenue": null,
            "common_shares": 313882,
            "book_valuer_per_share": 13.57,
            "book_valuer_per_share_4q_avg": 7.03,
            "equity": 429586,
            "current_ratio": 163.94,
            "debt_ratio": 50.83,
            "inventory_turnover_ratio": null,
            "account_receivable_turnover_ratio": null,
            "reinvestment_rate": null,
            "research_to_sale_ratio": null,
            "price_fair": 0,
            "eps_avg_yearly": 0,
            "eps_latest_yearly": 0,
            "eps_growth_yearly": 0
        },
        "20153": {
            "year_quarter": 20153,
            "year": 2015,
            "quarter": 3,
            "eps": null,
            "eps_growth_year": null,
            "eps_4q": null,
            "eps_4q_growth_year": null,
            "roe": null,
            "roe_4q": 0,
            "gross_profit": null,
            "gross_margin": null,
            "gross_margin_4q_avg": 0,
            "net_income": null,
            "revenue": null,
            "common_shares": null,
            "book_valuer_per_share": null,
            "book_valuer_per_share_4q_avg": 7.03,
            "equity": null,
            "current_ratio": null,
            "debt_ratio": null,
            "inventory_turnover_ratio": null,
            "account_receivable_turnover_ratio": null,
            "reinvestment_rate": null,
            "research_to_sale_ratio": null,
            "price_fair": 0,
            "eps_avg_yearly": 0,
            "eps_latest_yearly": 0,
            "eps_growth_yearly": 0
        },
        "20154": {
            "year_quarter": 20154,
            "year": 2015,
            "quarter": 4,
            "eps": null,
            "eps_growth_year": null,
            "eps_4q": null,
            "eps_4q_growth_year": null,
            "roe": null,
            "roe_4q": 0,
            "gross_profit": null,
            "gross_margin": null,
            "gross_margin_4q_avg": 0,
            "net_income": null,
            "revenue": null,
            "common_shares": 313882,
            "book_valuer_per_share": 14.55,
            "book_valuer_per_share_4q_avg": 7.03,
            "equity": 459213,
            "current_ratio": 190.97,
            "debt_ratio": 48.36,
            "inventory_turnover_ratio": null,
            "account_receivable_turnover_ratio": null,
            "reinvestment_rate": null,
            "research_to_sale_ratio": null,
            "price_fair": 0,
            "eps_avg_yearly": 0,
            "eps_latest_yearly": 0,
            "eps_growth_yearly": 0
        },
        "20161": {
            "year_quarter": 20161,
            "year": 2016,
            "quarter": 1,
            "eps": null,
            "eps_growth_year": null,
            "eps_4q": null,
            "eps_4q_growth_year": null,
            "roe": null,
            "roe_4q": 0,
            "gross_profit": null,
            "gross_margin": null,
            "gross_margin_4q_avg": 0,
            "net_income": null,
            "revenue": null,
            "common_shares": null,
            "book_valuer_per_share": null,
            "book_valuer_per_share_4q_avg": 7.03,
            "equity": null,
            "current_ratio": null,
            "debt_ratio": null,
            "inventory_turnover_ratio": null,
            "account_receivable_turnover_ratio": null,
            "reinvestment_rate": null,
            "research_to_sale_ratio": null,
            "price_fair": 0,
            "eps_avg_yearly": 0,
            "eps_latest_yearly": 0,
            "eps_growth_yearly": 0
        },
        "20162": {
            "year_quarter": 20162,
            "year": 2016,
            "quarter": 2,
            "eps": null,
            "eps_growth_year": null,
            "eps_4q": null,
            "eps_4q_growth_year": null,
            "roe": null,
            "roe_4q": 0,
            "gross_profit": null,
            "gross_margin": null,
            "gross_margin_4q_avg": 0,
            "net_income": null,
            "revenue": null,
            "common_shares": 313882,
            "book_valuer_per_share": 13.58,
            "book_valuer_per_share_4q_avg": 7.03,
            "equity": 419526,
            "current_ratio": 154.5,
            "debt_ratio": 55.41,
            "inventory_turnover_ratio": null,
            "account_receivable_turnover_ratio": null,
            "reinvestment_rate": null,
            "research_to_sale_ratio": null,
            "price_fair": 0,
            "eps_avg_yearly": 0,
            "eps_latest_yearly": 0,
            "eps_growth_yearly": 0
        },
        "20163": {
            "year_quarter": 20163,
            "year": 2016,
            "quarter": 3,
            "eps": null,
            "eps_growth_year": null,
            "eps_4q": null,
            "eps_4q_growth_year": null,
            "roe": null,
            "roe_4q": 0,
            "gross_profit": null,
            "gross_margin": null,
            "gross_margin_4q_avg": 0,
            "net_income": null,
            "revenue": null,
            "common_shares": null,
            "book_valuer_per_share": null,
            "book_valuer_per_share_4q_avg": 7.03,
            "equity": null,
            "current_ratio": null,
            "debt_ratio": null,
            "inventory_turnover_ratio": null,
            "account_receivable_turnover_ratio": null,
            "reinvestment_rate": null,
            "research_to_sale_ratio": null,
            "price_fair": 0,
            "eps_avg_yearly": 0,
            "eps_latest_yearly": 0,
            "eps_growth_yearly": 0
        },
        "20164": {
            "year_quarter": 20164,
            "year": 2016,
            "quarter": 4,
            "eps": null,
            "eps_growth_year": null,
            "eps_4q": null,
            "eps_4q_growth_year": null,
            "roe": null,
            "roe_4q": 0,
            "gross_profit": null,
            "gross_margin": null,
            "gross_margin_4q_avg": 0,
            "net_income": null,
            "revenue": null,
            "common_shares": null,
            "book_valuer_per_share": null,
            "book_valuer_per_share_4q_avg": 3.4,
            "equity": null,
            "current_ratio": null,
            "debt_ratio": null,
            "inventory_turnover_ratio": null,
            "account_receivable_turnover_ratio": null,
            "reinvestment_rate": null,
            "research_to_sale_ratio": null,
            "price_fair": 0,
            "eps_avg_yearly": 0,
            "eps_latest_yearly": 0,
            "eps_growth_yearly": 0
        },
        "20171": {
            "year_quarter": 20171,
            "year": 2017,
            "quarter": 1,
            "eps": null,
            "eps_growth_year": null,
            "eps_4q": null,
            "eps_4q_growth_year": null,
            "roe": null,
            "roe_4q": 0,
            "gross_profit": null,
            "gross_margin": null,
            "gross_margin_4q_avg": 0,
            "net_income": null,
            "revenue": null,
            "common_shares": null,
            "book_valuer_per_share": null,
            "book_valuer_per_share_4q_avg": 3.4,
            "equity": null,
            "current_ratio": null,
            "debt_ratio": null,
            "inventory_turnover_ratio": null,
            "account_receivable_turnover_ratio": null,
            "reinvestment_rate": null,
            "research_to_sale_ratio": null,
            "price_fair": 0,
            "eps_avg_yearly": 0,
            "eps_latest_yearly": 0,
            "eps_growth_yearly": 0
        },
        "20172": {
            "year_quarter": 20172,
            "year": 2017,
            "quarter": 2,
            "eps": null,
            "eps_growth_year": null,
            "eps_4q": null,
            "eps_4q_growth_year": null,
            "roe": null,
            "roe_4q": 0,
            "gross_profit": null,
            "gross_margin": null,
            "gross_margin_4q_avg": 0,
            "net_income": null,
            "revenue": null,
            "common_shares": 313882,
            "book_valuer_per_share": 12.44,
            "book_valuer_per_share_4q_avg": 3.11,
            "equity": 382814,
            "current_ratio": 141.08,
            "debt_ratio": 59.97,
            "inventory_turnover_ratio": null,
            "account_receivable_turnover_ratio": null,
            "reinvestment_rate": null,
            "research_to_sale_ratio": null,
            "price_fair": 0,
            "eps_avg_yearly": 0,
            "eps_latest_yearly": 0,
            "eps_growth_yearly": 0
        },
        "20173": {
            "year_quarter": 20173,
            "year": 2017,
            "quarter": 3,
            "eps": null,
            "eps_growth_year": null,
            "eps_4q": null,
            "eps_4q_growth_year": null,
            "roe": null,
            "roe_4q": 0,
            "gross_profit": null,
            "gross_margin": null,
            "gross_margin_4q_avg": 0,
            "net_income": null,
            "revenue": null,
            "common_shares": null,
            "book_valuer_per_share": null,
            "book_valuer_per_share_4q_avg": 3.11,
            "equity": null,
            "current_ratio": null,
            "debt_ratio": null,
            "inventory_turnover_ratio": null,
            "account_receivable_turnover_ratio": null,
            "reinvestment_rate": null,
            "research_to_sale_ratio": null,
            "price_fair": 0,
            "eps_avg_yearly": 0,
            "eps_latest_yearly": 0,
            "eps_growth_yearly": 0
        },
        "20174": {
            "year_quarter": 20174,
            "year": 2017,
            "quarter": 4,
            "eps": null,
            "eps_growth_year": null,
            "eps_4q": null,
            "eps_4q_growth_year": null,
            "roe": null,
            "roe_4q": 0,
            "gross_profit": null,
            "gross_margin": null,
            "gross_margin_4q_avg": 0,
            "net_income": null,
            "revenue": null,
            "common_shares": 313882,
            "book_valuer_per_share": 12.8,
            "book_valuer_per_share_4q_avg": 6.31,
            "equity": 388573,
            "current_ratio": 133.16,
            "debt_ratio": 59.54,
            "inventory_turnover_ratio": null,
            "account_receivable_turnover_ratio": null,
            "reinvestment_rate": null,
            "research_to_sale_ratio": null,
            "price_fair": 0,
            "eps_avg_yearly": 0,
            "eps_latest_yearly": 0,
            "eps_growth_yearly": 0
        },
        "20181": {
            "year_quarter": 20181,
            "year": 2018,
            "quarter": 1,
            "eps": null,
            "eps_growth_year": null,
            "eps_4q": null,
            "eps_4q_growth_year": null,
            "roe": null,
            "roe_4q": 0,
            "gross_profit": null,
            "gross_margin": null,
            "gross_margin_4q_avg": 0,
            "net_income": null,
            "revenue": null,
            "common_shares": null,
            "book_valuer_per_share": null,
            "book_valuer_per_share_4q_avg": 6.31,
            "equity": null,
            "current_ratio": null,
            "debt_ratio": null,
            "inventory_turnover_ratio": null,
            "account_receivable_turnover_ratio": null,
            "reinvestment_rate": null,
            "research_to_sale_ratio": null,
            "price_fair": 0,
            "eps_avg_yearly": 0,
            "eps_latest_yearly": 0,
            "eps_growth_yearly": 0
        },
        "20182": {
            "year_quarter": 20182,
            "year": 2018,
            "quarter": 2,
            "eps": null,
            "eps_growth_year": null,
            "eps_4q": null,
            "eps_4q_growth_year": null,
            "roe": null,
            "roe_4q": 0,
            "gross_profit": null,
            "gross_margin": null,
            "gross_margin_4q_avg": 0,
            "net_income": null,
            "revenue": null,
            "common_shares": 313882,
            "book_valuer_per_share": 13.6,
            "book_valuer_per_share_4q_avg": 6.6,
            "equity": 412777,
            "current_ratio": 135.52,
            "debt_ratio": 61.89,
            "inventory_turnover_ratio": null,
            "account_receivable_turnover_ratio": null,
            "reinvestment_rate": null,
            "research_to_sale_ratio": null,
            "price_fair": 0,
            "eps_avg_yearly": 0,
            "eps_latest_yearly": 0,
            "eps_growth_yearly": 0
        },
        "20183": {
            "year_quarter": 20183,
            "year": 2018,
            "quarter": 3,
            "eps": null,
            "eps_growth_year": null,
            "eps_4q": null,
            "eps_4q_growth_year": null,
            "roe": null,
            "roe_4q": 0,
            "gross_profit": null,
            "gross_margin": null,
            "gross_margin_4q_avg": 0,
            "net_income": null,
            "revenue": null,
            "common_shares": null,
            "book_valuer_per_share": null,
            "book_valuer_per_share_4q_avg": 6.6,
            "equity": null,
            "current_ratio": null,
            "debt_ratio": null,
            "inventory_turnover_ratio": null,
            "account_receivable_turnover_ratio": null,
            "reinvestment_rate": null,
            "research_to_sale_ratio": null,
            "price_fair": 0,
            "eps_avg_yearly": 0,
            "eps_latest_yearly": 0,
            "eps_growth_yearly": 0
        },
        "20184": {
            "year_quarter": 20184,
            "year": 2018,
            "quarter": 4,
            "eps": null,
            "eps_growth_year": null,
            "eps_4q": null,
            "eps_4q_growth_year": null,
            "roe": null,
            "roe_4q": 0,
            "gross_profit": null,
            "gross_margin": null,
            "gross_margin_4q_avg": 0,
            "net_income": null,
            "revenue": null,
            "common_shares": 310112,
            "book_valuer_per_share": 14.25,
            "book_valuer_per_share_4q_avg": 6.96,
            "equity": 427215,
            "current_ratio": 152.25,
            "debt_ratio": 61.57,
            "inventory_turnover_ratio": null,
            "account_receivable_turnover_ratio": null,
            "reinvestment_rate": null,
            "research_to_sale_ratio": null,
            "price_fair": 0,
            "eps_avg_yearly": 0,
            "eps_latest_yearly": 0,
            "eps_growth_yearly": 0
        },
        "20191": {
            "year_quarter": 20191,
            "year": 2019,
            "quarter": 1,
            "eps": null,
            "eps_growth_year": null,
            "eps_4q": null,
            "eps_4q_growth_year": null,
            "roe": null,
            "roe_4q": 0,
            "gross_profit": null,
            "gross_margin": null,
            "gross_margin_4q_avg": 0,
            "net_income": null,
            "revenue": null,
            "common_shares": null,
            "book_valuer_per_share": null,
            "book_valuer_per_share_4q_avg": 6.96,
            "equity": null,
            "current_ratio": null,
            "debt_ratio": null,
            "inventory_turnover_ratio": null,
            "account_receivable_turnover_ratio": null,
            "reinvestment_rate": null,
            "research_to_sale_ratio": null,
            "price_fair": 0,
            "eps_avg_yearly": 0,
            "eps_latest_yearly": 0,
            "eps_growth_yearly": 0
        },
        "20192": {
            "year_quarter": 20192,
            "year": 2019,
            "quarter": 2,
            "eps": null,
            "eps_growth_year": null,
            "eps_4q": null,
            "eps_4q_growth_year": null,
            "roe": null,
            "roe_4q": 0,
            "gross_profit": null,
            "gross_margin": null,
            "gross_margin_4q_avg": 0,
            "net_income": null,
            "revenue": null,
            "common_shares": 310112,
            "book_valuer_per_share": 12.79,
            "book_valuer_per_share_4q_avg": 6.76,
            "equity": 389897,
            "current_ratio": 138.91,
            "debt_ratio": 64.13,
            "inventory_turnover_ratio": null,
            "account_receivable_turnover_ratio": null,
            "reinvestment_rate": null,
            "research_to_sale_ratio": null,
            "price_fair": 0,
            "eps_avg_yearly": 0,
            "eps_latest_yearly": 0,
            "eps_growth_yearly": 0
        },
        "20193": {
            "year_quarter": 20193,
            "year": 2019,
            "quarter": 3,
            "eps": 0.23,
            "eps_growth_year": null,
            "eps_4q": null,
            "eps_4q_growth_year": null,
            "roe": 1.81,
            "roe_4q": 1.81,
            "gross_profit": 52674,
            "gross_margin": 26.45,
            "gross_margin_4q_avg": 6.61,
            "net_income": 7107,
            "revenue": 199118,
            "common_shares": 310112,
            "book_valuer_per_share": 12.88,
            "book_valuer_per_share_4q_avg": 9.98,
            "equity": 394080,
            "current_ratio": 136.4,
            "debt_ratio": 63.3,
            "inventory_turnover_ratio": 1.64,
            "account_receivable_turnover_ratio": 0.99,
            "reinvestment_rate": null,
            "research_to_sale_ratio": 1.84,
            "price_fair": 0,
            "eps_avg_yearly": 0,
            "eps_latest_yearly": 0,
            "eps_growth_yearly": 0
        },
        "20194": {
            "year_quarter": 20194,
            "year": 2019,
            "quarter": 4,
            "eps": 0.25,
            "eps_growth_year": null,
            "eps_4q": null,
            "eps_4q_growth_year": null,
            "roe": 1.94,
            "roe_4q": 3.75,
            "gross_profit": 48771,
            "gross_margin": 27.06,
            "gross_margin_4q_avg": 13.38,
            "net_income": 7680,
            "revenue": 180211,
            "common_shares": 310112,
            "book_valuer_per_share": 13.02,
            "book_valuer_per_share_4q_avg": 9.67,
            "equity": 398200,
            "current_ratio": 141.63,
            "debt_ratio": 57.82,
            "inventory_turnover_ratio": 1.62,
            "account_receivable_turnover_ratio": 0.89,
            "reinvestment_rate": null,
            "research_to_sale_ratio": 2.01,
            "price_fair": 35,
            "eps_avg_yearly": 1,
            "eps_latest_yearly": 1,
            "eps_growth_yearly": 34.78
        },
        "20201": {
            "year_quarter": 20201,
            "year": 2020,
            "quarter": 1,
            "eps": 0.08,
            "eps_growth_year": null,
            "eps_4q": null,
            "eps_4q_growth_year": null,
            "roe": 0.57,
            "roe_4q": 4.32,
            "gross_profit": 37000,
            "gross_margin": 25.55,
            "gross_margin_4q_avg": 19.77,
            "net_income": 2427,
            "revenue": 144826,
            "common_shares": 351462,
            "book_valuer_per_share": 13.25,
            "book_valuer_per_share_4q_avg": 12.99,
            "equity": 460017,
            "current_ratio": 173.56,
            "debt_ratio": 49.96,
            "inventory_turnover_ratio": 1.45,
            "account_receivable_turnover_ratio": 0.8,
            "reinvestment_rate": null,
            "research_to_sale_ratio": 1.74,
            "price_fair": 1.98,
            "eps_avg_yearly": 0.66,
            "eps_latest_yearly": 0.32,
            "eps_growth_yearly": -118.61
        },
        "20202": {
            "year_quarter": 20202,
            "year": 2020,
            "quarter": 2,
            "eps": 0.35,
            "eps_growth_year": null,
            "eps_4q": 0.85,
            "eps_4q_growth_year": null,
            "roe": 2.72,
            "roe_4q": 7.040000000000001,
            "gross_profit": 57020,
            "gross_margin": 29.68,
            "gross_margin_4q_avg": 27.19,
            "net_income": 12292,
            "revenue": 192113,
            "common_shares": 351462,
            "book_valuer_per_share": 12.72,
            "book_valuer_per_share_4q_avg": 12.97,
            "equity": 443390,
            "current_ratio": 156.67,
            "debt_ratio": 53.87,
            "inventory_turnover_ratio": 1.59,
            "account_receivable_turnover_ratio": 1.01,
            "reinvestment_rate": null,
            "research_to_sale_ratio": 1.36,
            "price_fair": 31.73,
            "eps_avg_yearly": 0.91,
            "eps_latest_yearly": 1.4,
            "eps_growth_yearly": 370.93
        },
        "20203": {
            "year_quarter": 20203,
            "year": 2020,
            "quarter": 3,
            "eps": 0.5,
            "eps_growth_year": 117.39,
            "eps_4q": 1.14,
            "eps_4q_growth_year": null,
            "roe": 3.87,
            "roe_4q": 9.1,
            "gross_profit": 68964,
            "gross_margin": 29.41,
            "gross_margin_4q_avg": 27.93,
            "net_income": 17610,
            "revenue": 234525,
            "common_shares": 351462,
            "book_valuer_per_share": 13.28,
            "book_valuer_per_share_4q_avg": 13.07,
            "equity": 465751,
            "current_ratio": 165.83,
            "debt_ratio": 51.72,
            "inventory_turnover_ratio": 1.7,
            "account_receivable_turnover_ratio": 1.01,
            "reinvestment_rate": null,
            "research_to_sale_ratio": 1.45,
            "price_fair": 41.3,
            "eps_avg_yearly": 1.18,
            "eps_latest_yearly": 2,
            "eps_growth_yearly": 321.05
        },
        "20204": {
            "year_quarter": 20204,
            "year": 2020,
            "quarter": 4,
            "eps": 0.32,
            "eps_growth_year": 26.54,
            "eps_4q": 1.24,
            "eps_4q_growth_year": null,
            "roe": 2.36,
            "roe_4q": 9.520000000000001,
            "gross_profit": 62990,
            "gross_margin": 24.34,
            "gross_margin_4q_avg": 27.25,
            "net_income": 11140,
            "revenue": 258796,
            "common_shares": 351462,
            "book_valuer_per_share": 13.69,
            "book_valuer_per_share_4q_avg": 13.24,
            "equity": 480098,
            "current_ratio": 160.51,
            "debt_ratio": 52.61,
            "inventory_turnover_ratio": 2.06,
            "account_receivable_turnover_ratio": 0.98,
            "reinvestment_rate": null,
            "research_to_sale_ratio": 1.08,
            "price_fair": 42,
            "eps_avg_yearly": 1.2,
            "eps_latest_yearly": 1.28,
            "eps_growth_yearly": 228.04
        },
        "20211": {
            "year_quarter": 20211,
            "year": 2021,
            "quarter": 1,
            "eps": 0.39,
            "eps_growth_year": 387.5,
            "eps_4q": 1.56,
            "eps_4q_growth_year": null,
            "roe": 2.84,
            "roe_4q": 11.790000000000001,
            "gross_profit": 56231,
            "gross_margin": 22.97,
            "gross_margin_4q_avg": 26.6,
            "net_income": 13790,
            "revenue": 244797,
            "common_shares": 351462,
            "book_valuer_per_share": 14.02,
            "book_valuer_per_share_4q_avg": 13.43,
            "equity": 491628,
            "current_ratio": 166.14,
            "debt_ratio": 52.45,
            "inventory_turnover_ratio": 1.89,
            "account_receivable_turnover_ratio": 0.9,
            "reinvestment_rate": null,
            "research_to_sale_ratio": 0.57,
            "price_fair": 44.1,
            "eps_avg_yearly": 1.26,
            "eps_latest_yearly": 1.56,
            "eps_growth_yearly": 204.62
        },
        "20212": {
            "year_quarter": 20212,
            "year": 2021,
            "quarter": 2,
            "eps": 0.56,
            "eps_growth_year": 60,
            "eps_4q": 1.78,
            "eps_4q_growth_year": 110.08,
            "roe": 4.11,
            "roe_4q": 13.18,
            "gross_profit": 74308,
            "gross_margin": 27.13,
            "gross_margin_4q_avg": 25.96,
            "net_income": 19788,
            "revenue": 273919,
            "common_shares": 351462,
            "book_valuer_per_share": 13.42,
            "book_valuer_per_share_4q_avg": 13.6,
            "equity": 470433,
            "current_ratio": 188.75,
            "debt_ratio": 55.52,
            "inventory_turnover_ratio": 1.71,
            "account_receivable_turnover_ratio": 0.98,
            "reinvestment_rate": null,
            "research_to_sale_ratio": 0.66,
            "price_fair": 49,
            "eps_avg_yearly": 1.4,
            "eps_latest_yearly": 2.24,
            "eps_growth_yearly": 200.3
        },
        "20213": {
            "year_quarter": 20213,
            "year": 2021,
            "quarter": 3,
            "eps": 0.67,
            "eps_growth_year": 34,
            "eps_4q": 1.77,
            "eps_4q_growth_year": 55.4,
            "roe": 4.67,
            "roe_4q": 13.98,
            "gross_profit": 77100,
            "gross_margin": 28.59,
            "gross_margin_4q_avg": 25.76,
            "net_income": 24548,
            "revenue": 269669,
            "common_shares": 391462,
            "book_valuer_per_share": 14.89,
            "book_valuer_per_share_4q_avg": 14.01,
            "equity": 581433,
            "current_ratio": 197.37,
            "debt_ratio": 46.99,
            "inventory_turnover_ratio": 1.55,
            "account_receivable_turnover_ratio": 0.94,
            "reinvestment_rate": null,
            "research_to_sale_ratio": 0.69,
            "price_fair": 54.6,
            "eps_avg_yearly": 1.56,
            "eps_latest_yearly": 2.68,
            "eps_growth_yearly": 185.08
        },
        "20214": {
            "year_quarter": 20214,
            "year": 2021,
            "quarter": 4,
            "eps": 0.48,
            "eps_growth_year": 49.69,
            "eps_4q": 1.96,
            "eps_4q_growth_year": 58.39,
            "roe": 3.15,
            "roe_4q": 14.77,
            "gross_profit": 64408,
            "gross_margin": 23.31,
            "gross_margin_4q_avg": 25.5,
            "net_income": 18578,
            "revenue": 276288,
            "common_shares": 391462,
            "book_valuer_per_share": 15.36,
            "book_valuer_per_share_4q_avg": 14.42,
            "equity": 599873,
            "current_ratio": 224.83,
            "debt_ratio": 44.96,
            "inventory_turnover_ratio": 1.72,
            "account_receivable_turnover_ratio": 1,
            "reinvestment_rate": null,
            "research_to_sale_ratio": 0.81,
            "price_fair": 56,
            "eps_avg_yearly": 1.6,
            "eps_latest_yearly": 1.92,
            "eps_growth_yearly": 151.91
        },
        "20221": {
            "year_quarter": 20221,
            "year": 2022,
            "quarter": 1,
            "eps": 0.17,
            "eps_growth_year": -56.41,
            "eps_4q": 1.78,
            "eps_4q_growth_year": 13.55,
            "roe": 1.06,
            "roe_4q": 12.989999999999998,
            "gross_profit": 40173,
            "gross_margin": 17.17,
            "gross_margin_4q_avg": 24.05,
            "net_income": 6454,
            "revenue": 233983,
            "common_shares": 391462,
            "book_valuer_per_share": 15.71,
            "book_valuer_per_share_4q_avg": 14.85,
            "equity": 613554,
            "current_ratio": 243.92,
            "debt_ratio": 45.91,
            "inventory_turnover_ratio": 1.4,
            "account_receivable_turnover_ratio": 0.9,
            "reinvestment_rate": null,
            "research_to_sale_ratio": 0.72,
            "price_fair": 52.78,
            "eps_avg_yearly": 1.51,
            "eps_latest_yearly": 0.68,
            "eps_growth_yearly": 110.89
        },
        "20222": {
            "year_quarter": 20222,
            "year": 2022,
            "quarter": 2,
            "eps": 0.55,
            "eps_growth_year": -1.79,
            "eps_4q": 1.82,
            "eps_4q_growth_year": 2.37,
            "roe": 3.64,
            "roe_4q": 12.52,
            "gross_profit": 59557,
            "gross_margin": 23.52,
            "gross_margin_4q_avg": 23.15,
            "net_income": 21508,
            "revenue": 253203,
            "common_shares": 391462,
            "book_valuer_per_share": 14.51,
            "book_valuer_per_share_4q_avg": 15.12,
            "equity": 566889,
            "current_ratio": 201.55,
            "debt_ratio": 52.82,
            "inventory_turnover_ratio": 1.16,
            "account_receivable_turnover_ratio": 0.94,
            "reinvestment_rate": null,
            "research_to_sale_ratio": 0.8,
            "price_fair": 54.98,
            "eps_avg_yearly": 1.57,
            "eps_latest_yearly": 2.2,
            "eps_growth_yearly": 182.09
        },
        "20223": {
            "year_quarter": 20223,
            "year": 2022,
            "quarter": 3,
            "eps": 1.12,
            "eps_growth_year": 67.16,
            "eps_4q": 2.31,
            "eps_4q_growth_year": 30.17,
            "roe": 7.38,
            "roe_4q": 15.23,
            "gross_profit": 85931,
            "gross_margin": 26.76,
            "gross_margin_4q_avg": 22.69,
            "net_income": 43621,
            "revenue": 321077,
            "common_shares": 391462,
            "book_valuer_per_share": 15.75,
            "book_valuer_per_share_4q_avg": 15.33,
            "equity": 615309,
            "current_ratio": 223.07,
            "debt_ratio": 50.06,
            "inventory_turnover_ratio": 1.27,
            "account_receivable_turnover_ratio": 0.97,
            "reinvestment_rate": null,
            "research_to_sale_ratio": 0.47,
            "price_fair": 63.47,
            "eps_avg_yearly": 1.81,
            "eps_latest_yearly": 4.48,
            "eps_growth_yearly": 201.46
        },
        "20224": {
            "year_quarter": 20224,
            "year": 2022,
            "quarter": 4,
            "eps": 0.22,
            "eps_growth_year": -52.72,
            "eps_4q": 2.06,
            "eps_4q_growth_year": 4.94,
            "roe": 1.42,
            "roe_4q": 13.500000000000002,
            "gross_profit": 63088,
            "gross_margin": 26.5,
            "gross_margin_4q_avg": 23.49,
            "net_income": 8768,
            "revenue": 238053,
            "common_shares": 391462,
            "book_valuer_per_share": 15.8,
            "book_valuer_per_share_4q_avg": 15.44,
            "equity": 616121,
            "current_ratio": 259.3,
            "debt_ratio": 46.02,
            "inventory_turnover_ratio": 1.07,
            "account_receivable_turnover_ratio": 0.71,
            "reinvestment_rate": null,
            "research_to_sale_ratio": 0.67,
            "price_fair": 60.95,
            "eps_avg_yearly": 1.74,
            "eps_latest_yearly": 0.88,
            "eps_growth_yearly": 161.24
        },
        "20231": {
            "year_quarter": 20231,
            "year": 2023,
            "quarter": 1,
            "eps": 0.02,
            "eps_growth_year": -88.24,
            "eps_4q": 1.93,
            "eps_4q_growth_year": 8.4,
            "roe": 0.12,
            "roe_4q": 12.56,
            "gross_profit": 32995,
            "gross_margin": 19.17,
            "gross_margin_4q_avg": 23.99,
            "net_income": 720,
            "revenue": 172153,
            "common_shares": 391462,
            "book_valuer_per_share": 15.78,
            "book_valuer_per_share_4q_avg": 15.46,
            "equity": 611514,
            "current_ratio": 210.89,
            "debt_ratio": 44.47,
            "inventory_turnover_ratio": 1.08,
            "account_receivable_turnover_ratio": 0.7,
            "reinvestment_rate": null,
            "research_to_sale_ratio": 0.84,
            "price_fair": 56.8,
            "eps_avg_yearly": 1.62,
            "eps_latest_yearly": 0.08,
            "eps_growth_yearly": 123.75
        }
    },
    "months": {
        "2008-05": {
            "month": "2008-05",
            "price": "23.54",
            "revenue": 99907
        },
        "2008-07": {
            "month": "2008-07",
            "price": "23.50",
            "revenue": 75494
        },
        "2008-10": {
            "month": "2008-10",
            "price": "22.80",
            "revenue": 66796
        },
        "2009-03": {
            "month": "2009-03",
            "price": "21.00",
            "revenue": 103800
        },
        "2009-04": {
            "month": "2009-04",
            "price": "22.32",
            "revenue": 122921
        },
        "2009-06": {
            "month": "2009-06",
            "price": "21.22",
            "revenue": 117018
        },
        "2009-07": {
            "month": "2009-07",
            "price": "16.21",
            "revenue": 126471
        },
        "2009-08": {
            "month": "2009-08",
            "price": "15.30",
            "revenue": 125830
        },
        "2009-09": {
            "month": "2009-09",
            "price": "15.43",
            "revenue": 144775
        },
        "2009-10": {
            "month": "2009-10",
            "price": "15.37",
            "revenue": 111783
        },
        "2009-11": {
            "month": "2009-11",
            "price": "15.00",
            "revenue": 119325
        },
        "2009-12": {
            "month": "2009-12",
            "price": "15.23",
            "revenue": 157971
        },
        "2010-03": {
            "month": "2010-03",
            "price": "15.28",
            "revenue": 156845
        },
        "2010-04": {
            "month": "2010-04",
            "price": "15.32",
            "revenue": 149670
        },
        "2010-05": {
            "month": "2010-05",
            "price": "14.93",
            "revenue": 136263
        },
        "2010-06": {
            "month": "2010-06",
            "price": "14.83",
            "revenue": 143664
        },
        "2010-07": {
            "month": "2010-07",
            "price": "15.05",
            "revenue": 133686
        },
        "2010-08": {
            "month": "2010-08",
            "price": "14.98",
            "revenue": 131788
        },
        "2010-09": {
            "month": "2010-09",
            "price": "15.34",
            "revenue": 133472
        },
        "2010-10": {
            "month": "2010-10",
            "price": "15.37",
            "revenue": 116505
        },
        "2010-11": {
            "month": "2010-11",
            "price": "14.55",
            "revenue": 122137
        },
        "2010-12": {
            "month": "2010-12",
            "price": "14.56",
            "revenue": 137857
        },
        "2011-01": {
            "month": "2011-01",
            "price": "14.98",
            "revenue": 123657
        },
        "2011-02": {
            "month": "2011-02",
            "price": "15.08",
            "revenue": 92996
        },
        "2011-03": {
            "month": "2011-03",
            "price": "14.81",
            "revenue": 129646
        },
        "2011-04": {
            "month": "2011-04",
            "price": "14.47",
            "revenue": 133854
        },
        "2011-05": {
            "month": "2011-05",
            "price": "15.71",
            "revenue": 122029
        },
        "2011-06": {
            "month": "2011-06",
            "price": "15.23",
            "revenue": 113431
        },
        "2011-10": {
            "month": "2011-10",
            "price": "14.73",
            "revenue": 95795
        },
        "2011-11": {
            "month": "2011-11",
            "price": "15.10",
            "revenue": 95448
        },
        "2011-12": {
            "month": "2011-12",
            "price": "16.20",
            "revenue": 98899
        },
        "2012-01": {
            "month": "2012-01",
            "price": "14.10",
            "revenue": 75063
        },
        "2012-02": {
            "month": "2012-02",
            "price": "14.49",
            "revenue": 82686
        },
        "2012-03": {
            "month": "2012-03",
            "price": "17.46",
            "revenue": 84127
        },
        "2012-04": {
            "month": "2012-04",
            "price": "14.37",
            "revenue": 83000
        },
        "2012-06": {
            "month": "2012-06",
            "price": "13.34",
            "revenue": 89290
        },
        "2012-07": {
            "month": "2012-07",
            "price": "12.64",
            "revenue": 81057
        },
        "2012-09": {
            "month": "2012-09",
            "price": "12.07",
            "revenue": 77560
        },
        "2012-10": {
            "month": "2012-10",
            "price": "11.59",
            "revenue": 65308
        },
        "2012-11": {
            "month": "2012-11",
            "price": "11.50",
            "revenue": 70351
        },
        "2013-01": {
            "month": "2013-01",
            "price": "11.15",
            "revenue": 74599
        },
        "2013-02": {
            "month": "2013-02",
            "price": "11.22",
            "revenue": 59512
        },
        "2013-03": {
            "month": "2013-03",
            "price": "11.22",
            "revenue": 72797
        },
        "2013-04": {
            "month": "2013-04",
            "price": "11.02",
            "revenue": 77095
        },
        "2013-06": {
            "month": "2013-06",
            "price": "11.43",
            "revenue": 77846
        },
        "2013-07": {
            "month": "2013-07",
            "price": "13.30",
            "revenue": 77385
        },
        "2013-08": {
            "month": "2013-08",
            "price": "12.96",
            "revenue": 79034
        },
        "2013-09": {
            "month": "2013-09",
            "price": "13.84",
            "revenue": 74455
        },
        "2013-10": {
            "month": "2013-10",
            "price": "13.65",
            "revenue": 70240
        },
        "2013-11": {
            "month": "2013-11",
            "price": "13.40",
            "revenue": 97828
        },
        "2014-02": {
            "month": "2014-02",
            "price": "13.65",
            "revenue": 65274
        },
        "2014-03": {
            "month": "2014-03",
            "price": "13.39",
            "revenue": 66548
        },
        "2014-04": {
            "month": "2014-04",
            "price": "12.46",
            "revenue": 64707
        },
        "2014-05": {
            "month": "2014-05",
            "price": "12.97",
            "revenue": 70937
        },
        "2014-06": {
            "month": "2014-06",
            "price": "13.00",
            "revenue": 62857
        },
        "2014-07": {
            "month": "2014-07",
            "price": "12.86",
            "revenue": 65767
        },
        "2014-08": {
            "month": "2014-08",
            "price": "12.60",
            "revenue": 65048
        },
        "2014-09": {
            "month": "2014-09",
            "price": "13.77",
            "revenue": 65907
        },
        "2014-10": {
            "month": "2014-10",
            "price": "13.60",
            "revenue": 63433
        },
        "2014-11": {
            "month": "2014-11",
            "price": "13.12",
            "revenue": 64457
        },
        "2014-12": {
            "month": "2014-12",
            "price": "12.56",
            "revenue": 63742
        },
        "2015-01": {
            "month": "2015-01",
            "price": "11.85",
            "revenue": 62433
        },
        "2015-02": {
            "month": "2015-02",
            "price": "11.18",
            "revenue": 49770
        },
        "2015-03": {
            "month": "2015-03",
            "price": "11.40",
            "revenue": 58101
        },
        "2015-04": {
            "month": "2015-04",
            "price": "11.77",
            "revenue": 57041
        },
        "2015-05": {
            "month": "2015-05",
            "price": "13.31",
            "revenue": 56012
        },
        "2015-06": {
            "month": "2015-06",
            "price": "14.79",
            "revenue": 52436
        },
        "2015-07": {
            "month": "2015-07",
            "price": "14.01",
            "revenue": 58798
        },
        "2015-08": {
            "month": "2015-08",
            "price": "13.76",
            "revenue": 54002
        },
        "2015-09": {
            "month": "2015-09",
            "price": "12.68",
            "revenue": 57314
        },
        "2015-10": {
            "month": "2015-10",
            "price": "12.67",
            "revenue": 54206
        },
        "2015-11": {
            "month": "2015-11",
            "price": "12.63",
            "revenue": 87686
        },
        "2015-12": {
            "month": "2015-12",
            "price": "13.09",
            "revenue": 75101
        },
        "2016-01": {
            "month": "2016-01",
            "price": "14.00",
            "revenue": 59397
        },
        "2016-02": {
            "month": "2016-02",
            "price": "14.16",
            "revenue": 47059
        },
        "2016-03": {
            "month": "2016-03",
            "price": "14.16",
            "revenue": 66455
        },
        "2016-04": {
            "month": "2016-04",
            "price": "14.02",
            "revenue": 57174
        },
        "2016-05": {
            "month": "2016-05",
            "price": "14.60",
            "revenue": 61656
        },
        "2016-07": {
            "month": "2016-07",
            "price": "14.37",
            "revenue": 60432
        },
        "2016-08": {
            "month": "2016-08",
            "price": "14.10",
            "revenue": 60425
        },
        "2016-09": {
            "month": "2016-09",
            "price": "14.25",
            "revenue": 56783
        },
        "2016-10": {
            "month": "2016-10",
            "price": "14.76",
            "revenue": 50549
        },
        "2016-11": {
            "month": "2016-11",
            "price": "14.84",
            "revenue": 54869
        },
        "2016-12": {
            "month": "2016-12",
            "price": "14.83",
            "revenue": 65635
        },
        "2017-01": {
            "month": "2017-01",
            "price": "14.50",
            "revenue": 49453
        },
        "2017-02": {
            "month": "2017-02",
            "price": "14.62",
            "revenue": 43690
        },
        "2017-03": {
            "month": "2017-03",
            "price": "14.34",
            "revenue": 61774
        },
        "2017-04": {
            "month": "2017-04",
            "price": "14.10",
            "revenue": 58354
        },
        "2017-05": {
            "month": "2017-05",
            "price": "13.70",
            "revenue": 54136
        },
        "2017-06": {
            "month": "2017-06",
            "price": "14.07",
            "revenue": 60420
        },
        "2017-07": {
            "month": "2017-07",
            "price": "14.00",
            "revenue": 52891
        },
        "2017-08": {
            "month": "2017-08",
            "price": "13.85",
            "revenue": 51806
        },
        "2017-09": {
            "month": "2017-09",
            "price": "13.90",
            "revenue": 52718
        },
        "2017-10": {
            "month": "2017-10",
            "price": "13.78",
            "revenue": 49439
        },
        "2017-11": {
            "month": "2017-11",
            "price": "13.66",
            "revenue": 55760
        },
        "2017-12": {
            "month": "2017-12",
            "price": "12.94",
            "revenue": 64364
        },
        "2018-01": {
            "month": "2018-01",
            "price": "13.30",
            "revenue": 58288
        },
        "2018-02": {
            "month": "2018-02",
            "price": "12.88",
            "revenue": 51541
        },
        "2018-06": {
            "month": "2018-06",
            "price": "12.70",
            "revenue": 72308
        },
        "2018-07": {
            "month": "2018-07",
            "price": "12.44",
            "revenue": 87353
        },
        "2018-08": {
            "month": "2018-08",
            "price": "13.84",
            "revenue": 88230
        },
        "2018-09": {
            "month": "2018-09",
            "price": "14.57",
            "revenue": 59780
        },
        "2018-10": {
            "month": "2018-10",
            "price": "14.19",
            "revenue": 61102
        },
        "2018-11": {
            "month": "2018-11",
            "price": "14.46",
            "revenue": 59345
        },
        "2018-12": {
            "month": "2018-12",
            "price": "14.85",
            "revenue": 65270
        },
        "2019-01": {
            "month": "2019-01",
            "price": "14.33",
            "revenue": 99474
        },
        "2019-02": {
            "month": "2019-02",
            "price": "15.91",
            "revenue": 60749
        },
        "2019-03": {
            "month": "2019-03",
            "price": "17.45",
            "revenue": 65277
        },
        "2019-04": {
            "month": "2019-04",
            "price": "20.01",
            "revenue": 54655
        },
        "2019-05": {
            "month": "2019-05",
            "price": "18.74",
            "revenue": 54679
        },
        "2019-06": {
            "month": "2019-06",
            "price": "18.49",
            "revenue": 64872
        },
        "2019-07": {
            "month": "2019-07",
            "price": "18.08",
            "revenue": 65798
        },
        "2019-08": {
            "month": "2019-08",
            "price": "18.12",
            "revenue": 67714
        },
        "2019-09": {
            "month": "2019-09",
            "price": "17.17",
            "revenue": 66162
        },
        "2019-10": {
            "month": "2019-10",
            "price": "19.28",
            "revenue": 60358
        },
        "2019-11": {
            "month": "2019-11",
            "price": "19.59",
            "revenue": 60496
        },
        "2019-12": {
            "month": "2019-12",
            "price": "21.32",
            "revenue": 58139
        },
        "2020-01": {
            "month": "2020-01",
            "price": "21.85",
            "revenue": 47589
        },
        "2020-02": {
            "month": "2020-02",
            "price": "19.72",
            "revenue": 35045
        },
        "2020-03": {
            "month": "2020-03",
            "price": "15.34",
            "revenue": 62192
        },
        "2020-04": {
            "month": "2020-04",
            "price": "14.89",
            "revenue": 64098
        },
        "2020-05": {
            "month": "2020-05",
            "price": "16.26",
            "revenue": 59286
        },
        "2020-06": {
            "month": "2020-06",
            "price": "16.41",
            "revenue": 68729
        },
        "2020-07": {
            "month": "2020-07",
            "price": "16.58",
            "revenue": 76117
        },
        "2020-08": {
            "month": "2020-08",
            "price": "16.95",
            "revenue": 82626
        },
        "2020-09": {
            "month": "2020-09",
            "price": "19.29",
            "revenue": 75782
        },
        "2020-10": {
            "month": "2020-10",
            "price": "19.18",
            "revenue": 80225
        },
        "2020-11": {
            "month": "2020-11",
            "price": "19.74",
            "revenue": 77261
        },
        "2020-12": {
            "month": "2020-12",
            "price": "19.79",
            "revenue": 101310
        },
        "2021-01": {
            "month": "2021-01",
            "price": "24.75",
            "revenue": 89324
        },
        "2021-02": {
            "month": "2021-02",
            "price": "31.65",
            "revenue": 61689
        },
        "2021-03": {
            "month": "2021-03",
            "price": "31.15",
            "revenue": 93785
        },
        "2021-04": {
            "month": "2021-04",
            "price": "33.80",
            "revenue": 89029
        },
        "2021-05": {
            "month": "2021-05",
            "price": "27.94",
            "revenue": 90120
        },
        "2021-06": {
            "month": "2021-06",
            "price": "29.71",
            "revenue": 94769
        },
        "2021-07": {
            "month": "2021-07",
            "price": "29.70",
            "revenue": 102477
        },
        "2021-08": {
            "month": "2021-08",
            "price": "27.59",
            "revenue": 86810
        },
        "2021-09": {
            "month": "2021-09",
            "price": "27.26",
            "revenue": 80383
        },
        "2021-10": {
            "month": "2021-10",
            "price": "26.99",
            "revenue": 88965
        },
        "2021-11": {
            "month": "2021-11",
            "price": "27.14",
            "revenue": 93819
        },
        "2021-12": {
            "month": "2021-12",
            "price": "31.01",
            "revenue": 93774
        },
        "2022-01": {
            "month": "2022-01",
            "price": "30.30",
            "revenue": 74385
        },
        "2022-02": {
            "month": "2022-02",
            "price": "28.39",
            "revenue": 71375
        },
        "2022-03": {
            "month": "2022-03",
            "price": "28.59",
            "revenue": 88223
        },
        "2022-04": {
            "month": "2022-04",
            "price": "27.16",
            "revenue": 63411
        },
        "2022-05": {
            "month": "2022-05",
            "price": "25.26",
            "revenue": 89824
        },
        "2022-06": {
            "month": "2022-06",
            "price": "24.36",
            "revenue": 99967
        },
        "2022-07": {
            "month": "2022-07",
            "price": "23.57",
            "revenue": 103155
        },
        "2022-08": {
            "month": "2022-08",
            "price": "24.09",
            "revenue": 109855
        },
        "2022-09": {
            "month": "2022-09",
            "price": "26.07",
            "revenue": 108067
        },
        "2022-10": {
            "month": "2022-10",
            "price": "23.21",
            "revenue": 104187
        },
        "2022-11": {
            "month": "2022-11",
            "price": "24.57",
            "revenue": 61246
        },
        "2022-12": {
            "month": "2022-12",
            "price": "23.80",
            "revenue": 72620
        },
        "2023-01": {
            "month": "2023-01",
            "price": "23.68",
            "revenue": 45497
        },
        "2023-02": {
            "month": "2023-02",
            "price": "23.99",
            "revenue": 57723
        },
        "2023-03": {
            "month": "2023-03",
            "price": "25.14",
            "revenue": 68934
        },
        "2023-04": {
            "month": "2023-04",
            "price": "25.38",
            "revenue": 56216
        }
    }
}
