{
    "summary": {
        "stock_name": "宏致",
        "stock_id": "3605",
        "category": "電子零組件",
        "main_business": "電子、電腦、車用、網通、消費性電子、工業、醫療等連接器及配件<br>電子線連接線組、無線通訊射頻連接器線組、金屬沖壓件<br>前各項及各式零組件等產品之研發、生產及銷售等業務",
        "website_url": "http://www.acesconn.com",
        "ceo": "楊宗霖",
        "pe_ratio": -40,
        "report_year_from": 2007,
        "report_year_to": 2023,
        "age": 16,
        "eps_negative_percentage": 6,
        "eps_growth_avg": {
            "last_all": 9.02,
            "last_2y": 4.27,
            "last_4y": 29.26,
            "last_8y": 16.44,
            "last_12y": 1.47,
            "last_16y": null,
            "last_20y": null,
            "at_2006_last_3y": null,
            "at_2007_last_3y": null,
            "at_2008_last_3y": null,
            "at_2009_last_3y": null,
            "at_2010_last_3y": null,
            "at_2011_last_3y": 17.9,
            "at_2012_last_3y": -22.05,
            "at_2013_last_3y": -32.22,
            "at_2014_last_3y": 5.33,
            "at_2015_last_3y": -12.7,
            "at_2016_last_3y": 10.66,
            "at_2017_last_3y": 0.4,
            "at_2018_last_3y": 0.4,
            "at_2019_last_3y": 25.42,
            "at_2020_last_3y": 15.31,
            "at_2021_last_3y": 51.44,
            "at_2022_last_3y": 11.58,
            "at_2023_last_3y": 11.58,
            "at_2006_last_all": null,
            "at_2007_last_all": null,
            "at_2008_last_all": null,
            "at_2009_last_all": 58.13,
            "at_2010_last_all": 22.02,
            "at_2011_last_all": 17.9,
            "at_2012_last_all": 1.37,
            "at_2013_last_all": -2.1,
            "at_2014_last_all": 12.48,
            "at_2015_last_all": 2.6,
            "at_2016_last_all": 5.5,
            "at_2017_last_all": -1.1,
            "at_2018_last_all": 8.09,
            "at_2019_last_all": 10.21,
            "at_2020_last_all": 8.52,
            "at_2021_last_all": 13.91,
            "at_2022_last_all": 9.02,
            "at_2023_last_all": 9.02
        },
        "latest_eps": -0.75,
        "latest_price": 30.2,
        "latest_roe": -1.87,
        "latest_gross_margin": 18.4,
        "latest_equity": 5425448,
        "latest_revenue": 2040206,
        "latest_gross_profit": 375461,
        "latest_net_income": -163274,
        "latest_debt_ratio": 57.9,
        "latest_current_ratio": 122.37,
        "latest_account_receivable_turnover_ratio": 0.82,
        "latest_inventory_turnover_ratio": 1.23,
        "latest_reinvestment_rate": 135.45,
        "latest_research_to_sale_ratio": 7.42
    },
    "eps_dividends": {
        "2001": {
            "cash": 0,
            "stock": 0,
            "eps": 0
        },
        "2002": {
            "cash": 0,
            "stock": 0,
            "eps": 0
        },
        "2003": {
            "cash": 0,
            "stock": 0,
            "eps": 0
        },
        "2004": {
            "cash": 0,
            "stock": 0,
            "eps": 0
        },
        "2005": {
            "cash": 0,
            "stock": 0,
            "eps": 0
        },
        "2006": {
            "cash": 0,
            "stock": 0,
            "eps": 0
        },
        "2007": {
            "cash": 0,
            "stock": 0,
            "eps": 4.45
        },
        "2008": {
            "cash": 3,
            "stock": 1,
            "eps": 8.68
        },
        "2009": {
            "cash": 3,
            "stock": 1,
            "eps": 10.52
        },
        "2010": {
            "cash": 2.99,
            "stock": 2.99,
            "eps": 5.24
        },
        "2011": {
            "cash": 7.02,
            "stock": 0,
            "eps": 5.53
        },
        "2012": {
            "cash": 0,
            "stock": 0,
            "eps": 1.95
        },
        "2013": {
            "cash": 1.2,
            "stock": 0,
            "eps": 1.57
        },
        "2014": {
            "cash": 0.69,
            "stock": 0,
            "eps": 3.65
        },
        "2015": {
            "cash": 1.2,
            "stock": 0,
            "eps": 1.22
        },
        "2016": {
            "cash": 0.4,
            "stock": 0,
            "eps": 1.57
        },
        "2017": {
            "cash": 0.6,
            "stock": 0,
            "eps": 0.62
        },
        "2018": {
            "cash": 0.4,
            "stock": 0,
            "eps": 1.91
        },
        "2019": {
            "cash": 0.7,
            "stock": 0,
            "eps": 2.55
        },
        "2020": {
            "cash": 0.75,
            "stock": 0,
            "eps": 2.25
        },
        "2021": {
            "cash": 0.7,
            "stock": 0,
            "eps": 4.14
        },
        "2022": {
            "cash": 1.5,
            "stock": 0,
            "eps": 1.68
        },
        "2023": {
            "cash": 0.55,
            "stock": 0,
            "eps": -1.21
        }
    },
    "dividends": {
        "2008-04-22": {
            "cash": 3,
            "stock": 1
        },
        "2009-03-31": {
            "cash": 3,
            "stock": 1
        },
        "2010-03-22": {
            "cash": 2.99,
            "stock": 2.99
        },
        "2011-01-01": {
            "cash": 3.5,
            "stock": 0
        },
        "2011-03-23": {
            "cash": 3.52,
            "stock": 0
        },
        "2013-03-26": {
            "cash": 1.2,
            "stock": 0
        },
        "2014-10-17": {
            "cash": 0.69,
            "stock": 0
        },
        "2015-08-20": {
            "cash": 1.2,
            "stock": 0
        },
        "2016-08-25": {
            "cash": 0.4,
            "stock": 0
        },
        "2017-08-30": {
            "cash": 0.6,
            "stock": 0
        },
        "2018-08-30": {
            "cash": 0.4,
            "stock": 0
        },
        "2019-08-30": {
            "cash": 0.7,
            "stock": 0
        },
        "2020-08-25": {
            "cash": 0.75,
            "stock": 0
        },
        "2021-09-30": {
            "cash": 0.7,
            "stock": 0
        },
        "2022-09-02": {
            "cash": 1.5,
            "stock": 0
        },
        "2023-03-24": {
            "cash": 0.55,
            "stock": 0
        }
    },
    "prices": {
        "200101": "無",
        "200102": "無",
        "200103": "無",
        "200104": "無",
        "200105": "無",
        "200106": "無",
        "200107": "無",
        "200108": "無",
        "200109": "無",
        "200110": "無",
        "200111": "無",
        "200112": "無",
        "200201": "無",
        "200202": "無",
        "200203": "無",
        "200204": "無",
        "200205": "無",
        "200206": "無",
        "200207": "無",
        "200208": "無",
        "200209": "無",
        "200210": "無",
        "200211": "無",
        "200212": "無",
        "200301": "無",
        "200302": "無",
        "200303": "無",
        "200304": "無",
        "200305": "無",
        "200306": "無",
        "200307": "無",
        "200308": "無",
        "200309": "無",
        "200310": "無",
        "200311": "無",
        "200312": "無",
        "200401": "無",
        "200402": "無",
        "200403": "無",
        "200404": "無",
        "200405": "無",
        "200406": "無",
        "200407": "無",
        "200408": "無",
        "200409": "無",
        "200410": "無",
        "200411": "無",
        "200412": "無",
        "200501": "無",
        "200502": "無",
        "200503": "無",
        "200504": "無",
        "200505": "無",
        "200506": "無",
        "200507": "無",
        "200508": "無",
        "200509": "無",
        "200510": "無",
        "200511": "無",
        "200512": "無",
        "200601": "無",
        "200602": "無",
        "200603": "無",
        "200604": "無",
        "200605": "無",
        "200606": "無",
        "200607": "無",
        "200608": "無",
        "200609": "無",
        "200610": "無",
        "200611": "無",
        "200612": "無",
        "200701": "無",
        "200702": "無",
        "200703": "無",
        "200704": "無",
        "200705": "無",
        "200706": "無",
        "200707": "無",
        "200708": "無",
        "200709": "無",
        "200710": "無",
        "200711": "無",
        "200712": "123.22",
        "200801": "104.58",
        "200802": "84.89",
        "200803": "92.77",
        "200804": "91.48",
        "200805": "91.12",
        "200806": "94.87",
        "200807": "90.17",
        "200808": "87.33",
        "200809": "81.02",
        "200810": "61.95",
        "200811": "63.06",
        "200812": "53.87",
        "200901": "52.37",
        "200902": "52.93",
        "200903": "71.78",
        "200904": "73.78",
        "200905": "96.83",
        "200906": "81.50",
        "200907": "97.44",
        "200908": "128.92",
        "200909": "130.36",
        "200910": "124.70",
        "200911": "119.33",
        "200912": "125.76",
        "201001": "118.85",
        "201002": "99.99",
        "201003": "108.83",
        "201004": "118.86",
        "201005": "102.53",
        "201006": "95.93",
        "201007": "96.18",
        "201008": "100.01",
        "201009": "84.15",
        "201010": "69.33",
        "201011": "57.98",
        "201012": "61.67",
        "201101": "59.56",
        "201102": "55.73",
        "201103": "53.55",
        "201104": "56.83",
        "201105": "64.67",
        "201106": "68.98",
        "201107": "65.03",
        "201108": "52.27",
        "201109": "51.93",
        "201110": "49.56",
        "201111": "53.07",
        "201112": "48.83",
        "201201": "52.03",
        "201202": "60.02",
        "201203": "61.31",
        "201204": "52.64",
        "201205": "45.87",
        "201206": "42.07",
        "201207": "43.09",
        "201208": "43.70",
        "201209": "47.27",
        "201210": "41.69",
        "201211": "37.05",
        "201212": "36.73",
        "201301": "34.81",
        "201302": "33.40",
        "201303": "33.93",
        "201304": "33.53",
        "201305": "29.84",
        "201306": "25.77",
        "201307": "24.87",
        "201308": "24.38",
        "201309": "22.44",
        "201310": "22.92",
        "201311": "19.94",
        "201312": "22.02",
        "201401": "24.26",
        "201402": "29.93",
        "201403": "30.21",
        "201404": "31.37",
        "201405": "36.92",
        "201406": "38.84",
        "201407": "39.17",
        "201408": "43.44",
        "201409": "43.61",
        "201410": "38.05",
        "201411": "37.96",
        "201412": "42.60",
        "201501": "42.52",
        "201502": "41.02",
        "201503": "40.30",
        "201504": "34.76",
        "201505": "28.54",
        "201506": "24.61",
        "201507": "21.46",
        "201508": "17.00",
        "201509": "19.12",
        "201510": "23.70",
        "201511": "26.93",
        "201512": "28.00",
        "201601": "27.96",
        "201602": "37.41",
        "201603": "36.50",
        "201604": "34.75",
        "201605": "26.93",
        "201606": "26.17",
        "201607": "25.84",
        "201608": "24.49",
        "201609": "24.77",
        "201610": "24.71",
        "201611": "22.83",
        "201612": "24.32",
        "201701": "24.67",
        "201702": "25.98",
        "201703": "26.51",
        "201704": "25.25",
        "201705": "25.52",
        "201706": "27.58",
        "201707": "28.33",
        "201708": "27.86",
        "201709": "27.83",
        "201710": "27.36",
        "201711": "26.56",
        "201712": "24.50",
        "201801": "25.37",
        "201802": "23.72",
        "201803": "26.50",
        "201804": "26.46",
        "201805": "23.02",
        "201806": "21.82",
        "201807": "21.30",
        "201808": "22.25",
        "201809": "21.33",
        "201810": "17.72",
        "201811": "20.53",
        "201812": "23.24",
        "201901": "22.90",
        "201902": "25.05",
        "201903": "25.55",
        "201904": "25.48",
        "201905": "23.11",
        "201906": "21.59",
        "201907": "22.31",
        "201908": "22.14",
        "201909": "23.82",
        "201910": "25.30",
        "201911": "28.46",
        "201912": "29.42",
        "202001": "29.69",
        "202002": "26.99",
        "202003": "21.04",
        "202004": "21.98",
        "202005": "24.29",
        "202006": "26.60",
        "202007": "27.08",
        "202008": "29.70",
        "202009": "31.10",
        "202010": "33.35",
        "202011": "33.17",
        "202012": "34.86",
        "202101": "43.46",
        "202102": "44.10",
        "202103": "45.64",
        "202104": "46.67",
        "202105": "40.78",
        "202106": "47.01",
        "202107": "57.73",
        "202108": "54.54",
        "202109": "49.26",
        "202110": "43.69",
        "202111": "49.00",
        "202112": "49.91",
        "202201": "47.98",
        "202202": "50.99",
        "202203": "49.93",
        "202204": "43.80",
        "202205": "41.20",
        "202206": "40.30",
        "202207": "37.26",
        "202208": "37.80",
        "202209": "33.72",
        "202210": "29.15",
        "202211": "31.22",
        "202212": "33.02",
        "202301": "31.87",
        "202302": "33.82",
        "202303": "33.38",
        "202304": "31.02",
        "202305": "29.16",
        "202306": "30.05"
    },
    "quarters": {
        "20011": {
            "year_quarter": 20011,
            "year": 2001,
            "quarter": 1,
            "eps": null,
            "eps_growth_year": null,
            "eps_4q": null,
            "eps_4q_growth_year": null,
            "roe": null,
            "roe_4q": 0,
            "gross_profit": null,
            "gross_margin": null,
            "gross_margin_4q_avg": 0,
            "net_income": null,
            "revenue": null,
            "common_shares": null,
            "book_valuer_per_share": null,
            "book_valuer_per_share_4q_avg": 0,
            "equity": null,
            "current_ratio": null,
            "debt_ratio": null,
            "inventory_turnover_ratio": null,
            "account_receivable_turnover_ratio": null,
            "reinvestment_rate": null,
            "research_to_sale_ratio": null,
            "price_fair": 0,
            "eps_avg_yearly": 0,
            "eps_latest_yearly": 0,
            "eps_growth_yearly": 0
        },
        "20012": {
            "year_quarter": 20012,
            "year": 2001,
            "quarter": 2,
            "eps": null,
            "eps_growth_year": null,
            "eps_4q": null,
            "eps_4q_growth_year": null,
            "roe": null,
            "roe_4q": 0,
            "gross_profit": null,
            "gross_margin": null,
            "gross_margin_4q_avg": 0,
            "net_income": null,
            "revenue": null,
            "common_shares": null,
            "book_valuer_per_share": null,
            "book_valuer_per_share_4q_avg": 0,
            "equity": null,
            "current_ratio": null,
            "debt_ratio": null,
            "inventory_turnover_ratio": null,
            "account_receivable_turnover_ratio": null,
            "reinvestment_rate": null,
            "research_to_sale_ratio": null,
            "price_fair": 0,
            "eps_avg_yearly": 0,
            "eps_latest_yearly": 0,
            "eps_growth_yearly": 0
        },
        "20013": {
            "year_quarter": 20013,
            "year": 2001,
            "quarter": 3,
            "eps": null,
            "eps_growth_year": null,
            "eps_4q": null,
            "eps_4q_growth_year": null,
            "roe": null,
            "roe_4q": 0,
            "gross_profit": null,
            "gross_margin": null,
            "gross_margin_4q_avg": 0,
            "net_income": null,
            "revenue": null,
            "common_shares": null,
            "book_valuer_per_share": null,
            "book_valuer_per_share_4q_avg": 0,
            "equity": null,
            "current_ratio": null,
            "debt_ratio": null,
            "inventory_turnover_ratio": null,
            "account_receivable_turnover_ratio": null,
            "reinvestment_rate": null,
            "research_to_sale_ratio": null,
            "price_fair": 0,
            "eps_avg_yearly": 0,
            "eps_latest_yearly": 0,
            "eps_growth_yearly": 0
        },
        "20014": {
            "year_quarter": 20014,
            "year": 2001,
            "quarter": 4,
            "eps": null,
            "eps_growth_year": null,
            "eps_4q": null,
            "eps_4q_growth_year": null,
            "roe": null,
            "roe_4q": 0,
            "gross_profit": null,
            "gross_margin": null,
            "gross_margin_4q_avg": 0,
            "net_income": null,
            "revenue": null,
            "common_shares": null,
            "book_valuer_per_share": null,
            "book_valuer_per_share_4q_avg": 0,
            "equity": null,
            "current_ratio": null,
            "debt_ratio": null,
            "inventory_turnover_ratio": null,
            "account_receivable_turnover_ratio": null,
            "reinvestment_rate": null,
            "research_to_sale_ratio": null,
            "price_fair": 0,
            "eps_avg_yearly": 0,
            "eps_latest_yearly": 0,
            "eps_growth_yearly": 0
        },
        "20021": {
            "year_quarter": 20021,
            "year": 2002,
            "quarter": 1,
            "eps": null,
            "eps_growth_year": null,
            "eps_4q": null,
            "eps_4q_growth_year": null,
            "roe": null,
            "roe_4q": 0,
            "gross_profit": null,
            "gross_margin": null,
            "gross_margin_4q_avg": 0,
            "net_income": null,
            "revenue": null,
            "common_shares": null,
            "book_valuer_per_share": null,
            "book_valuer_per_share_4q_avg": 0,
            "equity": null,
            "current_ratio": null,
            "debt_ratio": null,
            "inventory_turnover_ratio": null,
            "account_receivable_turnover_ratio": null,
            "reinvestment_rate": null,
            "research_to_sale_ratio": null,
            "price_fair": 0,
            "eps_avg_yearly": 0,
            "eps_latest_yearly": 0,
            "eps_growth_yearly": 0
        },
        "20022": {
            "year_quarter": 20022,
            "year": 2002,
            "quarter": 2,
            "eps": null,
            "eps_growth_year": null,
            "eps_4q": null,
            "eps_4q_growth_year": null,
            "roe": null,
            "roe_4q": 0,
            "gross_profit": null,
            "gross_margin": null,
            "gross_margin_4q_avg": 0,
            "net_income": null,
            "revenue": null,
            "common_shares": null,
            "book_valuer_per_share": null,
            "book_valuer_per_share_4q_avg": 0,
            "equity": null,
            "current_ratio": null,
            "debt_ratio": null,
            "inventory_turnover_ratio": null,
            "account_receivable_turnover_ratio": null,
            "reinvestment_rate": null,
            "research_to_sale_ratio": null,
            "price_fair": 0,
            "eps_avg_yearly": 0,
            "eps_latest_yearly": 0,
            "eps_growth_yearly": 0
        },
        "20023": {
            "year_quarter": 20023,
            "year": 2002,
            "quarter": 3,
            "eps": null,
            "eps_growth_year": null,
            "eps_4q": null,
            "eps_4q_growth_year": null,
            "roe": null,
            "roe_4q": 0,
            "gross_profit": null,
            "gross_margin": null,
            "gross_margin_4q_avg": 0,
            "net_income": null,
            "revenue": null,
            "common_shares": null,
            "book_valuer_per_share": null,
            "book_valuer_per_share_4q_avg": 0,
            "equity": null,
            "current_ratio": null,
            "debt_ratio": null,
            "inventory_turnover_ratio": null,
            "account_receivable_turnover_ratio": null,
            "reinvestment_rate": null,
            "research_to_sale_ratio": null,
            "price_fair": 0,
            "eps_avg_yearly": 0,
            "eps_latest_yearly": 0,
            "eps_growth_yearly": 0
        },
        "20024": {
            "year_quarter": 20024,
            "year": 2002,
            "quarter": 4,
            "eps": null,
            "eps_growth_year": null,
            "eps_4q": null,
            "eps_4q_growth_year": null,
            "roe": null,
            "roe_4q": 0,
            "gross_profit": null,
            "gross_margin": null,
            "gross_margin_4q_avg": 0,
            "net_income": null,
            "revenue": null,
            "common_shares": 60000,
            "book_valuer_per_share": 12.26,
            "book_valuer_per_share_4q_avg": 3.07,
            "equity": 73552,
            "current_ratio": 132.5,
            "debt_ratio": 75.83,
            "inventory_turnover_ratio": null,
            "account_receivable_turnover_ratio": null,
            "reinvestment_rate": null,
            "research_to_sale_ratio": null,
            "price_fair": 0,
            "eps_avg_yearly": 0,
            "eps_latest_yearly": 0,
            "eps_growth_yearly": 0
        },
        "20031": {
            "year_quarter": 20031,
            "year": 2003,
            "quarter": 1,
            "eps": null,
            "eps_growth_year": null,
            "eps_4q": null,
            "eps_4q_growth_year": null,
            "roe": null,
            "roe_4q": 0,
            "gross_profit": null,
            "gross_margin": null,
            "gross_margin_4q_avg": 0,
            "net_income": null,
            "revenue": null,
            "common_shares": null,
            "book_valuer_per_share": null,
            "book_valuer_per_share_4q_avg": 3.07,
            "equity": null,
            "current_ratio": null,
            "debt_ratio": null,
            "inventory_turnover_ratio": null,
            "account_receivable_turnover_ratio": null,
            "reinvestment_rate": null,
            "research_to_sale_ratio": null,
            "price_fair": 0,
            "eps_avg_yearly": 0,
            "eps_latest_yearly": 0,
            "eps_growth_yearly": 0
        },
        "20032": {
            "year_quarter": 20032,
            "year": 2003,
            "quarter": 2,
            "eps": null,
            "eps_growth_year": null,
            "eps_4q": null,
            "eps_4q_growth_year": null,
            "roe": null,
            "roe_4q": 0,
            "gross_profit": null,
            "gross_margin": null,
            "gross_margin_4q_avg": 0,
            "net_income": null,
            "revenue": null,
            "common_shares": null,
            "book_valuer_per_share": null,
            "book_valuer_per_share_4q_avg": 3.07,
            "equity": null,
            "current_ratio": null,
            "debt_ratio": null,
            "inventory_turnover_ratio": null,
            "account_receivable_turnover_ratio": null,
            "reinvestment_rate": null,
            "research_to_sale_ratio": null,
            "price_fair": 0,
            "eps_avg_yearly": 0,
            "eps_latest_yearly": 0,
            "eps_growth_yearly": 0
        },
        "20033": {
            "year_quarter": 20033,
            "year": 2003,
            "quarter": 3,
            "eps": null,
            "eps_growth_year": null,
            "eps_4q": null,
            "eps_4q_growth_year": null,
            "roe": null,
            "roe_4q": 0,
            "gross_profit": null,
            "gross_margin": null,
            "gross_margin_4q_avg": 0,
            "net_income": null,
            "revenue": null,
            "common_shares": null,
            "book_valuer_per_share": null,
            "book_valuer_per_share_4q_avg": 3.07,
            "equity": null,
            "current_ratio": null,
            "debt_ratio": null,
            "inventory_turnover_ratio": null,
            "account_receivable_turnover_ratio": null,
            "reinvestment_rate": null,
            "research_to_sale_ratio": null,
            "price_fair": 0,
            "eps_avg_yearly": 0,
            "eps_latest_yearly": 0,
            "eps_growth_yearly": 0
        },
        "20034": {
            "year_quarter": 20034,
            "year": 2003,
            "quarter": 4,
            "eps": null,
            "eps_growth_year": null,
            "eps_4q": null,
            "eps_4q_growth_year": null,
            "roe": null,
            "roe_4q": 0,
            "gross_profit": null,
            "gross_margin": null,
            "gross_margin_4q_avg": 0,
            "net_income": null,
            "revenue": null,
            "common_shares": 120000,
            "book_valuer_per_share": 11.5,
            "book_valuer_per_share_4q_avg": 2.88,
            "equity": 138040,
            "current_ratio": 140.02,
            "debt_ratio": 70.52,
            "inventory_turnover_ratio": null,
            "account_receivable_turnover_ratio": null,
            "reinvestment_rate": null,
            "research_to_sale_ratio": null,
            "price_fair": 0,
            "eps_avg_yearly": 0,
            "eps_latest_yearly": 0,
            "eps_growth_yearly": 0
        },
        "20041": {
            "year_quarter": 20041,
            "year": 2004,
            "quarter": 1,
            "eps": null,
            "eps_growth_year": null,
            "eps_4q": null,
            "eps_4q_growth_year": null,
            "roe": null,
            "roe_4q": 0,
            "gross_profit": null,
            "gross_margin": null,
            "gross_margin_4q_avg": 0,
            "net_income": null,
            "revenue": null,
            "common_shares": null,
            "book_valuer_per_share": null,
            "book_valuer_per_share_4q_avg": 2.88,
            "equity": null,
            "current_ratio": null,
            "debt_ratio": null,
            "inventory_turnover_ratio": null,
            "account_receivable_turnover_ratio": null,
            "reinvestment_rate": null,
            "research_to_sale_ratio": null,
            "price_fair": 0,
            "eps_avg_yearly": 0,
            "eps_latest_yearly": 0,
            "eps_growth_yearly": 0
        },
        "20042": {
            "year_quarter": 20042,
            "year": 2004,
            "quarter": 2,
            "eps": null,
            "eps_growth_year": null,
            "eps_4q": null,
            "eps_4q_growth_year": null,
            "roe": null,
            "roe_4q": 0,
            "gross_profit": null,
            "gross_margin": null,
            "gross_margin_4q_avg": 0,
            "net_income": null,
            "revenue": null,
            "common_shares": null,
            "book_valuer_per_share": null,
            "book_valuer_per_share_4q_avg": 2.88,
            "equity": null,
            "current_ratio": null,
            "debt_ratio": null,
            "inventory_turnover_ratio": null,
            "account_receivable_turnover_ratio": null,
            "reinvestment_rate": null,
            "research_to_sale_ratio": null,
            "price_fair": 0,
            "eps_avg_yearly": 0,
            "eps_latest_yearly": 0,
            "eps_growth_yearly": 0
        },
        "20043": {
            "year_quarter": 20043,
            "year": 2004,
            "quarter": 3,
            "eps": null,
            "eps_growth_year": null,
            "eps_4q": null,
            "eps_4q_growth_year": null,
            "roe": null,
            "roe_4q": 0,
            "gross_profit": null,
            "gross_margin": null,
            "gross_margin_4q_avg": 0,
            "net_income": null,
            "revenue": null,
            "common_shares": null,
            "book_valuer_per_share": null,
            "book_valuer_per_share_4q_avg": 2.88,
            "equity": null,
            "current_ratio": null,
            "debt_ratio": null,
            "inventory_turnover_ratio": null,
            "account_receivable_turnover_ratio": null,
            "reinvestment_rate": null,
            "research_to_sale_ratio": null,
            "price_fair": 0,
            "eps_avg_yearly": 0,
            "eps_latest_yearly": 0,
            "eps_growth_yearly": 0
        },
        "20044": {
            "year_quarter": 20044,
            "year": 2004,
            "quarter": 4,
            "eps": null,
            "eps_growth_year": null,
            "eps_4q": null,
            "eps_4q_growth_year": null,
            "roe": null,
            "roe_4q": 0,
            "gross_profit": null,
            "gross_margin": null,
            "gross_margin_4q_avg": 0,
            "net_income": null,
            "revenue": null,
            "common_shares": 340696,
            "book_valuer_per_share": 10.81,
            "book_valuer_per_share_4q_avg": 2.7,
            "equity": 368124,
            "current_ratio": 160.12,
            "debt_ratio": 47.15,
            "inventory_turnover_ratio": null,
            "account_receivable_turnover_ratio": null,
            "reinvestment_rate": null,
            "research_to_sale_ratio": null,
            "price_fair": 0,
            "eps_avg_yearly": 0,
            "eps_latest_yearly": 0,
            "eps_growth_yearly": 0
        },
        "20051": {
            "year_quarter": 20051,
            "year": 2005,
            "quarter": 1,
            "eps": null,
            "eps_growth_year": null,
            "eps_4q": null,
            "eps_4q_growth_year": null,
            "roe": null,
            "roe_4q": 0,
            "gross_profit": null,
            "gross_margin": null,
            "gross_margin_4q_avg": 0,
            "net_income": null,
            "revenue": null,
            "common_shares": null,
            "book_valuer_per_share": null,
            "book_valuer_per_share_4q_avg": 2.7,
            "equity": null,
            "current_ratio": null,
            "debt_ratio": null,
            "inventory_turnover_ratio": null,
            "account_receivable_turnover_ratio": null,
            "reinvestment_rate": null,
            "research_to_sale_ratio": null,
            "price_fair": 0,
            "eps_avg_yearly": 0,
            "eps_latest_yearly": 0,
            "eps_growth_yearly": 0
        },
        "20052": {
            "year_quarter": 20052,
            "year": 2005,
            "quarter": 2,
            "eps": null,
            "eps_growth_year": null,
            "eps_4q": null,
            "eps_4q_growth_year": null,
            "roe": null,
            "roe_4q": 0,
            "gross_profit": null,
            "gross_margin": null,
            "gross_margin_4q_avg": 0,
            "net_income": null,
            "revenue": null,
            "common_shares": null,
            "book_valuer_per_share": null,
            "book_valuer_per_share_4q_avg": 2.7,
            "equity": null,
            "current_ratio": null,
            "debt_ratio": null,
            "inventory_turnover_ratio": null,
            "account_receivable_turnover_ratio": null,
            "reinvestment_rate": null,
            "research_to_sale_ratio": null,
            "price_fair": 0,
            "eps_avg_yearly": 0,
            "eps_latest_yearly": 0,
            "eps_growth_yearly": 0
        },
        "20053": {
            "year_quarter": 20053,
            "year": 2005,
            "quarter": 3,
            "eps": null,
            "eps_growth_year": null,
            "eps_4q": null,
            "eps_4q_growth_year": null,
            "roe": null,
            "roe_4q": 0,
            "gross_profit": null,
            "gross_margin": null,
            "gross_margin_4q_avg": 0,
            "net_income": null,
            "revenue": null,
            "common_shares": null,
            "book_valuer_per_share": null,
            "book_valuer_per_share_4q_avg": 2.7,
            "equity": null,
            "current_ratio": null,
            "debt_ratio": null,
            "inventory_turnover_ratio": null,
            "account_receivable_turnover_ratio": null,
            "reinvestment_rate": null,
            "research_to_sale_ratio": null,
            "price_fair": 0,
            "eps_avg_yearly": 0,
            "eps_latest_yearly": 0,
            "eps_growth_yearly": 0
        },
        "20054": {
            "year_quarter": 20054,
            "year": 2005,
            "quarter": 4,
            "eps": null,
            "eps_growth_year": null,
            "eps_4q": null,
            "eps_4q_growth_year": null,
            "roe": null,
            "roe_4q": 0,
            "gross_profit": null,
            "gross_margin": null,
            "gross_margin_4q_avg": 0,
            "net_income": null,
            "revenue": null,
            "common_shares": 340696,
            "book_valuer_per_share": 23.98,
            "book_valuer_per_share_4q_avg": 6,
            "equity": 915332,
            "current_ratio": 191.37,
            "debt_ratio": 43.39,
            "inventory_turnover_ratio": null,
            "account_receivable_turnover_ratio": null,
            "reinvestment_rate": null,
            "research_to_sale_ratio": null,
            "price_fair": 0,
            "eps_avg_yearly": 0,
            "eps_latest_yearly": 0,
            "eps_growth_yearly": 0
        },
        "20061": {
            "year_quarter": 20061,
            "year": 2006,
            "quarter": 1,
            "eps": null,
            "eps_growth_year": null,
            "eps_4q": null,
            "eps_4q_growth_year": null,
            "roe": null,
            "roe_4q": 0,
            "gross_profit": null,
            "gross_margin": null,
            "gross_margin_4q_avg": 0,
            "net_income": null,
            "revenue": null,
            "common_shares": null,
            "book_valuer_per_share": null,
            "book_valuer_per_share_4q_avg": 6,
            "equity": null,
            "current_ratio": null,
            "debt_ratio": null,
            "inventory_turnover_ratio": null,
            "account_receivable_turnover_ratio": null,
            "reinvestment_rate": null,
            "research_to_sale_ratio": null,
            "price_fair": 0,
            "eps_avg_yearly": 0,
            "eps_latest_yearly": 0,
            "eps_growth_yearly": 0
        },
        "20062": {
            "year_quarter": 20062,
            "year": 2006,
            "quarter": 2,
            "eps": null,
            "eps_growth_year": null,
            "eps_4q": null,
            "eps_4q_growth_year": null,
            "roe": null,
            "roe_4q": 0,
            "gross_profit": null,
            "gross_margin": null,
            "gross_margin_4q_avg": 0,
            "net_income": null,
            "revenue": null,
            "common_shares": null,
            "book_valuer_per_share": null,
            "book_valuer_per_share_4q_avg": 6,
            "equity": null,
            "current_ratio": null,
            "debt_ratio": null,
            "inventory_turnover_ratio": null,
            "account_receivable_turnover_ratio": null,
            "reinvestment_rate": null,
            "research_to_sale_ratio": null,
            "price_fair": 0,
            "eps_avg_yearly": 0,
            "eps_latest_yearly": 0,
            "eps_growth_yearly": 0
        },
        "20063": {
            "year_quarter": 20063,
            "year": 2006,
            "quarter": 3,
            "eps": null,
            "eps_growth_year": null,
            "eps_4q": null,
            "eps_4q_growth_year": null,
            "roe": null,
            "roe_4q": 0,
            "gross_profit": null,
            "gross_margin": null,
            "gross_margin_4q_avg": 0,
            "net_income": null,
            "revenue": null,
            "common_shares": null,
            "book_valuer_per_share": null,
            "book_valuer_per_share_4q_avg": 6,
            "equity": null,
            "current_ratio": null,
            "debt_ratio": null,
            "inventory_turnover_ratio": null,
            "account_receivable_turnover_ratio": null,
            "reinvestment_rate": null,
            "research_to_sale_ratio": null,
            "price_fair": 0,
            "eps_avg_yearly": 0,
            "eps_latest_yearly": 0,
            "eps_growth_yearly": 0
        },
        "20064": {
            "year_quarter": 20064,
            "year": 2006,
            "quarter": 4,
            "eps": null,
            "eps_growth_year": null,
            "eps_4q": null,
            "eps_4q_growth_year": null,
            "roe": null,
            "roe_4q": 0,
            "gross_profit": null,
            "gross_margin": null,
            "gross_margin_4q_avg": 0,
            "net_income": null,
            "revenue": null,
            "common_shares": 608881,
            "book_valuer_per_share": 24.25,
            "book_valuer_per_share_4q_avg": 6.06,
            "equity": 1483748,
            "current_ratio": 283.97,
            "debt_ratio": 34.71,
            "inventory_turnover_ratio": null,
            "account_receivable_turnover_ratio": null,
            "reinvestment_rate": null,
            "research_to_sale_ratio": null,
            "price_fair": 0,
            "eps_avg_yearly": 0,
            "eps_latest_yearly": 0,
            "eps_growth_yearly": 0
        },
        "20071": {
            "year_quarter": 20071,
            "year": 2007,
            "quarter": 1,
            "eps": null,
            "eps_growth_year": null,
            "eps_4q": null,
            "eps_4q_growth_year": null,
            "roe": null,
            "roe_4q": 0,
            "gross_profit": null,
            "gross_margin": null,
            "gross_margin_4q_avg": 0,
            "net_income": null,
            "revenue": null,
            "common_shares": null,
            "book_valuer_per_share": null,
            "book_valuer_per_share_4q_avg": 6.06,
            "equity": null,
            "current_ratio": null,
            "debt_ratio": null,
            "inventory_turnover_ratio": null,
            "account_receivable_turnover_ratio": null,
            "reinvestment_rate": null,
            "research_to_sale_ratio": null,
            "price_fair": 0,
            "eps_avg_yearly": 0,
            "eps_latest_yearly": 0,
            "eps_growth_yearly": 0
        },
        "20072": {
            "year_quarter": 20072,
            "year": 2007,
            "quarter": 2,
            "eps": null,
            "eps_growth_year": null,
            "eps_4q": null,
            "eps_4q_growth_year": null,
            "roe": null,
            "roe_4q": 0,
            "gross_profit": null,
            "gross_margin": null,
            "gross_margin_4q_avg": 0,
            "net_income": null,
            "revenue": null,
            "common_shares": null,
            "book_valuer_per_share": null,
            "book_valuer_per_share_4q_avg": 6.06,
            "equity": null,
            "current_ratio": null,
            "debt_ratio": null,
            "inventory_turnover_ratio": null,
            "account_receivable_turnover_ratio": null,
            "reinvestment_rate": null,
            "research_to_sale_ratio": null,
            "price_fair": 0,
            "eps_avg_yearly": 0,
            "eps_latest_yearly": 0,
            "eps_growth_yearly": 0
        },
        "20073": {
            "year_quarter": 20073,
            "year": 2007,
            "quarter": 3,
            "eps": 2.81,
            "eps_growth_year": null,
            "eps_4q": null,
            "eps_4q_growth_year": null,
            "roe": 11.39,
            "roe_4q": 11.39,
            "gross_profit": 84677,
            "gross_margin": 49.79,
            "gross_margin_4q_avg": 12.45,
            "net_income": 198343,
            "revenue": 170072,
            "common_shares": 705213,
            "book_valuer_per_share": 24.69,
            "book_valuer_per_share_4q_avg": 12.24,
            "equity": 1741021,
            "current_ratio": 161.15,
            "debt_ratio": 26.55,
            "inventory_turnover_ratio": 10.17,
            "account_receivable_turnover_ratio": null,
            "reinvestment_rate": null,
            "research_to_sale_ratio": null,
            "price_fair": 0,
            "eps_avg_yearly": 0,
            "eps_latest_yearly": 0,
            "eps_growth_yearly": 0
        },
        "20074": {
            "year_quarter": 20074,
            "year": 2007,
            "quarter": 4,
            "eps": 1.64,
            "eps_growth_year": null,
            "eps_4q": null,
            "eps_4q_growth_year": null,
            "roe": 6.38,
            "roe_4q": 17.77,
            "gross_profit": 94340,
            "gross_margin": 39.1,
            "gross_margin_4q_avg": 22.22,
            "net_income": 115919,
            "revenue": 241289,
            "common_shares": 705213,
            "book_valuer_per_share": 26.61,
            "book_valuer_per_share_4q_avg": 12.83,
            "equity": 1891353,
            "current_ratio": 206.79,
            "debt_ratio": 44.2,
            "inventory_turnover_ratio": 1.32,
            "account_receivable_turnover_ratio": null,
            "reinvestment_rate": null,
            "research_to_sale_ratio": null,
            "price_fair": 19.68,
            "eps_avg_yearly": 6.56,
            "eps_latest_yearly": 6.56,
            "eps_growth_yearly": -166.55
        },
        "20081": {
            "year_quarter": 20081,
            "year": 2008,
            "quarter": 1,
            "eps": 1.14,
            "eps_growth_year": null,
            "eps_4q": null,
            "eps_4q_growth_year": null,
            "roe": 4.28,
            "roe_4q": 22.05,
            "gross_profit": 109399,
            "gross_margin": 30.91,
            "gross_margin_4q_avg": 29.95,
            "net_income": 80657,
            "revenue": 353892,
            "common_shares": 705213,
            "book_valuer_per_share": 26.67,
            "book_valuer_per_share_4q_avg": 19.49,
            "equity": 1880814,
            "current_ratio": 140.22,
            "debt_ratio": 33.63,
            "inventory_turnover_ratio": 1.9,
            "account_receivable_turnover_ratio": null,
            "reinvestment_rate": null,
            "research_to_sale_ratio": null,
            "price_fair": 16.68,
            "eps_avg_yearly": 5.56,
            "eps_latest_yearly": 4.56,
            "eps_growth_yearly": -144.25
        },
        "20082": {
            "year_quarter": 20082,
            "year": 2008,
            "quarter": 2,
            "eps": 1.4,
            "eps_growth_year": null,
            "eps_4q": 7,
            "eps_4q_growth_year": null,
            "roe": 5.41,
            "roe_4q": 27.46,
            "gross_profit": 117259,
            "gross_margin": 27.76,
            "gross_margin_4q_avg": 36.89,
            "net_income": 98699,
            "revenue": 422431,
            "common_shares": 705213,
            "book_valuer_per_share": 25.06,
            "book_valuer_per_share_4q_avg": 25.76,
            "equity": 1766981,
            "current_ratio": 130.37,
            "debt_ratio": 42.29,
            "inventory_turnover_ratio": 6.45,
            "account_receivable_turnover_ratio": null,
            "reinvestment_rate": null,
            "research_to_sale_ratio": null,
            "price_fair": 16.72,
            "eps_avg_yearly": 5.57,
            "eps_latest_yearly": 5.6,
            "eps_growth_yearly": -65.76
        },
        "20083": {
            "year_quarter": 20083,
            "year": 2008,
            "quarter": 3,
            "eps": 3.98,
            "eps_growth_year": 41.64,
            "eps_4q": 7.72,
            "eps_4q_growth_year": null,
            "roe": 15.76,
            "roe_4q": 31.830000000000002,
            "gross_profit": 581167,
            "gross_margin": 39.78,
            "gross_margin_4q_avg": 34.39,
            "net_income": 312382,
            "revenue": 1461035,
            "common_shares": 705213,
            "book_valuer_per_share": 30.94,
            "book_valuer_per_share_4q_avg": 27.32,
            "equity": 2198528,
            "current_ratio": 152.15,
            "debt_ratio": 52.76,
            "inventory_turnover_ratio": 4.17,
            "account_receivable_turnover_ratio": null,
            "reinvestment_rate": null,
            "research_to_sale_ratio": null,
            "price_fair": 285.6,
            "eps_avg_yearly": 8.16,
            "eps_latest_yearly": 15.92,
            "eps_growth_yearly": 134.97
        },
        "20084": {
            "year_quarter": 20084,
            "year": 2008,
            "quarter": 4,
            "eps": 2.16,
            "eps_growth_year": 31.71,
            "eps_4q": 8.47,
            "eps_4q_growth_year": null,
            "roe": 7.29,
            "roe_4q": 32.74,
            "gross_profit": 258061,
            "gross_margin": 31.91,
            "gross_margin_4q_avg": 32.59,
            "net_income": 167994,
            "revenue": 808633,
            "common_shares": 780734,
            "book_valuer_per_share": 30.65,
            "book_valuer_per_share_4q_avg": 28.33,
            "equity": 2409178,
            "current_ratio": 196.41,
            "debt_ratio": 40.79,
            "inventory_turnover_ratio": 1.89,
            "account_receivable_turnover_ratio": 1.23,
            "reinvestment_rate": null,
            "research_to_sale_ratio": null,
            "price_fair": 288.96,
            "eps_avg_yearly": 8.26,
            "eps_latest_yearly": 8.64,
            "eps_growth_yearly": 71.39
        },
        "20091": {
            "year_quarter": 20091,
            "year": 2009,
            "quarter": 1,
            "eps": 2.12,
            "eps_growth_year": 85.96,
            "eps_4q": 9.46,
            "eps_4q_growth_year": null,
            "roe": 6.31,
            "roe_4q": 34.769999999999996,
            "gross_profit": 332381,
            "gross_margin": 38.76,
            "gross_margin_4q_avg": 34.55,
            "net_income": 167037,
            "revenue": 857427,
            "common_shares": 859534,
            "book_valuer_per_share": 33.39,
            "book_valuer_per_share_4q_avg": 30.01,
            "equity": 2885570,
            "current_ratio": 266.77,
            "debt_ratio": 33.14,
            "inventory_turnover_ratio": 2.28,
            "account_receivable_turnover_ratio": 0.71,
            "reinvestment_rate": null,
            "research_to_sale_ratio": null,
            "price_fair": 290.27,
            "eps_avg_yearly": 8.29,
            "eps_latest_yearly": 8.48,
            "eps_growth_yearly": 58.26
        },
        "20092": {
            "year_quarter": 20092,
            "year": 2009,
            "quarter": 2,
            "eps": 3.63,
            "eps_growth_year": 159.29,
            "eps_4q": 11.54,
            "eps_4q_growth_year": 64.86,
            "roe": 10.34,
            "roe_4q": 39.699999999999996,
            "gross_profit": 437647,
            "gross_margin": 39.12,
            "gross_margin_4q_avg": 37.39,
            "net_income": 297352,
            "revenue": 1118599,
            "common_shares": 859534,
            "book_valuer_per_share": 33.17,
            "book_valuer_per_share_4q_avg": 32.04,
            "equity": 2865220,
            "current_ratio": 200.92,
            "debt_ratio": 39.16,
            "inventory_turnover_ratio": 2.5,
            "account_receivable_turnover_ratio": 0.85,
            "reinvestment_rate": null,
            "research_to_sale_ratio": null,
            "price_fair": 321.4,
            "eps_avg_yearly": 9.18,
            "eps_latest_yearly": 14.52,
            "eps_growth_yearly": 90.64
        },
        "20093": {
            "year_quarter": 20093,
            "year": 2009,
            "quarter": 3,
            "eps": 3.39,
            "eps_growth_year": -14.82,
            "eps_4q": 10.28,
            "eps_4q_growth_year": 33.15,
            "roe": 10.48,
            "roe_4q": 34.42,
            "gross_profit": 624388,
            "gross_margin": 44.27,
            "gross_margin_4q_avg": 38.52,
            "net_income": 312514,
            "revenue": 1410401,
            "common_shares": 947822,
            "book_valuer_per_share": 32.67,
            "book_valuer_per_share_4q_avg": 32.47,
            "equity": 3096223,
            "current_ratio": 218.19,
            "debt_ratio": 38.45,
            "inventory_turnover_ratio": 2.25,
            "account_receivable_turnover_ratio": 0.87,
            "reinvestment_rate": null,
            "research_to_sale_ratio": null,
            "price_fair": 340.55,
            "eps_avg_yearly": 9.73,
            "eps_latest_yearly": 13.56,
            "eps_growth_yearly": 76
        },
        "20094": {
            "year_quarter": 20094,
            "year": 2009,
            "quarter": 4,
            "eps": 1.38,
            "eps_growth_year": -36.11,
            "eps_4q": 9.57,
            "eps_4q_growth_year": 12.96,
            "roe": 4.07,
            "roe_4q": 31.2,
            "gross_profit": 374261,
            "gross_margin": 32.5,
            "gross_margin_4q_avg": 38.66,
            "net_income": 128537,
            "revenue": 1151725,
            "common_shares": 947822,
            "book_valuer_per_share": 33.92,
            "book_valuer_per_share_4q_avg": 33.29,
            "equity": 3215325,
            "current_ratio": 219.38,
            "debt_ratio": 38.72,
            "inventory_turnover_ratio": 2.16,
            "account_receivable_turnover_ratio": 1.32,
            "reinvestment_rate": null,
            "research_to_sale_ratio": null,
            "price_fair": 324.18,
            "eps_avg_yearly": 9.26,
            "eps_latest_yearly": 5.52,
            "eps_growth_yearly": 41.2
        },
        "20101": {
            "year_quarter": 20101,
            "year": 2010,
            "quarter": 1,
            "eps": 1.67,
            "eps_growth_year": -21.23,
            "eps_4q": 9.44,
            "eps_4q_growth_year": -0.17,
            "roe": 4.8,
            "roe_4q": 29.69,
            "gross_profit": 364372,
            "gross_margin": 33,
            "gross_margin_4q_avg": 37.22,
            "net_income": 157953,
            "revenue": 1104178,
            "common_shares": 951612,
            "book_valuer_per_share": 35.36,
            "book_valuer_per_share_4q_avg": 33.78,
            "equity": 3365295,
            "current_ratio": 219.39,
            "debt_ratio": 38.27,
            "inventory_turnover_ratio": 2.19,
            "account_receivable_turnover_ratio": 0.65,
            "reinvestment_rate": null,
            "research_to_sale_ratio": 3.84,
            "price_fair": 315.14,
            "eps_avg_yearly": 9,
            "eps_latest_yearly": 6.68,
            "eps_growth_yearly": 45.49
        },
        "20102": {
            "year_quarter": 20102,
            "year": 2010,
            "quarter": 2,
            "eps": 1.64,
            "eps_growth_year": -54.83,
            "eps_4q": 6.49,
            "eps_4q_growth_year": -43.77,
            "roe": 6.05,
            "roe_4q": 25.4,
            "gross_profit": 384562,
            "gross_margin": 32.82,
            "gross_margin_4q_avg": 35.65,
            "net_income": 202670,
            "revenue": 1171608,
            "common_shares": 951612,
            "book_valuer_per_share": 34.99,
            "book_valuer_per_share_4q_avg": 34.24,
            "equity": 3329462,
            "current_ratio": 197.3,
            "debt_ratio": 39.98,
            "inventory_turnover_ratio": 2.06,
            "account_receivable_turnover_ratio": 0.71,
            "reinvestment_rate": null,
            "research_to_sale_ratio": 3.07,
            "price_fair": 307.36,
            "eps_avg_yearly": 8.78,
            "eps_latest_yearly": 6.56,
            "eps_growth_yearly": 40.7
        },
        "20103": {
            "year_quarter": 20103,
            "year": 2010,
            "quarter": 3,
            "eps": 1.11,
            "eps_growth_year": -67.32,
            "eps_4q": 5.06,
            "eps_4q_growth_year": -50.74,
            "roe": 4.04,
            "roe_4q": 18.96,
            "gross_profit": 382699,
            "gross_margin": 34.24,
            "gross_margin_4q_avg": 33.14,
            "net_income": 136954,
            "revenue": 1117836,
            "common_shares": 1236159,
            "book_valuer_per_share": 27.91,
            "book_valuer_per_share_4q_avg": 33.05,
            "equity": 3450405,
            "current_ratio": 236.3,
            "debt_ratio": 46.84,
            "inventory_turnover_ratio": 1.9,
            "account_receivable_turnover_ratio": 0.68,
            "reinvestment_rate": null,
            "research_to_sale_ratio": 3.56,
            "price_fair": 294.7,
            "eps_avg_yearly": 8.42,
            "eps_latest_yearly": 4.44,
            "eps_growth_yearly": 26.54
        },
        "20104": {
            "year_quarter": 20104,
            "year": 2010,
            "quarter": 4,
            "eps": 0.82,
            "eps_growth_year": -40.87,
            "eps_4q": 4.84,
            "eps_4q_growth_year": -49.43,
            "roe": 2.94,
            "roe_4q": 17.830000000000002,
            "gross_profit": 366950,
            "gross_margin": 36.18,
            "gross_margin_4q_avg": 34.06,
            "net_income": 100866,
            "revenue": 1014365,
            "common_shares": 1236159,
            "book_valuer_per_share": 27.65,
            "book_valuer_per_share_4q_avg": 31.48,
            "equity": 3417589,
            "current_ratio": 268.91,
            "debt_ratio": 44.34,
            "inventory_turnover_ratio": 1.87,
            "account_receivable_turnover_ratio": 0.69,
            "reinvestment_rate": null,
            "research_to_sale_ratio": 3.28,
            "price_fair": 212.31,
            "eps_avg_yearly": 8.02,
            "eps_latest_yearly": 3.28,
            "eps_growth_yearly": 16.46
        },
        "20111": {
            "year_quarter": 20111,
            "year": 2011,
            "quarter": 1,
            "eps": 1.36,
            "eps_growth_year": -18.56,
            "eps_4q": 4.92,
            "eps_4q_growth_year": -47.94,
            "roe": 4.8,
            "roe_4q": 17.830000000000002,
            "gross_profit": 373111,
            "gross_margin": 37.05,
            "gross_margin_4q_avg": 35.07,
            "net_income": 169062,
            "revenue": 1007171,
            "common_shares": 1236159,
            "book_valuer_per_share": 29.25,
            "book_valuer_per_share_4q_avg": 29.95,
            "equity": 3627087,
            "current_ratio": 276.63,
            "debt_ratio": 43.35,
            "inventory_turnover_ratio": 1.7,
            "account_receivable_turnover_ratio": 0.71,
            "reinvestment_rate": null,
            "research_to_sale_ratio": 4.8,
            "price_fair": 274.4,
            "eps_avg_yearly": 7.84,
            "eps_latest_yearly": 5.44,
            "eps_growth_yearly": 34.1
        },
        "20112": {
            "year_quarter": 20112,
            "year": 2011,
            "quarter": 2,
            "eps": 1.4,
            "eps_growth_year": -14.68,
            "eps_4q": 4.69,
            "eps_4q_growth_year": -27.7,
            "roe": 4.98,
            "roe_4q": 16.76,
            "gross_profit": 439257,
            "gross_margin": 33.71,
            "gross_margin_4q_avg": 35.3,
            "net_income": 172822,
            "revenue": 1302862,
            "common_shares": 1240249,
            "book_valuer_per_share": 26.8,
            "book_valuer_per_share_4q_avg": 27.9,
            "equity": 3310625,
            "current_ratio": 209.67,
            "debt_ratio": 50.97,
            "inventory_turnover_ratio": 2,
            "account_receivable_turnover_ratio": 0.8,
            "reinvestment_rate": 184.14,
            "research_to_sale_ratio": 4.28,
            "price_fair": 269.17,
            "eps_avg_yearly": 7.69,
            "eps_latest_yearly": 5.6,
            "eps_growth_yearly": 32.61
        },
        "20113": {
            "year_quarter": 20113,
            "year": 2011,
            "quarter": 3,
            "eps": 1.97,
            "eps_growth_year": 77.53,
            "eps_4q": 5.56,
            "eps_4q_growth_year": 9.79,
            "roe": 6.9,
            "roe_4q": 19.62,
            "gross_profit": 434307,
            "gross_margin": 35.41,
            "gross_margin_4q_avg": 35.59,
            "net_income": 242290,
            "revenue": 1226568,
            "common_shares": 1240249,
            "book_valuer_per_share": 30.12,
            "book_valuer_per_share_4q_avg": 28.46,
            "equity": 3710642,
            "current_ratio": 158.79,
            "debt_ratio": 48.9,
            "inventory_turnover_ratio": 1.78,
            "account_receivable_turnover_ratio": 0.7,
            "reinvestment_rate": 184.11,
            "research_to_sale_ratio": 5.14,
            "price_fair": 269.59,
            "eps_avg_yearly": 7.7,
            "eps_latest_yearly": 7.88,
            "eps_growth_yearly": 40.75
        },
        "20114": {
            "year_quarter": 20114,
            "year": 2011,
            "quarter": 4,
            "eps": 0.8,
            "eps_growth_year": -1.42,
            "eps_4q": 5.57,
            "eps_4q_growth_year": 15.04,
            "roe": 2.63,
            "roe_4q": 19.310000000000002,
            "gross_profit": 310497,
            "gross_margin": 28.19,
            "gross_margin_4q_avg": 33.59,
            "net_income": 98613,
            "revenue": 1101627,
            "common_shares": 1240249,
            "book_valuer_per_share": 30.86,
            "book_valuer_per_share_4q_avg": 29.26,
            "equity": 3783441,
            "current_ratio": 174.25,
            "debt_ratio": 43.66,
            "inventory_turnover_ratio": 1.86,
            "account_receivable_turnover_ratio": 0.7,
            "reinvestment_rate": 165.07,
            "research_to_sale_ratio": 6.19,
            "price_fair": 262.24,
            "eps_avg_yearly": 7.49,
            "eps_latest_yearly": 3.2,
            "eps_growth_yearly": 36.31
        },
        "20121": {
            "year_quarter": 20121,
            "year": 2012,
            "quarter": 1,
            "eps": 0.33,
            "eps_growth_year": -75.74,
            "eps_4q": 4.52,
            "eps_4q_growth_year": -8.09,
            "roe": 1.1,
            "roe_4q": 15.610000000000001,
            "gross_profit": 256761,
            "gross_margin": 25.48,
            "gross_margin_4q_avg": 30.7,
            "net_income": 41631,
            "revenue": 1007796,
            "common_shares": 1243479,
            "book_valuer_per_share": 30.61,
            "book_valuer_per_share_4q_avg": 29.6,
            "equity": 3762621,
            "current_ratio": 175.08,
            "debt_ratio": 43.3,
            "inventory_turnover_ratio": 1.8,
            "account_receivable_turnover_ratio": 0.75,
            "reinvestment_rate": 186.37,
            "research_to_sale_ratio": 6.66,
            "price_fair": 255.15,
            "eps_avg_yearly": 7.29,
            "eps_latest_yearly": 1.32,
            "eps_growth_yearly": 29.24
        },
        "20122": {
            "year_quarter": 20122,
            "year": 2012,
            "quarter": 2,
            "eps": 0.79,
            "eps_growth_year": -43.44,
            "eps_4q": 3.9,
            "eps_4q_growth_year": -16.83,
            "roe": 2.7,
            "roe_4q": 13.33,
            "gross_profit": 371968,
            "gross_margin": 29.51,
            "gross_margin_4q_avg": 29.65,
            "net_income": 97281,
            "revenue": 1260346,
            "common_shares": 1243479,
            "book_valuer_per_share": 28,
            "book_valuer_per_share_4q_avg": 29.9,
            "equity": 3441367,
            "current_ratio": 147.46,
            "debt_ratio": 49.8,
            "inventory_turnover_ratio": 2.08,
            "account_receivable_turnover_ratio": 0.89,
            "reinvestment_rate": 183.77,
            "research_to_sale_ratio": 5.04,
            "price_fair": 249.81,
            "eps_avg_yearly": 7.14,
            "eps_latest_yearly": 3.16,
            "eps_growth_yearly": 58.39
        },
        "20123": {
            "year_quarter": 20123,
            "year": 2012,
            "quarter": 3,
            "eps": 0.66,
            "eps_growth_year": -66.44,
            "eps_4q": 2.59,
            "eps_4q_growth_year": -53.4,
            "roe": 2.33,
            "roe_4q": 8.760000000000002,
            "gross_profit": 337937,
            "gross_margin": 28.57,
            "gross_margin_4q_avg": 27.94,
            "net_income": 81166,
            "revenue": 1182759,
            "common_shares": 1243919,
            "book_valuer_per_share": 28.64,
            "book_valuer_per_share_4q_avg": 29.53,
            "equity": 3521745,
            "current_ratio": 151.92,
            "debt_ratio": 43.92,
            "inventory_turnover_ratio": 2.12,
            "account_receivable_turnover_ratio": 0.8,
            "reinvestment_rate": 162.89,
            "research_to_sale_ratio": 6.02,
            "price_fair": 114.83,
            "eps_avg_yearly": 6.31,
            "eps_latest_yearly": 2.64,
            "eps_growth_yearly": 8.21
        },
        "20124": {
            "year_quarter": 20124,
            "year": 2012,
            "quarter": 4,
            "eps": 0.17,
            "eps_growth_year": -78.66,
            "eps_4q": 1.96,
            "eps_4q_growth_year": -64.78,
            "roe": 0.6,
            "roe_4q": 6.73,
            "gross_profit": 303179,
            "gross_margin": 30.61,
            "gross_margin_4q_avg": 28.54,
            "net_income": 21112,
            "revenue": 990540,
            "common_shares": 1243919,
            "book_valuer_per_share": 28.59,
            "book_valuer_per_share_4q_avg": 28.96,
            "equity": 3515581,
            "current_ratio": 150.28,
            "debt_ratio": 44.39,
            "inventory_turnover_ratio": 1.78,
            "account_receivable_turnover_ratio": 0.71,
            "reinvestment_rate": 182.06,
            "research_to_sale_ratio": 8.56,
            "price_fair": 64.36,
            "eps_avg_yearly": 5.81,
            "eps_latest_yearly": 0.68,
            "eps_growth_yearly": 1.08
        },
        "20131": {
            "year_quarter": 20131,
            "year": 2013,
            "quarter": 1,
            "eps": -0.07,
            "eps_growth_year": -121.21,
            "eps_4q": 1.55,
            "eps_4q_growth_year": -65.67,
            "roe": -0.25,
            "roe_4q": 5.380000000000001,
            "gross_profit": 194748,
            "gross_margin": 21.72,
            "gross_margin_4q_avg": 27.6,
            "net_income": -8864,
            "revenue": 896568,
            "common_shares": 1243919,
            "book_valuer_per_share": 29.17,
            "book_valuer_per_share_4q_avg": 28.6,
            "equity": 3586555,
            "current_ratio": 158,
            "debt_ratio": 41.45,
            "inventory_turnover_ratio": 1.76,
            "account_receivable_turnover_ratio": 0.75,
            "reinvestment_rate": 37.57,
            "research_to_sale_ratio": 7.52,
            "price_fair": 65.57,
            "eps_avg_yearly": 5.63,
            "eps_latest_yearly": 0.68,
            "eps_growth_yearly": 1.64
        },
        "20132": {
            "year_quarter": 20132,
            "year": 2013,
            "quarter": 2,
            "eps": 0.37,
            "eps_growth_year": -53.25,
            "eps_4q": 1.13,
            "eps_4q_growth_year": -71.16,
            "roe": 1.27,
            "roe_4q": 3.95,
            "gross_profit": 304646,
            "gross_margin": 29.55,
            "gross_margin_4q_avg": 27.61,
            "net_income": 45011,
            "revenue": 1030913,
            "common_shares": 1243919,
            "book_valuer_per_share": 28.41,
            "book_valuer_per_share_4q_avg": 28.7,
            "equity": 3493616,
            "current_ratio": 149.12,
            "debt_ratio": 43.52,
            "inventory_turnover_ratio": 1.89,
            "account_receivable_turnover_ratio": 0.97,
            "reinvestment_rate": 39.64,
            "research_to_sale_ratio": 7.63,
            "price_fair": 14.99,
            "eps_avg_yearly": 5,
            "eps_latest_yearly": 0.68,
            "eps_growth_yearly": -18.59
        },
        "20133": {
            "year_quarter": 20133,
            "year": 2013,
            "quarter": 3,
            "eps": 0.49,
            "eps_growth_year": -25.76,
            "eps_4q": 0.96,
            "eps_4q_growth_year": -63.04,
            "roe": 1.7,
            "roe_4q": 3.32,
            "gross_profit": 277026,
            "gross_margin": 27.45,
            "gross_margin_4q_avg": 27.33,
            "net_income": 60544,
            "revenue": 1009255,
            "common_shares": 1244009,
            "book_valuer_per_share": 29.41,
            "book_valuer_per_share_4q_avg": 28.9,
            "equity": 3617222,
            "current_ratio": 156.77,
            "debt_ratio": 42.1,
            "inventory_turnover_ratio": 2.05,
            "account_receivable_turnover_ratio": 0.92,
            "reinvestment_rate": 45.05,
            "research_to_sale_ratio": 5.57,
            "price_fair": 12.51,
            "eps_avg_yearly": 4.17,
            "eps_latest_yearly": 1.96,
            "eps_growth_yearly": -7.43
        },
        "20134": {
            "year_quarter": 20134,
            "year": 2013,
            "quarter": 4,
            "eps": 0.78,
            "eps_growth_year": 353.09,
            "eps_4q": 1.56,
            "eps_4q_growth_year": -20.25,
            "roe": 2.59,
            "roe_4q": 5.3100000000000005,
            "gross_profit": 359961,
            "gross_margin": 34.23,
            "gross_margin_4q_avg": 28.24,
            "net_income": 95663,
            "revenue": 1051452,
            "common_shares": 1244009,
            "book_valuer_per_share": 30.75,
            "book_valuer_per_share_4q_avg": 29.44,
            "equity": 3781062,
            "current_ratio": 165.45,
            "debt_ratio": 40.84,
            "inventory_turnover_ratio": 1.91,
            "account_receivable_turnover_ratio": 0.98,
            "reinvestment_rate": -103.25,
            "research_to_sale_ratio": 11.03,
            "price_fair": 139.9,
            "eps_avg_yearly": 4,
            "eps_latest_yearly": 3.12,
            "eps_growth_yearly": 26.42
        },
        "20141": {
            "year_quarter": 20141,
            "year": 2014,
            "quarter": 1,
            "eps": 0.51,
            "eps_growth_year": null,
            "eps_4q": 2.14,
            "eps_4q_growth_year": 38.16,
            "roe": 1.63,
            "roe_4q": 7.1899999999999995,
            "gross_profit": 260997,
            "gross_margin": 28.64,
            "gross_margin_4q_avg": 29.97,
            "net_income": 62272,
            "revenue": 911333,
            "common_shares": 1244009,
            "book_valuer_per_share": 31.5,
            "book_valuer_per_share_4q_avg": 30.02,
            "equity": 3874300,
            "current_ratio": 172.56,
            "debt_ratio": 39.41,
            "inventory_turnover_ratio": 1.8,
            "account_receivable_turnover_ratio": 0.89,
            "reinvestment_rate": -125.94,
            "research_to_sale_ratio": 7.45,
            "price_fair": 75.23,
            "eps_avg_yearly": 3.67,
            "eps_latest_yearly": 2.04,
            "eps_growth_yearly": 10.52
        },
        "20142": {
            "year_quarter": 20142,
            "year": 2014,
            "quarter": 2,
            "eps": 1.48,
            "eps_growth_year": 300,
            "eps_4q": 3.26,
            "eps_4q_growth_year": 189.63,
            "roe": 4.75,
            "roe_4q": 10.669999999999998,
            "gross_profit": 315304,
            "gross_margin": 29.79,
            "gross_margin_4q_avg": 30.03,
            "net_income": 182470,
            "revenue": 1058301,
            "common_shares": 1238999,
            "book_valuer_per_share": 31.02,
            "book_valuer_per_share_4q_avg": 30.67,
            "equity": 3814912,
            "current_ratio": 199.18,
            "debt_ratio": 36.25,
            "inventory_turnover_ratio": 2.1,
            "account_receivable_turnover_ratio": 0.97,
            "reinvestment_rate": -163.81,
            "research_to_sale_ratio": 6.15,
            "price_fair": 126.7,
            "eps_avg_yearly": 3.62,
            "eps_latest_yearly": 5.92,
            "eps_growth_yearly": 65.38
        },
        "20143": {
            "year_quarter": 20143,
            "year": 2014,
            "quarter": 3,
            "eps": 1.23,
            "eps_growth_year": 151.02,
            "eps_4q": 3.96,
            "eps_4q_growth_year": 313.5,
            "roe": 3.85,
            "roe_4q": 12.82,
            "gross_profit": 385910,
            "gross_margin": 33.73,
            "gross_margin_4q_avg": 31.6,
            "net_income": 151072,
            "revenue": 1144028,
            "common_shares": 1249999,
            "book_valuer_per_share": 32.42,
            "book_valuer_per_share_4q_avg": 31.42,
            "equity": 4023152,
            "current_ratio": 198.77,
            "debt_ratio": 37.79,
            "inventory_turnover_ratio": 2.01,
            "account_receivable_turnover_ratio": 0.96,
            "reinvestment_rate": -170.02,
            "research_to_sale_ratio": 5.7,
            "price_fair": 127.9,
            "eps_avg_yearly": 3.65,
            "eps_latest_yearly": 4.92,
            "eps_growth_yearly": 69.78
        },
        "20144": {
            "year_quarter": 20144,
            "year": 2014,
            "quarter": 4,
            "eps": 0.43,
            "eps_growth_year": -45.1,
            "eps_4q": 3.64,
            "eps_4q_growth_year": 132.84,
            "roe": 1.29,
            "roe_4q": 11.52,
            "gross_profit": 283540,
            "gross_margin": 27.81,
            "gross_margin_4q_avg": 29.99,
            "net_income": 52581,
            "revenue": 1019713,
            "common_shares": 1240759,
            "book_valuer_per_share": 33.57,
            "book_valuer_per_share_4q_avg": 32.13,
            "equity": 4132514,
            "current_ratio": 215.48,
            "debt_ratio": 35.83,
            "inventory_turnover_ratio": 2.06,
            "account_receivable_turnover_ratio": 0.88,
            "reinvestment_rate": -178.62,
            "research_to_sale_ratio": 7.05,
            "price_fair": 124,
            "eps_avg_yearly": 3.54,
            "eps_latest_yearly": 1.72,
            "eps_growth_yearly": 58.67
        },
        "20151": {
            "year_quarter": 20151,
            "year": 2015,
            "quarter": 1,
            "eps": 0.22,
            "eps_growth_year": -56.86,
            "eps_4q": 3.36,
            "eps_4q_growth_year": 56.64,
            "roe": 0.65,
            "roe_4q": 10.54,
            "gross_profit": 222882,
            "gross_margin": 26.73,
            "gross_margin_4q_avg": 29.52,
            "net_income": 26744,
            "revenue": 833883,
            "common_shares": 1240759,
            "book_valuer_per_share": 33.54,
            "book_valuer_per_share_4q_avg": 32.64,
            "equity": 4125580,
            "current_ratio": 223.94,
            "debt_ratio": 34.2,
            "inventory_turnover_ratio": 1.82,
            "account_receivable_turnover_ratio": 0.81,
            "reinvestment_rate": -191.9,
            "research_to_sale_ratio": 7.29,
            "price_fair": 112.6,
            "eps_avg_yearly": 3.22,
            "eps_latest_yearly": 0.88,
            "eps_growth_yearly": 25.9
        },
        "20152": {
            "year_quarter": 20152,
            "year": 2015,
            "quarter": 2,
            "eps": -0.14,
            "eps_growth_year": -109.46,
            "eps_4q": 1.74,
            "eps_4q_growth_year": -46.72,
            "roe": -0.42,
            "roe_4q": 5.37,
            "gross_profit": 188638,
            "gross_margin": 22.75,
            "gross_margin_4q_avg": 27.76,
            "net_income": -16730,
            "revenue": 829067,
            "common_shares": 1239759,
            "book_valuer_per_share": 31.89,
            "book_valuer_per_share_4q_avg": 32.86,
            "equity": 3922278,
            "current_ratio": 245.62,
            "debt_ratio": 30.37,
            "inventory_turnover_ratio": 1.94,
            "account_receivable_turnover_ratio": 0.9,
            "reinvestment_rate": -225.9,
            "research_to_sale_ratio": 7.8,
            "price_fair": 106.18,
            "eps_avg_yearly": 3.03,
            "eps_latest_yearly": 0.88,
            "eps_growth_yearly": 26.98
        },
        "20153": {
            "year_quarter": 20153,
            "year": 2015,
            "quarter": 3,
            "eps": 0.76,
            "eps_growth_year": -38.21,
            "eps_4q": 1.26,
            "eps_4q_growth_year": -68.17,
            "roe": 2.29,
            "roe_4q": 3.81,
            "gross_profit": 269925,
            "gross_margin": 27.09,
            "gross_margin_4q_avg": 26.1,
            "net_income": 92412,
            "revenue": 996260,
            "common_shares": 1239559,
            "book_valuer_per_share": 33.7,
            "book_valuer_per_share_4q_avg": 33.18,
            "equity": 4142685,
            "current_ratio": 185.4,
            "debt_ratio": 38.23,
            "inventory_turnover_ratio": 2.15,
            "account_receivable_turnover_ratio": 1.02,
            "reinvestment_rate": -279.61,
            "research_to_sale_ratio": 6.31,
            "price_fair": 67.49,
            "eps_avg_yearly": 2.63,
            "eps_latest_yearly": 0.88,
            "eps_growth_yearly": 15.66
        },
        "20154": {
            "year_quarter": 20154,
            "year": 2015,
            "quarter": 4,
            "eps": 0.38,
            "eps_growth_year": -11.24,
            "eps_4q": 1.21,
            "eps_4q_growth_year": -66.71,
            "roe": 1.13,
            "roe_4q": 3.65,
            "gross_profit": 317093,
            "gross_margin": 24.23,
            "gross_margin_4q_avg": 25.2,
            "net_income": 47865,
            "revenue": 1308691,
            "common_shares": 1239019,
            "book_valuer_per_share": 33.23,
            "book_valuer_per_share_4q_avg": 33.09,
            "equity": 4294903,
            "current_ratio": 182.48,
            "debt_ratio": 45.45,
            "inventory_turnover_ratio": 1.92,
            "account_receivable_turnover_ratio": 1.1,
            "reinvestment_rate": -262.55,
            "research_to_sale_ratio": 5.44,
            "price_fair": 71.69,
            "eps_avg_yearly": 2.49,
            "eps_latest_yearly": 1.52,
            "eps_growth_yearly": 18.79
        },
        "20161": {
            "year_quarter": 20161,
            "year": 2016,
            "quarter": 1,
            "eps": 0.03,
            "eps_growth_year": -86.36,
            "eps_4q": 1.02,
            "eps_4q_growth_year": -69.56,
            "roe": 0.08,
            "roe_4q": 3.08,
            "gross_profit": 249023,
            "gross_margin": 21.36,
            "gross_margin_4q_avg": 23.86,
            "net_income": 3514,
            "revenue": 1165793,
            "common_shares": 1238839,
            "book_valuer_per_share": 33.1,
            "book_valuer_per_share_4q_avg": 32.98,
            "equity": 4277183,
            "current_ratio": 188.92,
            "debt_ratio": 43.9,
            "inventory_turnover_ratio": 1.42,
            "account_receivable_turnover_ratio": 0.95,
            "reinvestment_rate": -265.55,
            "research_to_sale_ratio": 5.87,
            "price_fair": 42.24,
            "eps_avg_yearly": 2.39,
            "eps_latest_yearly": 0.12,
            "eps_growth_yearly": 7.67
        },
        "20162": {
            "year_quarter": 20162,
            "year": 2016,
            "quarter": 2,
            "eps": 0.12,
            "eps_growth_year": null,
            "eps_4q": 1.28,
            "eps_4q_growth_year": -26.14,
            "roe": 0.42,
            "roe_4q": 3.92,
            "gross_profit": 279603,
            "gross_margin": 22.79,
            "gross_margin_4q_avg": 23.87,
            "net_income": 17958,
            "revenue": 1226690,
            "common_shares": 1238839,
            "book_valuer_per_share": 32.29,
            "book_valuer_per_share_4q_avg": 33.08,
            "equity": 4180189,
            "current_ratio": 232.89,
            "debt_ratio": 40.01,
            "inventory_turnover_ratio": 1.61,
            "account_receivable_turnover_ratio": 1.05,
            "reinvestment_rate": -332.31,
            "research_to_sale_ratio": 5.73,
            "price_fair": 75.83,
            "eps_avg_yearly": 2.17,
            "eps_latest_yearly": 0.48,
            "eps_growth_yearly": 61.21
        },
        "20163": {
            "year_quarter": 20163,
            "year": 2016,
            "quarter": 3,
            "eps": 0.62,
            "eps_growth_year": -18.42,
            "eps_4q": 1.15,
            "eps_4q_growth_year": -8.55,
            "roe": 1.87,
            "roe_4q": 3.5,
            "gross_profit": 372073,
            "gross_margin": 26.28,
            "gross_margin_4q_avg": 23.67,
            "net_income": 77772,
            "revenue": 1416054,
            "common_shares": 1233559,
            "book_valuer_per_share": 32.22,
            "book_valuer_per_share_4q_avg": 32.71,
            "equity": 4155237,
            "current_ratio": 240.21,
            "debt_ratio": 39.94,
            "inventory_turnover_ratio": 1.72,
            "account_receivable_turnover_ratio": 1.11,
            "reinvestment_rate": -358.11,
            "research_to_sale_ratio": 4.96,
            "price_fair": 75.37,
            "eps_avg_yearly": 2.15,
            "eps_latest_yearly": 2.48,
            "eps_growth_yearly": 205.58
        },
        "20164": {
            "year_quarter": 20164,
            "year": 2016,
            "quarter": 4,
            "eps": 0.8,
            "eps_growth_year": 110.98,
            "eps_4q": 1.57,
            "eps_4q_growth_year": 29.68,
            "roe": 2.53,
            "roe_4q": 4.9,
            "gross_profit": 318915,
            "gross_margin": 23.18,
            "gross_margin_4q_avg": 23.4,
            "net_income": 106168,
            "revenue": 1375803,
            "common_shares": 1233559,
            "book_valuer_per_share": 32.83,
            "book_valuer_per_share_4q_avg": 32.61,
            "equity": 4240483,
            "current_ratio": 239.62,
            "debt_ratio": 40.07,
            "inventory_turnover_ratio": 1.53,
            "account_receivable_turnover_ratio": 0.98,
            "reinvestment_rate": -358.77,
            "research_to_sale_ratio": 4.94,
            "price_fair": 82.72,
            "eps_avg_yearly": 2.36,
            "eps_latest_yearly": 3.2,
            "eps_growth_yearly": 240.01
        },
        "20171": {
            "year_quarter": 20171,
            "year": 2017,
            "quarter": 1,
            "eps": -0.13,
            "eps_growth_year": -533.33,
            "eps_4q": 1.41,
            "eps_4q_growth_year": 38.43,
            "roe": -0.45,
            "roe_4q": 4.37,
            "gross_profit": 236238,
            "gross_margin": 20.29,
            "gross_margin_4q_avg": 23.14,
            "net_income": -18881,
            "revenue": 1164497,
            "common_shares": 1233559,
            "book_valuer_per_share": 31.54,
            "book_valuer_per_share_4q_avg": 32.22,
            "equity": 4076273,
            "current_ratio": 254.65,
            "debt_ratio": 38.15,
            "inventory_turnover_ratio": 1.32,
            "account_receivable_turnover_ratio": 0.89,
            "reinvestment_rate": -3.52,
            "research_to_sale_ratio": 5.55,
            "price_fair": 82.72,
            "eps_avg_yearly": 2.36,
            "eps_latest_yearly": 3.2,
            "eps_growth_yearly": 240.01
        },
        "20172": {
            "year_quarter": 20172,
            "year": 2017,
            "quarter": 2,
            "eps": 0.2,
            "eps_growth_year": 66.67,
            "eps_4q": 1.48,
            "eps_4q_growth_year": 15.72,
            "roe": 0.61,
            "roe_4q": 4.5600000000000005,
            "gross_profit": 258184,
            "gross_margin": 20.88,
            "gross_margin_4q_avg": 22.66,
            "net_income": 24831,
            "revenue": 1236463,
            "common_shares": 1233559,
            "book_valuer_per_share": 31.62,
            "book_valuer_per_share_4q_avg": 32.05,
            "equity": 4085981,
            "current_ratio": 229.39,
            "debt_ratio": 41.48,
            "inventory_turnover_ratio": 1.48,
            "account_receivable_turnover_ratio": 1.02,
            "reinvestment_rate": 7.8,
            "research_to_sale_ratio": 5.76,
            "price_fair": 82.72,
            "eps_avg_yearly": 2.36,
            "eps_latest_yearly": 3.2,
            "eps_growth_yearly": 240.01
        },
        "20173": {
            "year_quarter": 20173,
            "year": 2017,
            "quarter": 3,
            "eps": 0.61,
            "eps_growth_year": -1.61,
            "eps_4q": 1.47,
            "eps_4q_growth_year": 27.54,
            "roe": 1.68,
            "roe_4q": 4.37,
            "gross_profit": 332992,
            "gross_margin": 19.51,
            "gross_margin_4q_avg": 20.97,
            "net_income": 69881,
            "revenue": 1706908,
            "common_shares": 1233559,
            "book_valuer_per_share": 32.86,
            "book_valuer_per_share_4q_avg": 32.21,
            "equity": 4256632,
            "current_ratio": 161.37,
            "debt_ratio": 46.63,
            "inventory_turnover_ratio": 1.97,
            "account_receivable_turnover_ratio": 1.16,
            "reinvestment_rate": 33.43,
            "research_to_sale_ratio": 4.64,
            "price_fair": 84.12,
            "eps_avg_yearly": 2.4,
            "eps_latest_yearly": 2.44,
            "eps_growth_yearly": 297.53
        },
        "20174": {
            "year_quarter": 20174,
            "year": 2017,
            "quarter": 4,
            "eps": -0.06,
            "eps_growth_year": -107.07,
            "eps_4q": 0.61,
            "eps_4q_growth_year": -60.93,
            "roe": -0.31,
            "roe_4q": 1.53,
            "gross_profit": 265807,
            "gross_margin": 17.06,
            "gross_margin_4q_avg": 19.44,
            "net_income": -13192,
            "revenue": 1558090,
            "common_shares": 1223959,
            "book_valuer_per_share": 32.81,
            "book_valuer_per_share_4q_avg": 32.21,
            "equity": 4245997,
            "current_ratio": 158.66,
            "debt_ratio": 47.2,
            "inventory_turnover_ratio": 1.65,
            "account_receivable_turnover_ratio": 0.93,
            "reinvestment_rate": 35.73,
            "research_to_sale_ratio": 5.49,
            "price_fair": 81.84,
            "eps_avg_yearly": 2.34,
            "eps_latest_yearly": 2.44,
            "eps_growth_yearly": 303.06
        },
        "20181": {
            "year_quarter": 20181,
            "year": 2018,
            "quarter": 1,
            "eps": -0.53,
            "eps_growth_year": null,
            "eps_4q": 0.22,
            "eps_4q_growth_year": -84.6,
            "roe": -1.68,
            "roe_4q": 0.29999999999999993,
            "gross_profit": 259237,
            "gross_margin": 17.14,
            "gross_margin_4q_avg": 18.65,
            "net_income": -70893,
            "revenue": 1512872,
            "common_shares": 1223959,
            "book_valuer_per_share": 32.6,
            "book_valuer_per_share_4q_avg": 32.47,
            "equity": 4212265,
            "current_ratio": 156.66,
            "debt_ratio": 47.81,
            "inventory_turnover_ratio": 1.53,
            "account_receivable_turnover_ratio": 0.9,
            "reinvestment_rate": 40.94,
            "research_to_sale_ratio": 5.23,
            "price_fair": 82.88,
            "eps_avg_yearly": 2.37,
            "eps_latest_yearly": 2.44,
            "eps_growth_yearly": 347.21
        },
        "20182": {
            "year_quarter": 20182,
            "year": 2018,
            "quarter": 2,
            "eps": 0.68,
            "eps_growth_year": 240,
            "eps_4q": 0.71,
            "eps_4q_growth_year": -52.48,
            "roe": 1.87,
            "roe_4q": 1.56,
            "gross_profit": 318776,
            "gross_margin": 18.88,
            "gross_margin_4q_avg": 18.15,
            "net_income": 78879,
            "revenue": 1688150,
            "common_shares": 1223959,
            "book_valuer_per_share": 32.77,
            "book_valuer_per_share_4q_avg": 32.76,
            "equity": 4232369,
            "current_ratio": 152.82,
            "debt_ratio": 49.26,
            "inventory_turnover_ratio": 1.53,
            "account_receivable_turnover_ratio": 0.97,
            "reinvestment_rate": 85.82,
            "research_to_sale_ratio": 5.17,
            "price_fair": 69.07,
            "eps_avg_yearly": 1.97,
            "eps_latest_yearly": 2.44,
            "eps_growth_yearly": 301.26
        },
        "20183": {
            "year_quarter": 20183,
            "year": 2018,
            "quarter": 3,
            "eps": 1.18,
            "eps_growth_year": 93.44,
            "eps_4q": 1.28,
            "eps_4q_growth_year": -12.75,
            "roe": 3.42,
            "roe_4q": 3.3000000000000003,
            "gross_profit": 439850,
            "gross_margin": 23.11,
            "gross_margin_4q_avg": 19.05,
            "net_income": 143711,
            "revenue": 1903342,
            "common_shares": 1223959,
            "book_valuer_per_share": 33.29,
            "book_valuer_per_share_4q_avg": 32.87,
            "equity": 4173202,
            "current_ratio": 180.46,
            "debt_ratio": 50.82,
            "inventory_turnover_ratio": 1.51,
            "account_receivable_turnover_ratio": 0.97,
            "reinvestment_rate": 87.88,
            "research_to_sale_ratio": 4.77,
            "price_fair": 68.29,
            "eps_avg_yearly": 1.95,
            "eps_latest_yearly": 4.72,
            "eps_growth_yearly": 341.44
        },
        "20184": {
            "year_quarter": 20184,
            "year": 2018,
            "quarter": 4,
            "eps": 0.58,
            "eps_growth_year": null,
            "eps_4q": 1.92,
            "eps_4q_growth_year": 212.43,
            "roe": 1.67,
            "roe_4q": 5.28,
            "gross_profit": 355031,
            "gross_margin": 22.1,
            "gross_margin_4q_avg": 20.31,
            "net_income": 70657,
            "revenue": 1606529,
            "common_shares": 1223959,
            "book_valuer_per_share": 34.06,
            "book_valuer_per_share_4q_avg": 33.18,
            "equity": 4266576,
            "current_ratio": 186.04,
            "debt_ratio": 50.04,
            "inventory_turnover_ratio": 1.26,
            "account_receivable_turnover_ratio": 0.82,
            "reinvestment_rate": 83.18,
            "research_to_sale_ratio": 5.39,
            "price_fair": 70.62,
            "eps_avg_yearly": 2.02,
            "eps_latest_yearly": 2.32,
            "eps_growth_yearly": 347.75
        },
        "20191": {
            "year_quarter": 20191,
            "year": 2019,
            "quarter": 1,
            "eps": 0.29,
            "eps_growth_year": null,
            "eps_4q": 2.73,
            "eps_4q_growth_year": 1155.2,
            "roe": 0.79,
            "roe_4q": 7.75,
            "gross_profit": 289226,
            "gross_margin": 18.91,
            "gross_margin_4q_avg": 20.75,
            "net_income": 34020,
            "revenue": 1529154,
            "common_shares": 1223959,
            "book_valuer_per_share": 34.82,
            "book_valuer_per_share_4q_avg": 33.74,
            "equity": 4358702,
            "current_ratio": 202.73,
            "debt_ratio": 47.29,
            "inventory_turnover_ratio": 1.29,
            "account_receivable_turnover_ratio": 0.85,
            "reinvestment_rate": 30.87,
            "research_to_sale_ratio": 4.96,
            "price_fair": 71.71,
            "eps_avg_yearly": 2.05,
            "eps_latest_yearly": 1.16,
            "eps_growth_yearly": 347.23
        },
        "20192": {
            "year_quarter": 20192,
            "year": 2019,
            "quarter": 2,
            "eps": 0.45,
            "eps_growth_year": -33.82,
            "eps_4q": 2.5,
            "eps_4q_growth_year": 254.74,
            "roe": 1.2,
            "roe_4q": 7.08,
            "gross_profit": 367054,
            "gross_margin": 22.2,
            "gross_margin_4q_avg": 21.58,
            "net_income": 52004,
            "revenue": 1653511,
            "common_shares": 1223959,
            "book_valuer_per_share": 34.18,
            "book_valuer_per_share_4q_avg": 34.09,
            "equity": 4274606,
            "current_ratio": 195,
            "debt_ratio": 48.17,
            "inventory_turnover_ratio": 1.45,
            "account_receivable_turnover_ratio": 0.92,
            "reinvestment_rate": 13.77,
            "research_to_sale_ratio": 4.91,
            "price_fair": 70.84,
            "eps_avg_yearly": 2.02,
            "eps_latest_yearly": 1.8,
            "eps_growth_yearly": 334.58
        },
        "20193": {
            "year_quarter": 20193,
            "year": 2019,
            "quarter": 3,
            "eps": 1.25,
            "eps_growth_year": 5.93,
            "eps_4q": 2.57,
            "eps_4q_growth_year": 100.05,
            "roe": 3.53,
            "roe_4q": 7.1899999999999995,
            "gross_profit": 514472,
            "gross_margin": 25,
            "gross_margin_4q_avg": 22.05,
            "net_income": 152099,
            "revenue": 2057629,
            "common_shares": 1223959,
            "book_valuer_per_share": 34.61,
            "book_valuer_per_share_4q_avg": 34.42,
            "equity": 4335192,
            "current_ratio": 169.18,
            "debt_ratio": 52.83,
            "inventory_turnover_ratio": 1.75,
            "account_receivable_turnover_ratio": 0.99,
            "reinvestment_rate": 33.35,
            "research_to_sale_ratio": 4.61,
            "price_fair": 80.31,
            "eps_avg_yearly": 2.29,
            "eps_latest_yearly": 5,
            "eps_growth_yearly": 368.81
        },
        "20194": {
            "year_quarter": 20194,
            "year": 2019,
            "quarter": 4,
            "eps": 0.56,
            "eps_growth_year": -3.74,
            "eps_4q": 2.55,
            "eps_4q_growth_year": 32.64,
            "roe": 1.49,
            "roe_4q": 7.01,
            "gross_profit": 501653,
            "gross_margin": 24.22,
            "gross_margin_4q_avg": 22.58,
            "net_income": 64594,
            "revenue": 2071542,
            "common_shares": 1223959,
            "book_valuer_per_share": 34.64,
            "book_valuer_per_share_4q_avg": 34.56,
            "equity": 4333152,
            "current_ratio": 161.46,
            "debt_ratio": 53.53,
            "inventory_turnover_ratio": 1.59,
            "account_receivable_turnover_ratio": 0.87,
            "reinvestment_rate": -2.82,
            "research_to_sale_ratio": 4.49,
            "price_fair": 82.6,
            "eps_avg_yearly": 2.36,
            "eps_latest_yearly": 2.24,
            "eps_growth_yearly": 366.92
        },
        "20201": {
            "year_quarter": 20201,
            "year": 2020,
            "quarter": 1,
            "eps": -0.18,
            "eps_growth_year": -162.07,
            "eps_4q": 2.08,
            "eps_4q_growth_year": -24.06,
            "roe": -0.64,
            "roe_4q": 5.58,
            "gross_profit": 286065,
            "gross_margin": 18,
            "gross_margin_4q_avg": 22.36,
            "net_income": -27098,
            "revenue": 1589380,
            "common_shares": 1223959,
            "book_valuer_per_share": 33.46,
            "book_valuer_per_share_4q_avg": 34.22,
            "equity": 4180992,
            "current_ratio": 157.1,
            "debt_ratio": 53.2,
            "inventory_turnover_ratio": 1.29,
            "account_receivable_turnover_ratio": 0.71,
            "reinvestment_rate": 5.52,
            "research_to_sale_ratio": 4.87,
            "price_fair": 90.44,
            "eps_avg_yearly": 2.58,
            "eps_latest_yearly": 2.24,
            "eps_growth_yearly": 440.45
        },
        "20202": {
            "year_quarter": 20202,
            "year": 2020,
            "quarter": 2,
            "eps": 1.08,
            "eps_growth_year": 140,
            "eps_4q": 2.71,
            "eps_4q_growth_year": 8.15,
            "roe": 3.04,
            "roe_4q": 7.42,
            "gross_profit": 502957,
            "gross_margin": 24.36,
            "gross_margin_4q_avg": 22.9,
            "net_income": 128720,
            "revenue": 2064696,
            "common_shares": 1223959,
            "book_valuer_per_share": 34.48,
            "book_valuer_per_share_4q_avg": 34.3,
            "equity": 4301216,
            "current_ratio": 166.4,
            "debt_ratio": 54.86,
            "inventory_turnover_ratio": 1.59,
            "account_receivable_turnover_ratio": 0.96,
            "reinvestment_rate": 30.56,
            "research_to_sale_ratio": 4.18,
            "price_fair": 98.62,
            "eps_avg_yearly": 2.82,
            "eps_latest_yearly": 2.24,
            "eps_growth_yearly": 356.06
        },
        "20203": {
            "year_quarter": 20203,
            "year": 2020,
            "quarter": 3,
            "eps": 0.95,
            "eps_growth_year": -24,
            "eps_4q": 2.41,
            "eps_4q_growth_year": -5.98,
            "roe": 2.61,
            "roe_4q": 6.500000000000001,
            "gross_profit": 557241,
            "gross_margin": 24.45,
            "gross_margin_4q_avg": 22.76,
            "net_income": 114167,
            "revenue": 2279287,
            "common_shares": 1223959,
            "book_valuer_per_share": 35.83,
            "book_valuer_per_share_4q_avg": 34.6,
            "equity": 4462978,
            "current_ratio": 172.45,
            "debt_ratio": 56.01,
            "inventory_turnover_ratio": 1.64,
            "account_receivable_turnover_ratio": 0.95,
            "reinvestment_rate": 41.94,
            "research_to_sale_ratio": 4.27,
            "price_fair": 103.76,
            "eps_avg_yearly": 2.96,
            "eps_latest_yearly": 3.8,
            "eps_growth_yearly": 165.52
        },
        "20204": {
            "year_quarter": 20204,
            "year": 2020,
            "quarter": 4,
            "eps": 0.4,
            "eps_growth_year": -27.82,
            "eps_4q": 2.26,
            "eps_4q_growth_year": -11.28,
            "roe": 0.98,
            "roe_4q": 5.99,
            "gross_profit": 489703,
            "gross_margin": 23,
            "gross_margin_4q_avg": 22.45,
            "net_income": 44157,
            "revenue": 2129502,
            "common_shares": 1223959,
            "book_valuer_per_share": 36.71,
            "book_valuer_per_share_4q_avg": 35.12,
            "equity": 4564150,
            "current_ratio": 153.77,
            "debt_ratio": 55.67,
            "inventory_turnover_ratio": 1.47,
            "account_receivable_turnover_ratio": 0.89,
            "reinvestment_rate": 53.96,
            "research_to_sale_ratio": 4.87,
            "price_fair": 97.53,
            "eps_avg_yearly": 2.79,
            "eps_latest_yearly": 1.6,
            "eps_growth_yearly": 126.89
        },
        "20211": {
            "year_quarter": 20211,
            "year": 2021,
            "quarter": 1,
            "eps": 1.24,
            "eps_growth_year": null,
            "eps_4q": 3.68,
            "eps_4q_growth_year": 77.23,
            "roe": 3.31,
            "roe_4q": 9.940000000000001,
            "gross_profit": 551254,
            "gross_margin": 23.94,
            "gross_margin_4q_avg": 23.94,
            "net_income": 150882,
            "revenue": 2303011,
            "common_shares": 1223959,
            "book_valuer_per_share": 36.97,
            "book_valuer_per_share_4q_avg": 36,
            "equity": 4546386,
            "current_ratio": 141.92,
            "debt_ratio": 59.67,
            "inventory_turnover_ratio": 1.42,
            "account_receivable_turnover_ratio": 1,
            "reinvestment_rate": 50.04,
            "research_to_sale_ratio": 4.28,
            "price_fair": 105.14,
            "eps_avg_yearly": 3,
            "eps_latest_yearly": 4.96,
            "eps_growth_yearly": 198.2
        },
        "20212": {
            "year_quarter": 20212,
            "year": 2021,
            "quarter": 2,
            "eps": 1.47,
            "eps_growth_year": 36.11,
            "eps_4q": 4.07,
            "eps_4q_growth_year": 50.19,
            "roe": 3.89,
            "roe_4q": 10.79,
            "gross_profit": 680426,
            "gross_margin": 24.52,
            "gross_margin_4q_avg": 23.98,
            "net_income": 179488,
            "revenue": 2774620,
            "common_shares": 1223959,
            "book_valuer_per_share": 38.12,
            "book_valuer_per_share_4q_avg": 36.91,
            "equity": 4686987,
            "current_ratio": 143.83,
            "debt_ratio": 61.68,
            "inventory_turnover_ratio": 1.39,
            "account_receivable_turnover_ratio": 1.05,
            "reinvestment_rate": 58.05,
            "research_to_sale_ratio": 4.1,
            "price_fair": 114.29,
            "eps_avg_yearly": 3.27,
            "eps_latest_yearly": 5.88,
            "eps_growth_yearly": 186.93
        },
        "20213": {
            "year_quarter": 20213,
            "year": 2021,
            "quarter": 3,
            "eps": 1.06,
            "eps_growth_year": 11.58,
            "eps_4q": 4.17,
            "eps_4q_growth_year": 72.92,
            "roe": 2.72,
            "roe_4q": 10.9,
            "gross_profit": 610475,
            "gross_margin": 21.76,
            "gross_margin_4q_avg": 23.31,
            "net_income": 128988,
            "revenue": 2805181,
            "common_shares": 1223959,
            "book_valuer_per_share": 39.14,
            "book_valuer_per_share_4q_avg": 37.74,
            "equity": 4810787,
            "current_ratio": 144.2,
            "debt_ratio": 60.78,
            "inventory_turnover_ratio": 1.35,
            "account_receivable_turnover_ratio": 0.94,
            "reinvestment_rate": 39.16,
            "research_to_sale_ratio": 4.69,
            "price_fair": 120.02,
            "eps_avg_yearly": 3.43,
            "eps_latest_yearly": 4.24,
            "eps_growth_yearly": 102.24
        },
        "20214": {
            "year_quarter": 20214,
            "year": 2021,
            "quarter": 4,
            "eps": 0.37,
            "eps_growth_year": -8.68,
            "eps_4q": 3.8,
            "eps_4q_growth_year": 68.34,
            "roe": 0.94,
            "roe_4q": 10.860000000000001,
            "gross_profit": 587066,
            "gross_margin": 21.8,
            "gross_margin_4q_avg": 23.01,
            "net_income": 48813,
            "revenue": 2693050,
            "common_shares": 1343959,
            "book_valuer_per_share": 41.01,
            "book_valuer_per_share_4q_avg": 38.81,
            "equity": 5532203,
            "current_ratio": 167.15,
            "debt_ratio": 57.02,
            "inventory_turnover_ratio": 1.31,
            "account_receivable_turnover_ratio": 0.9,
            "reinvestment_rate": 46.79,
            "research_to_sale_ratio": 5.11,
            "price_fair": 114.33,
            "eps_avg_yearly": 3.27,
            "eps_latest_yearly": 1.48,
            "eps_growth_yearly": 72.02
        },
        "20221": {
            "year_quarter": 20221,
            "year": 2022,
            "quarter": 1,
            "eps": 1.22,
            "eps_growth_year": -1.61,
            "eps_4q": 3.89,
            "eps_4q_growth_year": 5.59,
            "roe": 2.93,
            "roe_4q": 10.48,
            "gross_profit": 637520,
            "gross_margin": 22.63,
            "gross_margin_4q_avg": 22.68,
            "net_income": 163351,
            "revenue": 2816815,
            "common_shares": 1343959,
            "book_valuer_per_share": 41.7,
            "book_valuer_per_share_4q_avg": 39.99,
            "equity": 5624285,
            "current_ratio": 154.52,
            "debt_ratio": 59.23,
            "inventory_turnover_ratio": 1.31,
            "account_receivable_turnover_ratio": 0.92,
            "reinvestment_rate": 47.57,
            "research_to_sale_ratio": 4.43,
            "price_fair": 118.68,
            "eps_avg_yearly": 3.39,
            "eps_latest_yearly": 4.88,
            "eps_growth_yearly": 137.17
        },
        "20222": {
            "year_quarter": 20222,
            "year": 2022,
            "quarter": 2,
            "eps": 0.89,
            "eps_growth_year": -39.46,
            "eps_4q": 3.43,
            "eps_4q_growth_year": -15.51,
            "roe": 2.09,
            "roe_4q": 8.68,
            "gross_profit": 593848,
            "gross_margin": 21.82,
            "gross_margin_4q_avg": 22,
            "net_income": 118558,
            "revenue": 2721805,
            "common_shares": 1343959,
            "book_valuer_per_share": 42.42,
            "book_valuer_per_share_4q_avg": 41.07,
            "equity": 5720695,
            "current_ratio": 153.5,
            "debt_ratio": 58.78,
            "inventory_turnover_ratio": 1.29,
            "account_receivable_turnover_ratio": 0.85,
            "reinvestment_rate": 45.52,
            "research_to_sale_ratio": 5.2,
            "price_fair": 119.1,
            "eps_avg_yearly": 3.4,
            "eps_latest_yearly": 3.56,
            "eps_growth_yearly": 119.64
        },
        "20223": {
            "year_quarter": 20223,
            "year": 2022,
            "quarter": 3,
            "eps": 0.8,
            "eps_growth_year": -24.53,
            "eps_4q": 3.27,
            "eps_4q_growth_year": -21.54,
            "roe": 1.85,
            "roe_4q": 7.8100000000000005,
            "gross_profit": 532742,
            "gross_margin": 20.34,
            "gross_margin_4q_avg": 21.65,
            "net_income": 107157,
            "revenue": 2619261,
            "common_shares": 1344177,
            "book_valuer_per_share": 43.66,
            "book_valuer_per_share_4q_avg": 42.2,
            "equity": 5887435,
            "current_ratio": 138.86,
            "debt_ratio": 57.56,
            "inventory_turnover_ratio": 1.35,
            "account_receivable_turnover_ratio": 0.83,
            "reinvestment_rate": 74.22,
            "research_to_sale_ratio": 5.71,
            "price_fair": 115.3,
            "eps_avg_yearly": 3.29,
            "eps_latest_yearly": 3.2,
            "eps_growth_yearly": 95.74
        },
        "20224": {
            "year_quarter": 20224,
            "year": 2022,
            "quarter": 4,
            "eps": -1.23,
            "eps_growth_year": -434.78,
            "eps_4q": 1.68,
            "eps_4q_growth_year": -55.9,
            "roe": -2.87,
            "roe_4q": 4,
            "gross_profit": 468775,
            "gross_margin": 20.98,
            "gross_margin_4q_avg": 21.44,
            "net_income": -165733,
            "revenue": 2234623,
            "common_shares": 1344177,
            "book_valuer_per_share": 41.94,
            "book_valuer_per_share_4q_avg": 42.43,
            "equity": 5655354,
            "current_ratio": 129.78,
            "debt_ratio": 55.96,
            "inventory_turnover_ratio": 1.21,
            "account_receivable_turnover_ratio": 0.77,
            "reinvestment_rate": 110.37,
            "research_to_sale_ratio": 7.07,
            "price_fair": 117.92,
            "eps_avg_yearly": 3.37,
            "eps_latest_yearly": 3.2,
            "eps_growth_yearly": 118.75
        },
        "20231": {
            "year_quarter": 20231,
            "year": 2023,
            "quarter": 1,
            "eps": -1.21,
            "eps_growth_year": -199.18,
            "eps_4q": -0.75,
            "eps_4q_growth_year": -119.28,
            "roe": -2.95,
            "roe_4q": -1.8800000000000003,
            "gross_profit": 375461,
            "gross_margin": 18.4,
            "gross_margin_4q_avg": 20.39,
            "net_income": -163274,
            "revenue": 2040206,
            "common_shares": 1344177,
            "book_valuer_per_share": 40.23,
            "book_valuer_per_share_4q_avg": 42.06,
            "equity": 5425448,
            "current_ratio": 122.37,
            "debt_ratio": 57.9,
            "inventory_turnover_ratio": 1.23,
            "account_receivable_turnover_ratio": 0.82,
            "reinvestment_rate": 135.45,
            "research_to_sale_ratio": 7.42,
            "price_fair": 124.37,
            "eps_avg_yearly": 3.55,
            "eps_latest_yearly": 3.2,
            "eps_growth_yearly": 145.32
        }
    },
    "months": {
        "2007-12": {
            "month": "2007-12",
            "price": "123.22",
            "revenue": 110588
        },
        "2008-01": {
            "month": "2008-01",
            "price": "104.58",
            "revenue": 140487
        },
        "2008-02": {
            "month": "2008-02",
            "price": "84.89",
            "revenue": 84754
        },
        "2008-03": {
            "month": "2008-03",
            "price": "92.77",
            "revenue": 128353
        },
        "2008-04": {
            "month": "2008-04",
            "price": "91.48",
            "revenue": 140321
        },
        "2008-05": {
            "month": "2008-05",
            "price": "91.12",
            "revenue": 135418
        },
        "2008-06": {
            "month": "2008-06",
            "price": "94.87",
            "revenue": 148092
        },
        "2008-07": {
            "month": "2008-07",
            "price": "90.17",
            "revenue": 174159
        },
        "2008-08": {
            "month": "2008-08",
            "price": "87.33",
            "revenue": 185534
        },
        "2008-09": {
            "month": "2008-09",
            "price": "81.02",
            "revenue": 167693
        },
        "2008-10": {
            "month": "2008-10",
            "price": "61.95",
            "revenue": 174275
        },
        "2008-11": {
            "month": "2008-11",
            "price": "63.06",
            "revenue": 114494
        },
        "2008-12": {
            "month": "2008-12",
            "price": "53.87",
            "revenue": 72436
        },
        "2009-01": {
            "month": "2009-01",
            "price": "52.37",
            "revenue": 168514
        },
        "2009-02": {
            "month": "2009-02",
            "price": "52.93",
            "revenue": 260571
        },
        "2009-03": {
            "month": "2009-03",
            "price": "71.78",
            "revenue": 398776
        },
        "2009-04": {
            "month": "2009-04",
            "price": "73.78",
            "revenue": 420571
        },
        "2009-05": {
            "month": "2009-05",
            "price": "96.83",
            "revenue": 333877
        },
        "2009-06": {
            "month": "2009-06",
            "price": "81.50",
            "revenue": 374168
        },
        "2009-07": {
            "month": "2009-07",
            "price": "97.44",
            "revenue": 441011
        },
        "2009-08": {
            "month": "2009-08",
            "price": "128.92",
            "revenue": 437629
        },
        "2009-09": {
            "month": "2009-09",
            "price": "130.36",
            "revenue": 518714
        },
        "2009-10": {
            "month": "2009-10",
            "price": "124.70",
            "revenue": 415026
        },
        "2009-11": {
            "month": "2009-11",
            "price": "119.33",
            "revenue": 342590
        },
        "2009-12": {
            "month": "2009-12",
            "price": "125.76",
            "revenue": 407188
        },
        "2010-01": {
            "month": "2010-01",
            "price": "118.85",
            "revenue": 373421
        },
        "2010-02": {
            "month": "2010-02",
            "price": "99.99",
            "revenue": 288551
        },
        "2010-03": {
            "month": "2010-03",
            "price": "108.83",
            "revenue": 442708
        },
        "2010-04": {
            "month": "2010-04",
            "price": "118.86",
            "revenue": 399584
        },
        "2010-05": {
            "month": "2010-05",
            "price": "102.53",
            "revenue": 428749
        },
        "2010-06": {
            "month": "2010-06",
            "price": "95.93",
            "revenue": 343664
        },
        "2010-07": {
            "month": "2010-07",
            "price": "96.18",
            "revenue": 417532
        },
        "2010-08": {
            "month": "2010-08",
            "price": "100.01",
            "revenue": 314720
        },
        "2010-09": {
            "month": "2010-09",
            "price": "84.15",
            "revenue": 384406
        },
        "2010-10": {
            "month": "2010-10",
            "price": "69.33",
            "revenue": 316536
        },
        "2010-11": {
            "month": "2010-11",
            "price": "57.98",
            "revenue": 370390
        },
        "2010-12": {
            "month": "2010-12",
            "price": "61.67",
            "revenue": 326755
        },
        "2011-01": {
            "month": "2011-01",
            "price": "59.56",
            "revenue": 317860
        },
        "2011-02": {
            "month": "2011-02",
            "price": "55.73",
            "revenue": 256078
        },
        "2011-03": {
            "month": "2011-03",
            "price": "53.55",
            "revenue": 433457
        },
        "2011-04": {
            "month": "2011-04",
            "price": "56.83",
            "revenue": 469797
        },
        "2011-05": {
            "month": "2011-05",
            "price": "64.67",
            "revenue": 446589
        },
        "2011-06": {
            "month": "2011-06",
            "price": "68.98",
            "revenue": 379393
        },
        "2011-07": {
            "month": "2011-07",
            "price": "65.03",
            "revenue": 453332
        },
        "2011-08": {
            "month": "2011-08",
            "price": "52.27",
            "revenue": 383818
        },
        "2011-09": {
            "month": "2011-09",
            "price": "51.93",
            "revenue": 397107
        },
        "2011-10": {
            "month": "2011-10",
            "price": "49.56",
            "revenue": 372158
        },
        "2011-11": {
            "month": "2011-11",
            "price": "53.07",
            "revenue": 378542
        },
        "2011-12": {
            "month": "2011-12",
            "price": "48.83",
            "revenue": 349997
        },
        "2012-01": {
            "month": "2012-01",
            "price": "52.03",
            "revenue": 297002
        },
        "2012-02": {
            "month": "2012-02",
            "price": "60.02",
            "revenue": 333809
        },
        "2012-03": {
            "month": "2012-03",
            "price": "61.31",
            "revenue": 376894
        },
        "2012-04": {
            "month": "2012-04",
            "price": "52.64",
            "revenue": 432760
        },
        "2012-05": {
            "month": "2012-05",
            "price": "45.87",
            "revenue": 447335
        },
        "2012-06": {
            "month": "2012-06",
            "price": "42.07",
            "revenue": 381064
        },
        "2012-07": {
            "month": "2012-07",
            "price": "43.09",
            "revenue": 373082
        },
        "2012-08": {
            "month": "2012-08",
            "price": "43.70",
            "revenue": 391488
        },
        "2012-09": {
            "month": "2012-09",
            "price": "47.27",
            "revenue": 417467
        },
        "2012-10": {
            "month": "2012-10",
            "price": "41.69",
            "revenue": 321118
        },
        "2012-11": {
            "month": "2012-11",
            "price": "37.05",
            "revenue": 348272
        },
        "2012-12": {
            "month": "2012-12",
            "price": "36.73",
            "revenue": 322417
        },
        "2013-01": {
            "month": "2013-01",
            "price": "34.81",
            "revenue": 356489
        },
        "2013-02": {
            "month": "2013-02",
            "price": "33.40",
            "revenue": 230988
        },
        "2013-03": {
            "month": "2013-03",
            "price": "33.93",
            "revenue": 307879
        },
        "2013-04": {
            "month": "2013-04",
            "price": "33.53",
            "revenue": 338058
        },
        "2013-05": {
            "month": "2013-05",
            "price": "29.84",
            "revenue": 374127
        },
        "2013-06": {
            "month": "2013-06",
            "price": "25.77",
            "revenue": 320234
        },
        "2013-07": {
            "month": "2013-07",
            "price": "24.87",
            "revenue": 302665
        },
        "2013-08": {
            "month": "2013-08",
            "price": "24.38",
            "revenue": 321055
        },
        "2013-09": {
            "month": "2013-09",
            "price": "22.44",
            "revenue": 385241
        },
        "2013-10": {
            "month": "2013-10",
            "price": "22.92",
            "revenue": 342697
        },
        "2013-11": {
            "month": "2013-11",
            "price": "19.94",
            "revenue": 352129
        },
        "2013-12": {
            "month": "2013-12",
            "price": "22.02",
            "revenue": 356626
        },
        "2014-01": {
            "month": "2014-01",
            "price": "24.26",
            "revenue": 351219
        },
        "2014-02": {
            "month": "2014-02",
            "price": "29.93",
            "revenue": 240973
        },
        "2014-03": {
            "month": "2014-03",
            "price": "30.21",
            "revenue": 319141
        },
        "2014-04": {
            "month": "2014-04",
            "price": "31.37",
            "revenue": 327853
        },
        "2014-05": {
            "month": "2014-05",
            "price": "36.92",
            "revenue": 359945
        },
        "2014-06": {
            "month": "2014-06",
            "price": "38.84",
            "revenue": 370503
        },
        "2014-07": {
            "month": "2014-07",
            "price": "39.17",
            "revenue": 407210
        },
        "2014-08": {
            "month": "2014-08",
            "price": "43.44",
            "revenue": 358217
        },
        "2014-09": {
            "month": "2014-09",
            "price": "43.61",
            "revenue": 378601
        },
        "2014-10": {
            "month": "2014-10",
            "price": "38.05",
            "revenue": 340306
        },
        "2014-11": {
            "month": "2014-11",
            "price": "37.96",
            "revenue": 349515
        },
        "2014-12": {
            "month": "2014-12",
            "price": "42.60",
            "revenue": 330451
        },
        "2015-01": {
            "month": "2015-01",
            "price": "42.52",
            "revenue": 331491
        },
        "2015-02": {
            "month": "2015-02",
            "price": "41.02",
            "revenue": 208904
        },
        "2015-03": {
            "month": "2015-03",
            "price": "40.30",
            "revenue": 293488
        },
        "2015-04": {
            "month": "2015-04",
            "price": "34.76",
            "revenue": 288176
        },
        "2015-05": {
            "month": "2015-05",
            "price": "28.54",
            "revenue": 257323
        },
        "2015-06": {
            "month": "2015-06",
            "price": "24.61",
            "revenue": 283568
        },
        "2015-07": {
            "month": "2015-07",
            "price": "21.46",
            "revenue": 311810
        },
        "2015-08": {
            "month": "2015-08",
            "price": "17.00",
            "revenue": 331278
        },
        "2015-09": {
            "month": "2015-09",
            "price": "19.12",
            "revenue": 353172
        },
        "2015-10": {
            "month": "2015-10",
            "price": "23.70",
            "revenue": 454415
        },
        "2015-11": {
            "month": "2015-11",
            "price": "26.93",
            "revenue": 459025
        },
        "2015-12": {
            "month": "2015-12",
            "price": "28.00",
            "revenue": 395279
        },
        "2016-01": {
            "month": "2016-01",
            "price": "27.96",
            "revenue": 453304
        },
        "2016-02": {
            "month": "2016-02",
            "price": "37.41",
            "revenue": 278426
        },
        "2016-03": {
            "month": "2016-03",
            "price": "36.50",
            "revenue": 434063
        },
        "2016-04": {
            "month": "2016-04",
            "price": "34.75",
            "revenue": 398654
        },
        "2016-05": {
            "month": "2016-05",
            "price": "26.93",
            "revenue": 416360
        },
        "2016-06": {
            "month": "2016-06",
            "price": "26.17",
            "revenue": 411676
        },
        "2016-07": {
            "month": "2016-07",
            "price": "25.84",
            "revenue": 434971
        },
        "2016-08": {
            "month": "2016-08",
            "price": "24.49",
            "revenue": 466563
        },
        "2016-09": {
            "month": "2016-09",
            "price": "24.77",
            "revenue": 514520
        },
        "2016-10": {
            "month": "2016-10",
            "price": "24.71",
            "revenue": 454288
        },
        "2016-11": {
            "month": "2016-11",
            "price": "22.83",
            "revenue": 476551
        },
        "2016-12": {
            "month": "2016-12",
            "price": "24.32",
            "revenue": 444964
        },
        "2017-01": {
            "month": "2017-01",
            "price": "24.67",
            "revenue": 386572
        },
        "2017-02": {
            "month": "2017-02",
            "price": "25.98",
            "revenue": 335120
        },
        "2017-03": {
            "month": "2017-03",
            "price": "26.51",
            "revenue": 442805
        },
        "2017-04": {
            "month": "2017-04",
            "price": "25.25",
            "revenue": 380844
        },
        "2017-05": {
            "month": "2017-05",
            "price": "25.52",
            "revenue": 420862
        },
        "2017-06": {
            "month": "2017-06",
            "price": "27.58",
            "revenue": 434757
        },
        "2017-07": {
            "month": "2017-07",
            "price": "28.33",
            "revenue": 534868
        },
        "2017-08": {
            "month": "2017-08",
            "price": "27.86",
            "revenue": 570413
        },
        "2017-09": {
            "month": "2017-09",
            "price": "27.83",
            "revenue": 601627
        },
        "2017-10": {
            "month": "2017-10",
            "price": "27.36",
            "revenue": 485267
        },
        "2017-11": {
            "month": "2017-11",
            "price": "26.56",
            "revenue": 555236
        },
        "2017-12": {
            "month": "2017-12",
            "price": "24.50",
            "revenue": 517634
        },
        "2018-01": {
            "month": "2018-01",
            "price": "25.37",
            "revenue": 597753
        },
        "2018-02": {
            "month": "2018-02",
            "price": "23.72",
            "revenue": 403234
        },
        "2018-03": {
            "month": "2018-03",
            "price": "26.50",
            "revenue": 511885
        },
        "2018-04": {
            "month": "2018-04",
            "price": "26.46",
            "revenue": 550323
        },
        "2018-05": {
            "month": "2018-05",
            "price": "23.02",
            "revenue": 562778
        },
        "2018-06": {
            "month": "2018-06",
            "price": "21.82",
            "revenue": 575049
        },
        "2018-07": {
            "month": "2018-07",
            "price": "21.30",
            "revenue": 627786
        },
        "2018-08": {
            "month": "2018-08",
            "price": "22.25",
            "revenue": 655327
        },
        "2018-09": {
            "month": "2018-09",
            "price": "21.33",
            "revenue": 620229
        },
        "2018-10": {
            "month": "2018-10",
            "price": "17.72",
            "revenue": 561180
        },
        "2018-11": {
            "month": "2018-11",
            "price": "20.53",
            "revenue": 566130
        },
        "2018-12": {
            "month": "2018-12",
            "price": "23.24",
            "revenue": 478972
        },
        "2019-01": {
            "month": "2019-01",
            "price": "22.90",
            "revenue": 603250
        },
        "2019-02": {
            "month": "2019-02",
            "price": "25.05",
            "revenue": 399202
        },
        "2019-03": {
            "month": "2019-03",
            "price": "25.55",
            "revenue": 526702
        },
        "2019-04": {
            "month": "2019-04",
            "price": "25.48",
            "revenue": 539552
        },
        "2019-05": {
            "month": "2019-05",
            "price": "23.11",
            "revenue": 552728
        },
        "2019-06": {
            "month": "2019-06",
            "price": "21.59",
            "revenue": 561231
        },
        "2019-07": {
            "month": "2019-07",
            "price": "22.31",
            "revenue": 646105
        },
        "2019-08": {
            "month": "2019-08",
            "price": "22.14",
            "revenue": 678429
        },
        "2019-09": {
            "month": "2019-09",
            "price": "23.82",
            "revenue": 733095
        },
        "2019-10": {
            "month": "2019-10",
            "price": "25.30",
            "revenue": 663560
        },
        "2019-11": {
            "month": "2019-11",
            "price": "28.46",
            "revenue": 725743
        },
        "2019-12": {
            "month": "2019-12",
            "price": "29.42",
            "revenue": 682219
        },
        "2020-01": {
            "month": "2020-01",
            "price": "29.69",
            "revenue": 566185
        },
        "2020-02": {
            "month": "2020-02",
            "price": "26.99",
            "revenue": 369926
        },
        "2020-03": {
            "month": "2020-03",
            "price": "21.04",
            "revenue": 653269
        },
        "2020-04": {
            "month": "2020-04",
            "price": "21.98",
            "revenue": 699837
        },
        "2020-05": {
            "month": "2020-05",
            "price": "24.29",
            "revenue": 686475
        },
        "2020-06": {
            "month": "2020-06",
            "price": "26.60",
            "revenue": 678384
        },
        "2020-07": {
            "month": "2020-07",
            "price": "27.08",
            "revenue": 768042
        },
        "2020-08": {
            "month": "2020-08",
            "price": "29.70",
            "revenue": 737703
        },
        "2020-09": {
            "month": "2020-09",
            "price": "31.10",
            "revenue": 773542
        },
        "2020-10": {
            "month": "2020-10",
            "price": "33.35",
            "revenue": 684637
        },
        "2020-11": {
            "month": "2020-11",
            "price": "33.17",
            "revenue": 731076
        },
        "2020-12": {
            "month": "2020-12",
            "price": "34.86",
            "revenue": 713905
        },
        "2021-01": {
            "month": "2021-01",
            "price": "43.46",
            "revenue": 846428
        },
        "2021-02": {
            "month": "2021-02",
            "price": "44.10",
            "revenue": 634676
        },
        "2021-03": {
            "month": "2021-03",
            "price": "45.64",
            "revenue": 821907
        },
        "2021-04": {
            "month": "2021-04",
            "price": "46.67",
            "revenue": 946342
        },
        "2021-05": {
            "month": "2021-05",
            "price": "40.78",
            "revenue": 913452
        },
        "2021-06": {
            "month": "2021-06",
            "price": "47.01",
            "revenue": 914826
        },
        "2021-07": {
            "month": "2021-07",
            "price": "57.73",
            "revenue": 930648
        },
        "2021-08": {
            "month": "2021-08",
            "price": "54.54",
            "revenue": 967608
        },
        "2021-09": {
            "month": "2021-09",
            "price": "49.26",
            "revenue": 906925
        },
        "2021-10": {
            "month": "2021-10",
            "price": "43.69",
            "revenue": 857671
        },
        "2021-11": {
            "month": "2021-11",
            "price": "49.00",
            "revenue": 969813
        },
        "2021-12": {
            "month": "2021-12",
            "price": "49.91",
            "revenue": 866437
        },
        "2022-01": {
            "month": "2022-01",
            "price": "47.98",
            "revenue": 1051469
        },
        "2022-02": {
            "month": "2022-02",
            "price": "50.99",
            "revenue": 722970
        },
        "2022-03": {
            "month": "2022-03",
            "price": "49.93",
            "revenue": 1042376
        },
        "2022-04": {
            "month": "2022-04",
            "price": "43.80",
            "revenue": 857108
        },
        "2022-05": {
            "month": "2022-05",
            "price": "41.20",
            "revenue": 942053
        },
        "2022-06": {
            "month": "2022-06",
            "price": "40.30",
            "revenue": 922644
        },
        "2022-07": {
            "month": "2022-07",
            "price": "37.26",
            "revenue": 905263
        },
        "2022-08": {
            "month": "2022-08",
            "price": "37.80",
            "revenue": 822601
        },
        "2022-09": {
            "month": "2022-09",
            "price": "33.72",
            "revenue": 891397
        },
        "2022-10": {
            "month": "2022-10",
            "price": "29.15",
            "revenue": 747801
        },
        "2022-11": {
            "month": "2022-11",
            "price": "31.22",
            "revenue": 758024
        },
        "2022-12": {
            "month": "2022-12",
            "price": "33.02",
            "revenue": 728798
        },
        "2023-01": {
            "month": "2023-01",
            "price": "31.87",
            "revenue": 664293
        },
        "2023-02": {
            "month": "2023-02",
            "price": "33.82",
            "revenue": 623050
        },
        "2023-03": {
            "month": "2023-03",
            "price": "33.38",
            "revenue": 752863
        },
        "2023-04": {
            "month": "2023-04",
            "price": "31.02",
            "revenue": 623359
        },
        "2023-05": {
            "month": "2023-05",
            "price": "29.16",
            "revenue": 759246
        }
    }
}
