{
    "summary": {
        "stock_name": "谷崧",
        "stock_id": "3607",
        "category": "電子零組件",
        "main_business": "各種模具、金屬零件之製造加工及買賣<br>各種塑膠成型製品及其零件之製造加工及買賣<br>各種電子、電機及其零件之開發製造加工及買賣",
        "website_url": "http://www.coxongroup.com",
        "ceo": "張文桐",
        "pe_ratio": -10,
        "report_year_from": 2007,
        "report_year_to": 2023,
        "age": 16,
        "eps_negative_percentage": 50,
        "eps_growth_avg": {
            "last_all": -5.35,
            "last_2y": null,
            "last_4y": null,
            "last_8y": -13.68,
            "last_12y": -10.54,
            "last_16y": null,
            "last_20y": null,
            "at_2006_last_3y": null,
            "at_2007_last_3y": null,
            "at_2008_last_3y": null,
            "at_2009_last_3y": null,
            "at_2010_last_3y": null,
            "at_2011_last_3y": null,
            "at_2012_last_3y": -3.87,
            "at_2013_last_3y": -8.19,
            "at_2014_last_3y": 22.41,
            "at_2015_last_3y": 19.07,
            "at_2016_last_3y": -6.84,
            "at_2017_last_3y": -13.68,
            "at_2018_last_3y": -54.98,
            "at_2019_last_3y": -100,
            "at_2020_last_3y": null,
            "at_2021_last_3y": null,
            "at_2022_last_3y": null,
            "at_2023_last_3y": null,
            "at_2006_last_all": null,
            "at_2007_last_all": null,
            "at_2008_last_all": null,
            "at_2009_last_all": null,
            "at_2010_last_all": -11.26,
            "at_2011_last_all": -6.37,
            "at_2012_last_all": -3.87,
            "at_2013_last_all": -0.36,
            "at_2014_last_all": 11.19,
            "at_2015_last_all": 8.17,
            "at_2016_last_all": -5.35,
            "at_2017_last_all": -5.35,
            "at_2018_last_all": -5.35,
            "at_2019_last_all": -5.35,
            "at_2020_last_all": -5.35,
            "at_2021_last_all": -5.35,
            "at_2022_last_all": -5.35,
            "at_2023_last_all": -5.35
        },
        "latest_eps": -1.47,
        "latest_price": 15.2,
        "latest_roe": -9.31,
        "latest_gross_margin": 2.4,
        "latest_equity": 1817173,
        "latest_revenue": 605054,
        "latest_gross_profit": 14502,
        "latest_net_income": -36466,
        "latest_debt_ratio": 39.23,
        "latest_current_ratio": 205.1,
        "latest_account_receivable_turnover_ratio": 0.7,
        "latest_inventory_turnover_ratio": 2.13,
        "latest_reinvestment_rate": null,
        "latest_research_to_sale_ratio": 0.17
    },
    "eps_dividends": {
        "2001": {
            "cash": 0,
            "stock": 0,
            "eps": 0
        },
        "2002": {
            "cash": 0,
            "stock": 0,
            "eps": 0
        },
        "2003": {
            "cash": 0,
            "stock": 0,
            "eps": 0
        },
        "2004": {
            "cash": 0,
            "stock": 0,
            "eps": 0
        },
        "2005": {
            "cash": 0,
            "stock": 0,
            "eps": 0
        },
        "2006": {
            "cash": 0,
            "stock": 0,
            "eps": 0
        },
        "2007": {
            "cash": 0,
            "stock": 0,
            "eps": 0
        },
        "2008": {
            "cash": 4,
            "stock": 0,
            "eps": 4.81
        },
        "2009": {
            "cash": 3,
            "stock": 0,
            "eps": 6.3
        },
        "2010": {
            "cash": 4,
            "stock": 0,
            "eps": 2.93
        },
        "2011": {
            "cash": 7,
            "stock": 0,
            "eps": 3.03
        },
        "2012": {
            "cash": 0,
            "stock": 0,
            "eps": 3.14
        },
        "2013": {
            "cash": 3,
            "stock": 0,
            "eps": 3.57
        },
        "2014": {
            "cash": 3.2,
            "stock": 0,
            "eps": 6.03
        },
        "2015": {
            "cash": 4.2,
            "stock": 0,
            "eps": 5.43
        },
        "2016": {
            "cash": 4.2,
            "stock": 0,
            "eps": -2.53
        },
        "2017": {
            "cash": 1.5,
            "stock": 0,
            "eps": -3.25
        },
        "2018": {
            "cash": 0.8,
            "stock": 0,
            "eps": -6.89
        },
        "2019": {
            "cash": 0.5,
            "stock": 0,
            "eps": -4.66
        },
        "2020": {
            "cash": 0,
            "stock": 0,
            "eps": -3.31
        },
        "2021": {
            "cash": 0,
            "stock": 0,
            "eps": -2.22
        },
        "2022": {
            "cash": 1,
            "stock": 0,
            "eps": -2.23
        },
        "2023": {
            "cash": 1,
            "stock": 0,
            "eps": -0.6
        }
    },
    "dividends": {
        "2008-04-10": {
            "cash": 4,
            "stock": 0
        },
        "2009-03-27": {
            "cash": 3,
            "stock": 0
        },
        "2010-03-25": {
            "cash": 4,
            "stock": 0
        },
        "2011-01-01": {
            "cash": 3,
            "stock": 0
        },
        "2011-03-21": {
            "cash": 4,
            "stock": 0
        },
        "2013-03-12": {
            "cash": 3,
            "stock": 0
        },
        "2014-06-04": {
            "cash": 3.2,
            "stock": 0
        },
        "2015-08-03": {
            "cash": 4.2,
            "stock": 0
        },
        "2016-08-09": {
            "cash": 4.2,
            "stock": 0
        },
        "2017-08-01": {
            "cash": 1.5,
            "stock": 0
        },
        "2018-08-08": {
            "cash": 0.8,
            "stock": 0
        },
        "2019-07-31": {
            "cash": 0.5,
            "stock": 0
        },
        "2022-08-05": {
            "cash": 1,
            "stock": 0
        },
        "2023-08-14": {
            "cash": 1,
            "stock": 0
        }
    },
    "prices": {
        "200101": "無",
        "200102": "無",
        "200103": "無",
        "200104": "無",
        "200105": "無",
        "200106": "無",
        "200107": "無",
        "200108": "無",
        "200109": "無",
        "200110": "無",
        "200111": "無",
        "200112": "無",
        "200201": "無",
        "200202": "無",
        "200203": "無",
        "200204": "無",
        "200205": "無",
        "200206": "無",
        "200207": "無",
        "200208": "無",
        "200209": "無",
        "200210": "無",
        "200211": "無",
        "200212": "無",
        "200301": "無",
        "200302": "無",
        "200303": "無",
        "200304": "無",
        "200305": "無",
        "200306": "無",
        "200307": "無",
        "200308": "無",
        "200309": "無",
        "200310": "無",
        "200311": "無",
        "200312": "無",
        "200401": "無",
        "200402": "無",
        "200403": "無",
        "200404": "無",
        "200405": "無",
        "200406": "無",
        "200407": "無",
        "200408": "無",
        "200409": "無",
        "200410": "無",
        "200411": "無",
        "200412": "無",
        "200501": "無",
        "200502": "無",
        "200503": "無",
        "200504": "無",
        "200505": "無",
        "200506": "無",
        "200507": "無",
        "200508": "無",
        "200509": "無",
        "200510": "無",
        "200511": "無",
        "200512": "無",
        "200601": "無",
        "200602": "無",
        "200603": "無",
        "200604": "無",
        "200605": "無",
        "200606": "無",
        "200607": "無",
        "200608": "無",
        "200609": "無",
        "200610": "無",
        "200611": "無",
        "200612": "無",
        "200701": "無",
        "200702": "無",
        "200703": "無",
        "200704": "無",
        "200705": "無",
        "200706": "無",
        "200707": "無",
        "200708": "無",
        "200709": "無",
        "200710": "無",
        "200711": "無",
        "200712": "無",
        "200801": "72.53",
        "200802": "65.10",
        "200803": "62.05",
        "200804": "74.35",
        "200805": "79.31",
        "200806": "75.66",
        "200807": "66.28",
        "200808": "60.95",
        "200809": "50.89",
        "200810": "44.29",
        "200811": "38.88",
        "200812": "32.90",
        "200901": "31.78",
        "200902": "37.30",
        "200903": "45.46",
        "200904": "57.99",
        "200905": "66.75",
        "200906": "66.77",
        "200907": "79.68",
        "200908": "91.65",
        "200909": "87.52",
        "200910": "79.57",
        "200911": "83.94",
        "200912": "90.14",
        "201001": "83.68",
        "201002": "79.30",
        "201003": "80.65",
        "201004": "81.48",
        "201005": "66.85",
        "201006": "62.26",
        "201007": "64.28",
        "201008": "61.07",
        "201009": "59.28",
        "201010": "59.97",
        "201011": "50.90",
        "201012": "52.36",
        "201101": "53.46",
        "201102": "55.91",
        "201103": "54.39",
        "201104": "56.67",
        "201105": "58.27",
        "201106": "63.46",
        "201107": "53.50",
        "201108": "41.34",
        "201109": "38.97",
        "201110": "40.75",
        "201111": "39.43",
        "201112": "34.50",
        "201201": "34.82",
        "201202": "46.35",
        "201203": "51.66",
        "201204": "42.37",
        "201205": "40.22",
        "201206": "40.97",
        "201207": "44.32",
        "201208": "49.77",
        "201209": "53.45",
        "201210": "57.24",
        "201211": "54.70",
        "201212": "59.15",
        "201301": "60.72",
        "201302": "68.19",
        "201303": "65.90",
        "201304": "60.50",
        "201305": "59.29",
        "201306": "64.46",
        "201307": "60.85",
        "201308": "53.99",
        "201309": "58.06",
        "201310": "54.17",
        "201311": "47.14",
        "201312": "47.29",
        "201401": "48.57",
        "201402": "49.40",
        "201403": "52.55",
        "201404": "53.07",
        "201405": "50.72",
        "201406": "53.31",
        "201407": "52.42",
        "201408": "53.29",
        "201409": "52.86",
        "201410": "53.34",
        "201411": "54.13",
        "201412": "57.11",
        "201501": "63.74",
        "201502": "67.52",
        "201503": "71.62",
        "201504": "76.97",
        "201505": "73.42",
        "201506": "70.27",
        "201507": "62.77",
        "201508": "54.04",
        "201509": "55.22",
        "201510": "58.86",
        "201511": "55.77",
        "201512": "51.89",
        "201601": "45.16",
        "201602": "45.83",
        "201603": "47.96",
        "201604": "46.33",
        "201605": "41.00",
        "201606": "40.42",
        "201607": "39.54",
        "201608": "36.60",
        "201609": "35.33",
        "201610": "31.64",
        "201611": "31.09",
        "201612": "32.10",
        "201701": "32.13",
        "201702": "31.62",
        "201703": "32.14",
        "201704": "30.37",
        "201705": "29.18",
        "201706": "29.41",
        "201707": "28.07",
        "201708": "26.52",
        "201709": "27.44",
        "201710": "26.83",
        "201711": "31.28",
        "201712": "32.83",
        "201801": "32.68",
        "201802": "28.94",
        "201803": "30.45",
        "201804": "28.14",
        "201805": "26.78",
        "201806": "28.16",
        "201807": "25.60",
        "201808": "23.16",
        "201809": "21.99",
        "201810": "17.62",
        "201811": "16.01",
        "201812": "16.30",
        "201901": "15.79",
        "201902": "16.18",
        "201903": "18.29",
        "201904": "19.54",
        "201905": "17.53",
        "201906": "19.34",
        "201907": "19.00",
        "201908": "17.59",
        "201909": "17.74",
        "201910": "17.53",
        "201911": "17.46",
        "201912": "17.09",
        "202001": "16.45",
        "202002": "13.99",
        "202003": "10.77",
        "202004": "10.82",
        "202005": "12.19",
        "202006": "12.56",
        "202007": "13.26",
        "202008": "12.27",
        "202009": "12.40",
        "202010": "12.25",
        "202011": "12.84",
        "202012": "14.85",
        "202101": "14.10",
        "202102": "13.45",
        "202103": "14.67",
        "202104": "16.65",
        "202105": "14.69",
        "202106": "14.82",
        "202107": "15.20",
        "202108": "14.32",
        "202109": "13.36",
        "202110": "13.03",
        "202111": "14.36",
        "202112": "16.74",
        "202201": "17.02",
        "202202": "16.41",
        "202203": "14.22",
        "202204": "13.06",
        "202205": "13.73",
        "202206": "14.01",
        "202207": "12.51",
        "202208": "13.69",
        "202209": "13.47",
        "202210": "12.02",
        "202211": "12.07",
        "202212": "12.12",
        "202301": "11.93",
        "202302": "12.18",
        "202303": "12.63",
        "202304": "13.96",
        "202305": "14.58",
        "202306": "15.31",
        "202307": "16.50",
        "202308": "15.21",
        "202309": "15.11"
    },
    "quarters": {
        "20011": {
            "year_quarter": 20011,
            "year": 2001,
            "quarter": 1,
            "eps": null,
            "eps_growth_year": null,
            "eps_4q": null,
            "eps_4q_growth_year": null,
            "roe": null,
            "roe_4q": 0,
            "gross_profit": null,
            "gross_margin": null,
            "gross_margin_4q_avg": 0,
            "net_income": null,
            "revenue": null,
            "common_shares": null,
            "book_valuer_per_share": null,
            "book_valuer_per_share_4q_avg": 0,
            "equity": null,
            "current_ratio": null,
            "debt_ratio": null,
            "inventory_turnover_ratio": null,
            "account_receivable_turnover_ratio": null,
            "reinvestment_rate": null,
            "research_to_sale_ratio": null,
            "price_fair": 0,
            "eps_avg_yearly": 0,
            "eps_latest_yearly": 0,
            "eps_growth_yearly": 0
        },
        "20012": {
            "year_quarter": 20012,
            "year": 2001,
            "quarter": 2,
            "eps": null,
            "eps_growth_year": null,
            "eps_4q": null,
            "eps_4q_growth_year": null,
            "roe": null,
            "roe_4q": 0,
            "gross_profit": null,
            "gross_margin": null,
            "gross_margin_4q_avg": 0,
            "net_income": null,
            "revenue": null,
            "common_shares": null,
            "book_valuer_per_share": null,
            "book_valuer_per_share_4q_avg": 0,
            "equity": null,
            "current_ratio": null,
            "debt_ratio": null,
            "inventory_turnover_ratio": null,
            "account_receivable_turnover_ratio": null,
            "reinvestment_rate": null,
            "research_to_sale_ratio": null,
            "price_fair": 0,
            "eps_avg_yearly": 0,
            "eps_latest_yearly": 0,
            "eps_growth_yearly": 0
        },
        "20013": {
            "year_quarter": 20013,
            "year": 2001,
            "quarter": 3,
            "eps": null,
            "eps_growth_year": null,
            "eps_4q": null,
            "eps_4q_growth_year": null,
            "roe": null,
            "roe_4q": 0,
            "gross_profit": null,
            "gross_margin": null,
            "gross_margin_4q_avg": 0,
            "net_income": null,
            "revenue": null,
            "common_shares": null,
            "book_valuer_per_share": null,
            "book_valuer_per_share_4q_avg": 0,
            "equity": null,
            "current_ratio": null,
            "debt_ratio": null,
            "inventory_turnover_ratio": null,
            "account_receivable_turnover_ratio": null,
            "reinvestment_rate": null,
            "research_to_sale_ratio": null,
            "price_fair": 0,
            "eps_avg_yearly": 0,
            "eps_latest_yearly": 0,
            "eps_growth_yearly": 0
        },
        "20014": {
            "year_quarter": 20014,
            "year": 2001,
            "quarter": 4,
            "eps": null,
            "eps_growth_year": null,
            "eps_4q": null,
            "eps_4q_growth_year": null,
            "roe": null,
            "roe_4q": 0,
            "gross_profit": null,
            "gross_margin": null,
            "gross_margin_4q_avg": 0,
            "net_income": null,
            "revenue": null,
            "common_shares": null,
            "book_valuer_per_share": null,
            "book_valuer_per_share_4q_avg": 0,
            "equity": null,
            "current_ratio": null,
            "debt_ratio": null,
            "inventory_turnover_ratio": null,
            "account_receivable_turnover_ratio": null,
            "reinvestment_rate": null,
            "research_to_sale_ratio": null,
            "price_fair": 0,
            "eps_avg_yearly": 0,
            "eps_latest_yearly": 0,
            "eps_growth_yearly": 0
        },
        "20021": {
            "year_quarter": 20021,
            "year": 2002,
            "quarter": 1,
            "eps": null,
            "eps_growth_year": null,
            "eps_4q": null,
            "eps_4q_growth_year": null,
            "roe": null,
            "roe_4q": 0,
            "gross_profit": null,
            "gross_margin": null,
            "gross_margin_4q_avg": 0,
            "net_income": null,
            "revenue": null,
            "common_shares": null,
            "book_valuer_per_share": null,
            "book_valuer_per_share_4q_avg": 0,
            "equity": null,
            "current_ratio": null,
            "debt_ratio": null,
            "inventory_turnover_ratio": null,
            "account_receivable_turnover_ratio": null,
            "reinvestment_rate": null,
            "research_to_sale_ratio": null,
            "price_fair": 0,
            "eps_avg_yearly": 0,
            "eps_latest_yearly": 0,
            "eps_growth_yearly": 0
        },
        "20022": {
            "year_quarter": 20022,
            "year": 2002,
            "quarter": 2,
            "eps": null,
            "eps_growth_year": null,
            "eps_4q": null,
            "eps_4q_growth_year": null,
            "roe": null,
            "roe_4q": 0,
            "gross_profit": null,
            "gross_margin": null,
            "gross_margin_4q_avg": 0,
            "net_income": null,
            "revenue": null,
            "common_shares": null,
            "book_valuer_per_share": null,
            "book_valuer_per_share_4q_avg": 0,
            "equity": null,
            "current_ratio": null,
            "debt_ratio": null,
            "inventory_turnover_ratio": null,
            "account_receivable_turnover_ratio": null,
            "reinvestment_rate": null,
            "research_to_sale_ratio": null,
            "price_fair": 0,
            "eps_avg_yearly": 0,
            "eps_latest_yearly": 0,
            "eps_growth_yearly": 0
        },
        "20023": {
            "year_quarter": 20023,
            "year": 2002,
            "quarter": 3,
            "eps": null,
            "eps_growth_year": null,
            "eps_4q": null,
            "eps_4q_growth_year": null,
            "roe": null,
            "roe_4q": 0,
            "gross_profit": null,
            "gross_margin": null,
            "gross_margin_4q_avg": 0,
            "net_income": null,
            "revenue": null,
            "common_shares": null,
            "book_valuer_per_share": null,
            "book_valuer_per_share_4q_avg": 0,
            "equity": null,
            "current_ratio": null,
            "debt_ratio": null,
            "inventory_turnover_ratio": null,
            "account_receivable_turnover_ratio": null,
            "reinvestment_rate": null,
            "research_to_sale_ratio": null,
            "price_fair": 0,
            "eps_avg_yearly": 0,
            "eps_latest_yearly": 0,
            "eps_growth_yearly": 0
        },
        "20024": {
            "year_quarter": 20024,
            "year": 2002,
            "quarter": 4,
            "eps": null,
            "eps_growth_year": null,
            "eps_4q": null,
            "eps_4q_growth_year": null,
            "roe": null,
            "roe_4q": 0,
            "gross_profit": null,
            "gross_margin": null,
            "gross_margin_4q_avg": 0,
            "net_income": null,
            "revenue": null,
            "common_shares": 120000,
            "book_valuer_per_share": 15.6,
            "book_valuer_per_share_4q_avg": 3.9,
            "equity": 187231,
            "current_ratio": 72.63,
            "debt_ratio": 78.15,
            "inventory_turnover_ratio": null,
            "account_receivable_turnover_ratio": null,
            "reinvestment_rate": null,
            "research_to_sale_ratio": null,
            "price_fair": 0,
            "eps_avg_yearly": 0,
            "eps_latest_yearly": 0,
            "eps_growth_yearly": 0
        },
        "20031": {
            "year_quarter": 20031,
            "year": 2003,
            "quarter": 1,
            "eps": null,
            "eps_growth_year": null,
            "eps_4q": null,
            "eps_4q_growth_year": null,
            "roe": null,
            "roe_4q": 0,
            "gross_profit": null,
            "gross_margin": null,
            "gross_margin_4q_avg": 0,
            "net_income": null,
            "revenue": null,
            "common_shares": null,
            "book_valuer_per_share": null,
            "book_valuer_per_share_4q_avg": 3.9,
            "equity": null,
            "current_ratio": null,
            "debt_ratio": null,
            "inventory_turnover_ratio": null,
            "account_receivable_turnover_ratio": null,
            "reinvestment_rate": null,
            "research_to_sale_ratio": null,
            "price_fair": 0,
            "eps_avg_yearly": 0,
            "eps_latest_yearly": 0,
            "eps_growth_yearly": 0
        },
        "20032": {
            "year_quarter": 20032,
            "year": 2003,
            "quarter": 2,
            "eps": null,
            "eps_growth_year": null,
            "eps_4q": null,
            "eps_4q_growth_year": null,
            "roe": null,
            "roe_4q": 0,
            "gross_profit": null,
            "gross_margin": null,
            "gross_margin_4q_avg": 0,
            "net_income": null,
            "revenue": null,
            "common_shares": null,
            "book_valuer_per_share": null,
            "book_valuer_per_share_4q_avg": 3.9,
            "equity": null,
            "current_ratio": null,
            "debt_ratio": null,
            "inventory_turnover_ratio": null,
            "account_receivable_turnover_ratio": null,
            "reinvestment_rate": null,
            "research_to_sale_ratio": null,
            "price_fair": 0,
            "eps_avg_yearly": 0,
            "eps_latest_yearly": 0,
            "eps_growth_yearly": 0
        },
        "20033": {
            "year_quarter": 20033,
            "year": 2003,
            "quarter": 3,
            "eps": null,
            "eps_growth_year": null,
            "eps_4q": null,
            "eps_4q_growth_year": null,
            "roe": null,
            "roe_4q": 0,
            "gross_profit": null,
            "gross_margin": null,
            "gross_margin_4q_avg": 0,
            "net_income": null,
            "revenue": null,
            "common_shares": null,
            "book_valuer_per_share": null,
            "book_valuer_per_share_4q_avg": 3.9,
            "equity": null,
            "current_ratio": null,
            "debt_ratio": null,
            "inventory_turnover_ratio": null,
            "account_receivable_turnover_ratio": null,
            "reinvestment_rate": null,
            "research_to_sale_ratio": null,
            "price_fair": 0,
            "eps_avg_yearly": 0,
            "eps_latest_yearly": 0,
            "eps_growth_yearly": 0
        },
        "20034": {
            "year_quarter": 20034,
            "year": 2003,
            "quarter": 4,
            "eps": null,
            "eps_growth_year": null,
            "eps_4q": null,
            "eps_4q_growth_year": null,
            "roe": null,
            "roe_4q": 0,
            "gross_profit": null,
            "gross_margin": null,
            "gross_margin_4q_avg": 0,
            "net_income": null,
            "revenue": null,
            "common_shares": 155000,
            "book_valuer_per_share": 20.84,
            "book_valuer_per_share_4q_avg": 5.21,
            "equity": 322949,
            "current_ratio": 82.83,
            "debt_ratio": 78.26,
            "inventory_turnover_ratio": null,
            "account_receivable_turnover_ratio": null,
            "reinvestment_rate": null,
            "research_to_sale_ratio": null,
            "price_fair": 0,
            "eps_avg_yearly": 0,
            "eps_latest_yearly": 0,
            "eps_growth_yearly": 0
        },
        "20041": {
            "year_quarter": 20041,
            "year": 2004,
            "quarter": 1,
            "eps": null,
            "eps_growth_year": null,
            "eps_4q": null,
            "eps_4q_growth_year": null,
            "roe": null,
            "roe_4q": 0,
            "gross_profit": null,
            "gross_margin": null,
            "gross_margin_4q_avg": 0,
            "net_income": null,
            "revenue": null,
            "common_shares": null,
            "book_valuer_per_share": null,
            "book_valuer_per_share_4q_avg": 5.21,
            "equity": null,
            "current_ratio": null,
            "debt_ratio": null,
            "inventory_turnover_ratio": null,
            "account_receivable_turnover_ratio": null,
            "reinvestment_rate": null,
            "research_to_sale_ratio": null,
            "price_fair": 0,
            "eps_avg_yearly": 0,
            "eps_latest_yearly": 0,
            "eps_growth_yearly": 0
        },
        "20042": {
            "year_quarter": 20042,
            "year": 2004,
            "quarter": 2,
            "eps": null,
            "eps_growth_year": null,
            "eps_4q": null,
            "eps_4q_growth_year": null,
            "roe": null,
            "roe_4q": 0,
            "gross_profit": null,
            "gross_margin": null,
            "gross_margin_4q_avg": 0,
            "net_income": null,
            "revenue": null,
            "common_shares": null,
            "book_valuer_per_share": null,
            "book_valuer_per_share_4q_avg": 5.21,
            "equity": null,
            "current_ratio": null,
            "debt_ratio": null,
            "inventory_turnover_ratio": null,
            "account_receivable_turnover_ratio": null,
            "reinvestment_rate": null,
            "research_to_sale_ratio": null,
            "price_fair": 0,
            "eps_avg_yearly": 0,
            "eps_latest_yearly": 0,
            "eps_growth_yearly": 0
        },
        "20043": {
            "year_quarter": 20043,
            "year": 2004,
            "quarter": 3,
            "eps": null,
            "eps_growth_year": null,
            "eps_4q": null,
            "eps_4q_growth_year": null,
            "roe": null,
            "roe_4q": 0,
            "gross_profit": null,
            "gross_margin": null,
            "gross_margin_4q_avg": 0,
            "net_income": null,
            "revenue": null,
            "common_shares": null,
            "book_valuer_per_share": null,
            "book_valuer_per_share_4q_avg": 5.21,
            "equity": null,
            "current_ratio": null,
            "debt_ratio": null,
            "inventory_turnover_ratio": null,
            "account_receivable_turnover_ratio": null,
            "reinvestment_rate": null,
            "research_to_sale_ratio": null,
            "price_fair": 0,
            "eps_avg_yearly": 0,
            "eps_latest_yearly": 0,
            "eps_growth_yearly": 0
        },
        "20044": {
            "year_quarter": 20044,
            "year": 2004,
            "quarter": 4,
            "eps": null,
            "eps_growth_year": null,
            "eps_4q": null,
            "eps_4q_growth_year": null,
            "roe": null,
            "roe_4q": 0,
            "gross_profit": null,
            "gross_margin": null,
            "gross_margin_4q_avg": 0,
            "net_income": null,
            "revenue": null,
            "common_shares": 520000,
            "book_valuer_per_share": 29.28,
            "book_valuer_per_share_4q_avg": 7.32,
            "equity": 1522465,
            "current_ratio": 126.42,
            "debt_ratio": 51.55,
            "inventory_turnover_ratio": null,
            "account_receivable_turnover_ratio": null,
            "reinvestment_rate": null,
            "research_to_sale_ratio": null,
            "price_fair": 0,
            "eps_avg_yearly": 0,
            "eps_latest_yearly": 0,
            "eps_growth_yearly": 0
        },
        "20051": {
            "year_quarter": 20051,
            "year": 2005,
            "quarter": 1,
            "eps": null,
            "eps_growth_year": null,
            "eps_4q": null,
            "eps_4q_growth_year": null,
            "roe": null,
            "roe_4q": 0,
            "gross_profit": null,
            "gross_margin": null,
            "gross_margin_4q_avg": 0,
            "net_income": null,
            "revenue": null,
            "common_shares": null,
            "book_valuer_per_share": null,
            "book_valuer_per_share_4q_avg": 7.32,
            "equity": null,
            "current_ratio": null,
            "debt_ratio": null,
            "inventory_turnover_ratio": null,
            "account_receivable_turnover_ratio": null,
            "reinvestment_rate": null,
            "research_to_sale_ratio": null,
            "price_fair": 0,
            "eps_avg_yearly": 0,
            "eps_latest_yearly": 0,
            "eps_growth_yearly": 0
        },
        "20052": {
            "year_quarter": 20052,
            "year": 2005,
            "quarter": 2,
            "eps": null,
            "eps_growth_year": null,
            "eps_4q": null,
            "eps_4q_growth_year": null,
            "roe": null,
            "roe_4q": 0,
            "gross_profit": null,
            "gross_margin": null,
            "gross_margin_4q_avg": 0,
            "net_income": null,
            "revenue": null,
            "common_shares": null,
            "book_valuer_per_share": null,
            "book_valuer_per_share_4q_avg": 7.32,
            "equity": null,
            "current_ratio": null,
            "debt_ratio": null,
            "inventory_turnover_ratio": null,
            "account_receivable_turnover_ratio": null,
            "reinvestment_rate": null,
            "research_to_sale_ratio": null,
            "price_fair": 0,
            "eps_avg_yearly": 0,
            "eps_latest_yearly": 0,
            "eps_growth_yearly": 0
        },
        "20053": {
            "year_quarter": 20053,
            "year": 2005,
            "quarter": 3,
            "eps": null,
            "eps_growth_year": null,
            "eps_4q": null,
            "eps_4q_growth_year": null,
            "roe": null,
            "roe_4q": 0,
            "gross_profit": null,
            "gross_margin": null,
            "gross_margin_4q_avg": 0,
            "net_income": null,
            "revenue": null,
            "common_shares": null,
            "book_valuer_per_share": null,
            "book_valuer_per_share_4q_avg": 7.32,
            "equity": null,
            "current_ratio": null,
            "debt_ratio": null,
            "inventory_turnover_ratio": null,
            "account_receivable_turnover_ratio": null,
            "reinvestment_rate": null,
            "research_to_sale_ratio": null,
            "price_fair": 0,
            "eps_avg_yearly": 0,
            "eps_latest_yearly": 0,
            "eps_growth_yearly": 0
        },
        "20054": {
            "year_quarter": 20054,
            "year": 2005,
            "quarter": 4,
            "eps": null,
            "eps_growth_year": null,
            "eps_4q": null,
            "eps_4q_growth_year": null,
            "roe": null,
            "roe_4q": 0,
            "gross_profit": null,
            "gross_margin": null,
            "gross_margin_4q_avg": 0,
            "net_income": null,
            "revenue": null,
            "common_shares": 710000,
            "book_valuer_per_share": 35.52,
            "book_valuer_per_share_4q_avg": 8.88,
            "equity": 3280710,
            "current_ratio": 126.94,
            "debt_ratio": 45.94,
            "inventory_turnover_ratio": null,
            "account_receivable_turnover_ratio": null,
            "reinvestment_rate": null,
            "research_to_sale_ratio": null,
            "price_fair": 0,
            "eps_avg_yearly": 0,
            "eps_latest_yearly": 0,
            "eps_growth_yearly": 0
        },
        "20061": {
            "year_quarter": 20061,
            "year": 2006,
            "quarter": 1,
            "eps": null,
            "eps_growth_year": null,
            "eps_4q": null,
            "eps_4q_growth_year": null,
            "roe": null,
            "roe_4q": 0,
            "gross_profit": null,
            "gross_margin": null,
            "gross_margin_4q_avg": 0,
            "net_income": null,
            "revenue": null,
            "common_shares": null,
            "book_valuer_per_share": null,
            "book_valuer_per_share_4q_avg": 8.88,
            "equity": null,
            "current_ratio": null,
            "debt_ratio": null,
            "inventory_turnover_ratio": null,
            "account_receivable_turnover_ratio": null,
            "reinvestment_rate": null,
            "research_to_sale_ratio": null,
            "price_fair": 0,
            "eps_avg_yearly": 0,
            "eps_latest_yearly": 0,
            "eps_growth_yearly": 0
        },
        "20062": {
            "year_quarter": 20062,
            "year": 2006,
            "quarter": 2,
            "eps": null,
            "eps_growth_year": null,
            "eps_4q": null,
            "eps_4q_growth_year": null,
            "roe": null,
            "roe_4q": 0,
            "gross_profit": null,
            "gross_margin": null,
            "gross_margin_4q_avg": 0,
            "net_income": null,
            "revenue": null,
            "common_shares": null,
            "book_valuer_per_share": null,
            "book_valuer_per_share_4q_avg": 8.88,
            "equity": null,
            "current_ratio": null,
            "debt_ratio": null,
            "inventory_turnover_ratio": null,
            "account_receivable_turnover_ratio": null,
            "reinvestment_rate": null,
            "research_to_sale_ratio": null,
            "price_fair": 0,
            "eps_avg_yearly": 0,
            "eps_latest_yearly": 0,
            "eps_growth_yearly": 0
        },
        "20063": {
            "year_quarter": 20063,
            "year": 2006,
            "quarter": 3,
            "eps": null,
            "eps_growth_year": null,
            "eps_4q": null,
            "eps_4q_growth_year": null,
            "roe": null,
            "roe_4q": 0,
            "gross_profit": null,
            "gross_margin": null,
            "gross_margin_4q_avg": 0,
            "net_income": null,
            "revenue": null,
            "common_shares": null,
            "book_valuer_per_share": null,
            "book_valuer_per_share_4q_avg": 8.88,
            "equity": null,
            "current_ratio": null,
            "debt_ratio": null,
            "inventory_turnover_ratio": null,
            "account_receivable_turnover_ratio": null,
            "reinvestment_rate": null,
            "research_to_sale_ratio": null,
            "price_fair": 0,
            "eps_avg_yearly": 0,
            "eps_latest_yearly": 0,
            "eps_growth_yearly": 0
        },
        "20064": {
            "year_quarter": 20064,
            "year": 2006,
            "quarter": 4,
            "eps": null,
            "eps_growth_year": null,
            "eps_4q": null,
            "eps_4q_growth_year": null,
            "roe": null,
            "roe_4q": 0,
            "gross_profit": null,
            "gross_margin": null,
            "gross_margin_4q_avg": 0,
            "net_income": null,
            "revenue": null,
            "common_shares": 915000,
            "book_valuer_per_share": 39.04,
            "book_valuer_per_share_4q_avg": 9.76,
            "equity": 3884528,
            "current_ratio": 186.33,
            "debt_ratio": 38.41,
            "inventory_turnover_ratio": null,
            "account_receivable_turnover_ratio": null,
            "reinvestment_rate": null,
            "research_to_sale_ratio": null,
            "price_fair": 0,
            "eps_avg_yearly": 0,
            "eps_latest_yearly": 0,
            "eps_growth_yearly": 0
        },
        "20071": {
            "year_quarter": 20071,
            "year": 2007,
            "quarter": 1,
            "eps": null,
            "eps_growth_year": null,
            "eps_4q": null,
            "eps_4q_growth_year": null,
            "roe": null,
            "roe_4q": 0,
            "gross_profit": null,
            "gross_margin": null,
            "gross_margin_4q_avg": 0,
            "net_income": null,
            "revenue": null,
            "common_shares": null,
            "book_valuer_per_share": null,
            "book_valuer_per_share_4q_avg": 9.76,
            "equity": null,
            "current_ratio": null,
            "debt_ratio": null,
            "inventory_turnover_ratio": null,
            "account_receivable_turnover_ratio": null,
            "reinvestment_rate": null,
            "research_to_sale_ratio": null,
            "price_fair": 0,
            "eps_avg_yearly": 0,
            "eps_latest_yearly": 0,
            "eps_growth_yearly": 0
        },
        "20072": {
            "year_quarter": 20072,
            "year": 2007,
            "quarter": 2,
            "eps": null,
            "eps_growth_year": null,
            "eps_4q": null,
            "eps_4q_growth_year": null,
            "roe": null,
            "roe_4q": 0,
            "gross_profit": null,
            "gross_margin": null,
            "gross_margin_4q_avg": 0,
            "net_income": null,
            "revenue": null,
            "common_shares": null,
            "book_valuer_per_share": null,
            "book_valuer_per_share_4q_avg": 9.76,
            "equity": null,
            "current_ratio": null,
            "debt_ratio": null,
            "inventory_turnover_ratio": null,
            "account_receivable_turnover_ratio": null,
            "reinvestment_rate": null,
            "research_to_sale_ratio": null,
            "price_fair": 0,
            "eps_avg_yearly": 0,
            "eps_latest_yearly": 0,
            "eps_growth_yearly": 0
        },
        "20073": {
            "year_quarter": 20073,
            "year": 2007,
            "quarter": 3,
            "eps": null,
            "eps_growth_year": null,
            "eps_4q": null,
            "eps_4q_growth_year": null,
            "roe": null,
            "roe_4q": 0,
            "gross_profit": null,
            "gross_margin": null,
            "gross_margin_4q_avg": 0,
            "net_income": null,
            "revenue": null,
            "common_shares": null,
            "book_valuer_per_share": null,
            "book_valuer_per_share_4q_avg": 9.76,
            "equity": null,
            "current_ratio": null,
            "debt_ratio": null,
            "inventory_turnover_ratio": null,
            "account_receivable_turnover_ratio": null,
            "reinvestment_rate": null,
            "research_to_sale_ratio": null,
            "price_fair": 0,
            "eps_avg_yearly": 0,
            "eps_latest_yearly": 0,
            "eps_growth_yearly": 0
        },
        "20074": {
            "year_quarter": 20074,
            "year": 2007,
            "quarter": 4,
            "eps": null,
            "eps_growth_year": null,
            "eps_4q": null,
            "eps_4q_growth_year": null,
            "roe": null,
            "roe_4q": 0,
            "gross_profit": null,
            "gross_margin": null,
            "gross_margin_4q_avg": 0,
            "net_income": null,
            "revenue": null,
            "common_shares": 1000000,
            "book_valuer_per_share": 45.76,
            "book_valuer_per_share_4q_avg": 11.44,
            "equity": 4575599,
            "current_ratio": 207.2,
            "debt_ratio": 37.99,
            "inventory_turnover_ratio": null,
            "account_receivable_turnover_ratio": null,
            "reinvestment_rate": null,
            "research_to_sale_ratio": null,
            "price_fair": 0,
            "eps_avg_yearly": 0,
            "eps_latest_yearly": 0,
            "eps_growth_yearly": 0
        },
        "20081": {
            "year_quarter": 20081,
            "year": 2008,
            "quarter": 1,
            "eps": null,
            "eps_growth_year": null,
            "eps_4q": null,
            "eps_4q_growth_year": null,
            "roe": null,
            "roe_4q": 0,
            "gross_profit": null,
            "gross_margin": null,
            "gross_margin_4q_avg": 0,
            "net_income": null,
            "revenue": null,
            "common_shares": null,
            "book_valuer_per_share": null,
            "book_valuer_per_share_4q_avg": 11.44,
            "equity": null,
            "current_ratio": null,
            "debt_ratio": null,
            "inventory_turnover_ratio": null,
            "account_receivable_turnover_ratio": null,
            "reinvestment_rate": null,
            "research_to_sale_ratio": null,
            "price_fair": 0,
            "eps_avg_yearly": 0,
            "eps_latest_yearly": 0,
            "eps_growth_yearly": 0
        },
        "20082": {
            "year_quarter": 20082,
            "year": 2008,
            "quarter": 2,
            "eps": null,
            "eps_growth_year": null,
            "eps_4q": null,
            "eps_4q_growth_year": null,
            "roe": null,
            "roe_4q": 0,
            "gross_profit": null,
            "gross_margin": null,
            "gross_margin_4q_avg": 0,
            "net_income": null,
            "revenue": null,
            "common_shares": null,
            "book_valuer_per_share": null,
            "book_valuer_per_share_4q_avg": 11.44,
            "equity": null,
            "current_ratio": null,
            "debt_ratio": null,
            "inventory_turnover_ratio": null,
            "account_receivable_turnover_ratio": null,
            "reinvestment_rate": null,
            "research_to_sale_ratio": null,
            "price_fair": 0,
            "eps_avg_yearly": 0,
            "eps_latest_yearly": 0,
            "eps_growth_yearly": 0
        },
        "20083": {
            "year_quarter": 20083,
            "year": 2008,
            "quarter": 3,
            "eps": 3.29,
            "eps_growth_year": null,
            "eps_4q": null,
            "eps_4q_growth_year": null,
            "roe": 6.96,
            "roe_4q": 6.96,
            "gross_profit": 343820,
            "gross_margin": 22.99,
            "gross_margin_4q_avg": 5.75,
            "net_income": 335074,
            "revenue": 1495488,
            "common_shares": 1020000,
            "book_valuer_per_share": 47.19,
            "book_valuer_per_share_4q_avg": 23.24,
            "equity": 4813081,
            "current_ratio": 204.12,
            "debt_ratio": 28.36,
            "inventory_turnover_ratio": 1.95,
            "account_receivable_turnover_ratio": null,
            "reinvestment_rate": null,
            "research_to_sale_ratio": null,
            "price_fair": 0,
            "eps_avg_yearly": 0,
            "eps_latest_yearly": 0,
            "eps_growth_yearly": 0
        },
        "20084": {
            "year_quarter": 20084,
            "year": 2008,
            "quarter": 4,
            "eps": 1.52,
            "eps_growth_year": null,
            "eps_4q": null,
            "eps_4q_growth_year": null,
            "roe": 2.77,
            "roe_4q": 9.73,
            "gross_profit": 393811,
            "gross_margin": 25.26,
            "gross_margin_4q_avg": 12.06,
            "net_income": 154533,
            "revenue": 1559271,
            "common_shares": 1020000,
            "book_valuer_per_share": 49.24,
            "book_valuer_per_share_4q_avg": 24.11,
            "equity": 6336477,
            "current_ratio": 171.2,
            "debt_ratio": 41.18,
            "inventory_turnover_ratio": 1.64,
            "account_receivable_turnover_ratio": 2.15,
            "reinvestment_rate": null,
            "research_to_sale_ratio": null,
            "price_fair": 18.24,
            "eps_avg_yearly": 6.08,
            "eps_latest_yearly": 6.08,
            "eps_growth_yearly": -215.2
        },
        "20091": {
            "year_quarter": 20091,
            "year": 2009,
            "quarter": 1,
            "eps": 1.88,
            "eps_growth_year": null,
            "eps_4q": null,
            "eps_4q_growth_year": null,
            "roe": 3.33,
            "roe_4q": 13.059999999999999,
            "gross_profit": 230599,
            "gross_margin": 12.67,
            "gross_margin_4q_avg": 15.23,
            "net_income": 217396,
            "revenue": 1819612,
            "common_shares": 1020000,
            "book_valuer_per_share": 52.12,
            "book_valuer_per_share_4q_avg": 37.14,
            "equity": 6702611,
            "current_ratio": 193.13,
            "debt_ratio": 35.88,
            "inventory_turnover_ratio": 2.19,
            "account_receivable_turnover_ratio": 0.76,
            "reinvestment_rate": null,
            "research_to_sale_ratio": null,
            "price_fair": 20.4,
            "eps_avg_yearly": 6.8,
            "eps_latest_yearly": 7.52,
            "eps_growth_yearly": -60.23
        },
        "20092": {
            "year_quarter": 20092,
            "year": 2009,
            "quarter": 2,
            "eps": 0.97,
            "eps_growth_year": null,
            "eps_4q": 7.16,
            "eps_4q_growth_year": null,
            "roe": 1.66,
            "roe_4q": 14.719999999999999,
            "gross_profit": 293048,
            "gross_margin": 15,
            "gross_margin_4q_avg": 18.98,
            "net_income": 105664,
            "revenue": 1953561,
            "common_shares": 1020000,
            "book_valuer_per_share": 49.19,
            "book_valuer_per_share_4q_avg": 49.44,
            "equity": 6015799,
            "current_ratio": 142.15,
            "debt_ratio": 40.75,
            "inventory_turnover_ratio": 2.84,
            "account_receivable_turnover_ratio": 0.94,
            "reinvestment_rate": null,
            "research_to_sale_ratio": null,
            "price_fair": 17.48,
            "eps_avg_yearly": 5.83,
            "eps_latest_yearly": 3.88,
            "eps_growth_yearly": -104.69
        },
        "20093": {
            "year_quarter": 20093,
            "year": 2009,
            "quarter": 3,
            "eps": 1.3,
            "eps_growth_year": -60.49,
            "eps_4q": 4.58,
            "eps_4q_growth_year": null,
            "roe": 2.77,
            "roe_4q": 10.53,
            "gross_profit": 325139,
            "gross_margin": 14.18,
            "gross_margin_4q_avg": 16.78,
            "net_income": 164054,
            "revenue": 2293317,
            "common_shares": 1027550,
            "book_valuer_per_share": 49.78,
            "book_valuer_per_share_4q_avg": 50.08,
            "equity": 5839322,
            "current_ratio": 127.14,
            "debt_ratio": 42.67,
            "inventory_turnover_ratio": 3.38,
            "account_receivable_turnover_ratio": 1.01,
            "reinvestment_rate": null,
            "research_to_sale_ratio": null,
            "price_fair": 17.01,
            "eps_avg_yearly": 5.67,
            "eps_latest_yearly": 5.2,
            "eps_growth_yearly": -44.5
        },
        "20094": {
            "year_quarter": 20094,
            "year": 2009,
            "quarter": 4,
            "eps": 2.15,
            "eps_growth_year": 41.45,
            "eps_4q": 5.65,
            "eps_4q_growth_year": null,
            "roe": 4.5,
            "roe_4q": 12.26,
            "gross_profit": 340862,
            "gross_margin": 16.79,
            "gross_margin_4q_avg": 14.66,
            "net_income": 275301,
            "revenue": 2029738,
            "common_shares": 1146050,
            "book_valuer_per_share": 52.47,
            "book_valuer_per_share_4q_avg": 50.89,
            "equity": 6396632,
            "current_ratio": 163.26,
            "debt_ratio": 36.67,
            "inventory_turnover_ratio": 2.92,
            "account_receivable_turnover_ratio": 1.87,
            "reinvestment_rate": null,
            "research_to_sale_ratio": null,
            "price_fair": 167.09,
            "eps_avg_yearly": 6.26,
            "eps_latest_yearly": 8.6,
            "eps_growth_yearly": 16.71
        },
        "20101": {
            "year_quarter": 20101,
            "year": 2010,
            "quarter": 1,
            "eps": 0.44,
            "eps_growth_year": -76.6,
            "eps_4q": 4.41,
            "eps_4q_growth_year": null,
            "roe": 0.65,
            "roe_4q": 9.58,
            "gross_profit": 200042,
            "gross_margin": 10.99,
            "gross_margin_4q_avg": 14.24,
            "net_income": 41418,
            "revenue": 1819916,
            "common_shares": 1146450,
            "book_valuer_per_share": 52.73,
            "book_valuer_per_share_4q_avg": 51.04,
            "equity": 6418188,
            "current_ratio": 154.83,
            "debt_ratio": 37.16,
            "inventory_turnover_ratio": 2.79,
            "account_receivable_turnover_ratio": 0.86,
            "reinvestment_rate": null,
            "research_to_sale_ratio": 0.52,
            "price_fair": 16.52,
            "eps_avg_yearly": 5.51,
            "eps_latest_yearly": 1.76,
            "eps_growth_yearly": -39.1
        },
        "20102": {
            "year_quarter": 20102,
            "year": 2010,
            "quarter": 2,
            "eps": 0.62,
            "eps_growth_year": -36.34,
            "eps_4q": 4.17,
            "eps_4q_growth_year": -41.82,
            "roe": 1.02,
            "roe_4q": 8.94,
            "gross_profit": 155206,
            "gross_margin": 8.77,
            "gross_margin_4q_avg": 12.68,
            "net_income": 63638,
            "revenue": 1769077,
            "common_shares": 1146450,
            "book_valuer_per_share": 50.1,
            "book_valuer_per_share_4q_avg": 51.27,
            "equity": 6115269,
            "current_ratio": 147.55,
            "debt_ratio": 42,
            "inventory_turnover_ratio": 2.26,
            "account_receivable_turnover_ratio": 0.86,
            "reinvestment_rate": null,
            "research_to_sale_ratio": 0.54,
            "price_fair": 15.22,
            "eps_avg_yearly": 5.07,
            "eps_latest_yearly": 2.48,
            "eps_growth_yearly": -10.14
        },
        "20103": {
            "year_quarter": 20103,
            "year": 2010,
            "quarter": 3,
            "eps": 0.72,
            "eps_growth_year": -44.84,
            "eps_4q": 3.71,
            "eps_4q_growth_year": -19,
            "roe": 1.2,
            "roe_4q": 7.369999999999999,
            "gross_profit": 317655,
            "gross_margin": 14.9,
            "gross_margin_4q_avg": 12.86,
            "net_income": 73719,
            "revenue": 2132359,
            "common_shares": 1151880,
            "book_valuer_per_share": 50.14,
            "book_valuer_per_share_4q_avg": 51.36,
            "equity": 6176393,
            "current_ratio": 157.12,
            "debt_ratio": 41.11,
            "inventory_turnover_ratio": 2.25,
            "account_receivable_turnover_ratio": 0.99,
            "reinvestment_rate": null,
            "research_to_sale_ratio": 0.53,
            "price_fair": 14.4,
            "eps_avg_yearly": 4.8,
            "eps_latest_yearly": 2.88,
            "eps_growth_yearly": -0.81
        },
        "20104": {
            "year_quarter": 20104,
            "year": 2010,
            "quarter": 4,
            "eps": 1.15,
            "eps_growth_year": -46.64,
            "eps_4q": 2.91,
            "eps_4q_growth_year": -48.49,
            "roe": 2.08,
            "roe_4q": 4.950000000000001,
            "gross_profit": 410049,
            "gross_margin": 18.83,
            "gross_margin_4q_avg": 13.37,
            "net_income": 126116,
            "revenue": 2177203,
            "common_shares": 1153760,
            "book_valuer_per_share": 48.46,
            "book_valuer_per_share_4q_avg": 50.36,
            "equity": 5960380,
            "current_ratio": 156.04,
            "debt_ratio": 40.12,
            "inventory_turnover_ratio": 2.32,
            "account_receivable_turnover_ratio": 1.02,
            "reinvestment_rate": null,
            "research_to_sale_ratio": 0.63,
            "price_fair": 167.22,
            "eps_avg_yearly": 4.78,
            "eps_latest_yearly": 4.6,
            "eps_growth_yearly": 25.83
        },
        "20111": {
            "year_quarter": 20111,
            "year": 2011,
            "quarter": 1,
            "eps": 1.06,
            "eps_growth_year": 140.91,
            "eps_4q": 3.54,
            "eps_4q_growth_year": -19.82,
            "roe": 1.88,
            "roe_4q": 6.18,
            "gross_profit": 284097,
            "gross_margin": 15.44,
            "gross_margin_4q_avg": 14.49,
            "net_income": 113716,
            "revenue": 1839804,
            "common_shares": 1154060,
            "book_valuer_per_share": 50.07,
            "book_valuer_per_share_4q_avg": 49.69,
            "equity": 6143676,
            "current_ratio": 161.3,
            "debt_ratio": 38.54,
            "inventory_turnover_ratio": 2.15,
            "account_receivable_turnover_ratio": 0.9,
            "reinvestment_rate": null,
            "research_to_sale_ratio": 0.66,
            "price_fair": 142.26,
            "eps_avg_yearly": 4.72,
            "eps_latest_yearly": 4.24,
            "eps_growth_yearly": 20.11
        },
        "20112": {
            "year_quarter": 20112,
            "year": 2011,
            "quarter": 2,
            "eps": 0.02,
            "eps_growth_year": -96.22,
            "eps_4q": 2.95,
            "eps_4q_growth_year": -29.27,
            "roe": -0.11,
            "roe_4q": 5.05,
            "gross_profit": 183851,
            "gross_margin": 10.26,
            "gross_margin_4q_avg": 14.86,
            "net_income": -6483,
            "revenue": 1791202,
            "common_shares": 1154400,
            "book_valuer_per_share": 45.52,
            "book_valuer_per_share_4q_avg": 48.55,
            "equity": 5607732,
            "current_ratio": 119.77,
            "debt_ratio": 43.58,
            "inventory_turnover_ratio": 2.26,
            "account_receivable_turnover_ratio": 0.87,
            "reinvestment_rate": null,
            "research_to_sale_ratio": 0.8,
            "price_fair": 12.91,
            "eps_avg_yearly": 4.3,
            "eps_latest_yearly": 0.08,
            "eps_growth_yearly": -17.39
        },
        "20113": {
            "year_quarter": 20113,
            "year": 2011,
            "quarter": 3,
            "eps": 0.95,
            "eps_growth_year": 32.9,
            "eps_4q": 3.19,
            "eps_4q_growth_year": -14.17,
            "roe": 1.86,
            "roe_4q": 5.71,
            "gross_profit": 338402,
            "gross_margin": 15.72,
            "gross_margin_4q_avg": 15.06,
            "net_income": 108316,
            "revenue": 2152903,
            "common_shares": 1154400,
            "book_valuer_per_share": 48.78,
            "book_valuer_per_share_4q_avg": 48.21,
            "equity": 6011298,
            "current_ratio": 126.98,
            "debt_ratio": 44.7,
            "inventory_turnover_ratio": 2.37,
            "account_receivable_turnover_ratio": 0.93,
            "reinvestment_rate": null,
            "research_to_sale_ratio": 0.69,
            "price_fair": 149.1,
            "eps_avg_yearly": 4.26,
            "eps_latest_yearly": 3.8,
            "eps_growth_yearly": 1534.06
        },
        "20114": {
            "year_quarter": 20114,
            "year": 2011,
            "quarter": 4,
            "eps": 1,
            "eps_growth_year": -13.22,
            "eps_4q": 3.11,
            "eps_4q_growth_year": 6.75,
            "roe": 1.93,
            "roe_4q": 5.5600000000000005,
            "gross_profit": 366285,
            "gross_margin": 16.24,
            "gross_margin_4q_avg": 14.42,
            "net_income": 116365,
            "revenue": 2255096,
            "common_shares": 1114430,
            "book_valuer_per_share": 50.64,
            "book_valuer_per_share_4q_avg": 48.75,
            "equity": 6029430,
            "current_ratio": 138.1,
            "debt_ratio": 43.86,
            "inventory_turnover_ratio": 2.36,
            "account_receivable_turnover_ratio": 0.91,
            "reinvestment_rate": null,
            "research_to_sale_ratio": 0.87,
            "price_fair": 148.4,
            "eps_avg_yearly": 4.24,
            "eps_latest_yearly": 4,
            "eps_growth_yearly": 1417.67
        },
        "20121": {
            "year_quarter": 20121,
            "year": 2012,
            "quarter": 1,
            "eps": -0.72,
            "eps_growth_year": -167.92,
            "eps_4q": 1.28,
            "eps_4q_growth_year": -63.78,
            "roe": -1.36,
            "roe_4q": 2.32,
            "gross_profit": 53135,
            "gross_margin": 3.4,
            "gross_margin_4q_avg": 11.41,
            "net_income": -81111,
            "revenue": 1562605,
            "common_shares": 1118780,
            "book_valuer_per_share": 48.7,
            "book_valuer_per_share_4q_avg": 48.41,
            "equity": 5879052,
            "current_ratio": 145.14,
            "debt_ratio": 42.99,
            "inventory_turnover_ratio": 1.88,
            "account_receivable_turnover_ratio": 0.73,
            "reinvestment_rate": null,
            "research_to_sale_ratio": 1.31,
            "price_fair": 148.4,
            "eps_avg_yearly": 4.24,
            "eps_latest_yearly": 4,
            "eps_growth_yearly": 1417.67
        },
        "20122": {
            "year_quarter": 20122,
            "year": 2012,
            "quarter": 2,
            "eps": 0.2,
            "eps_growth_year": 749.47,
            "eps_4q": 1.46,
            "eps_4q_growth_year": -50.62,
            "roe": 0.27,
            "roe_4q": 2.7,
            "gross_profit": 132180,
            "gross_margin": 6.72,
            "gross_margin_4q_avg": 10.52,
            "net_income": 15406,
            "revenue": 1967800,
            "common_shares": 1119180,
            "book_valuer_per_share": 46.31,
            "book_valuer_per_share_4q_avg": 48.61,
            "equity": 5666107,
            "current_ratio": 127.83,
            "debt_ratio": 47.84,
            "inventory_turnover_ratio": 1.97,
            "account_receivable_turnover_ratio": 0.92,
            "reinvestment_rate": 308.1,
            "research_to_sale_ratio": 0.58,
            "price_fair": 148.4,
            "eps_avg_yearly": 4.24,
            "eps_latest_yearly": 4,
            "eps_growth_yearly": 1417.67
        },
        "20123": {
            "year_quarter": 20123,
            "year": 2012,
            "quarter": 3,
            "eps": 1.04,
            "eps_growth_year": 9.24,
            "eps_4q": 1.51,
            "eps_4q_growth_year": -52.57,
            "roe": 1.9,
            "roe_4q": 2.7399999999999998,
            "gross_profit": 266125,
            "gross_margin": 10.89,
            "gross_margin_4q_avg": 9.31,
            "net_income": 108254,
            "revenue": 2443408,
            "common_shares": 1124240,
            "book_valuer_per_share": 46.57,
            "book_valuer_per_share_4q_avg": 48.06,
            "equity": 5704586,
            "current_ratio": 129.71,
            "debt_ratio": 49.24,
            "inventory_turnover_ratio": 2.46,
            "account_receivable_turnover_ratio": 0.97,
            "reinvestment_rate": 339.25,
            "research_to_sale_ratio": 0.79,
            "price_fair": 148.2,
            "eps_avg_yearly": 4.23,
            "eps_latest_yearly": 4.16,
            "eps_growth_yearly": 1436.41
        },
        "20124": {
            "year_quarter": 20124,
            "year": 2012,
            "quarter": 4,
            "eps": 2.62,
            "eps_growth_year": 162.77,
            "eps_4q": 3.14,
            "eps_4q_growth_year": 1.08,
            "roe": 4.87,
            "roe_4q": 5.679999999999999,
            "gross_profit": 617229,
            "gross_margin": 24.1,
            "gross_margin_4q_avg": 11.28,
            "net_income": 285898,
            "revenue": 2560980,
            "common_shares": 1127100,
            "book_valuer_per_share": 49.51,
            "book_valuer_per_share_4q_avg": 47.77,
            "equity": 6034929,
            "current_ratio": 173.81,
            "debt_ratio": 45.79,
            "inventory_turnover_ratio": 2.65,
            "account_receivable_turnover_ratio": 0.95,
            "reinvestment_rate": 56.03,
            "research_to_sale_ratio": 0.71,
            "price_fair": 159.2,
            "eps_avg_yearly": 4.55,
            "eps_latest_yearly": 10.48,
            "eps_growth_yearly": 1495.19
        },
        "20131": {
            "year_quarter": 20131,
            "year": 2013,
            "quarter": 1,
            "eps": 1.1,
            "eps_growth_year": null,
            "eps_4q": 4.75,
            "eps_4q_growth_year": 270.15,
            "roe": 2.11,
            "roe_4q": 9.15,
            "gross_profit": 256473,
            "gross_margin": 13.82,
            "gross_margin_4q_avg": 13.88,
            "net_income": 134635,
            "revenue": 1855221,
            "common_shares": 1178741,
            "book_valuer_per_share": 51.84,
            "book_valuer_per_share_4q_avg": 48.56,
            "equity": 6701698,
            "current_ratio": 189.79,
            "debt_ratio": 39.49,
            "inventory_turnover_ratio": 2.36,
            "account_receivable_turnover_ratio": 0.82,
            "reinvestment_rate": 53.51,
            "research_to_sale_ratio": 0.63,
            "price_fair": 151.4,
            "eps_avg_yearly": 4.33,
            "eps_latest_yearly": 4.4,
            "eps_growth_yearly": 1471.85
        },
        "20132": {
            "year_quarter": 20132,
            "year": 2013,
            "quarter": 2,
            "eps": 0.39,
            "eps_growth_year": 96.59,
            "eps_4q": 4.94,
            "eps_4q_growth_year": 239.51,
            "roe": 0.7,
            "roe_4q": 9.58,
            "gross_profit": 213803,
            "gross_margin": 12.79,
            "gross_margin_4q_avg": 15.4,
            "net_income": 46097,
            "revenue": 1671686,
            "common_shares": 1179381,
            "book_valuer_per_share": 49.88,
            "book_valuer_per_share_4q_avg": 49.45,
            "equity": 6484547,
            "current_ratio": 161.79,
            "debt_ratio": 41.84,
            "inventory_turnover_ratio": 2.19,
            "account_receivable_turnover_ratio": 0.91,
            "reinvestment_rate": 65.29,
            "research_to_sale_ratio": 0.89,
            "price_fair": 145.6,
            "eps_avg_yearly": 4.16,
            "eps_latest_yearly": 1.56,
            "eps_growth_yearly": 1467.23
        },
        "20133": {
            "year_quarter": 20133,
            "year": 2013,
            "quarter": 3,
            "eps": 0.25,
            "eps_growth_year": -75.99,
            "eps_4q": 4.18,
            "eps_4q_growth_year": 176.68,
            "roe": 0.6,
            "roe_4q": 8.28,
            "gross_profit": 295341,
            "gross_margin": 14.01,
            "gross_margin_4q_avg": 16.18,
            "net_income": 39029,
            "revenue": 2107331,
            "common_shares": 1183384,
            "book_valuer_per_share": 49.91,
            "book_valuer_per_share_4q_avg": 50.29,
            "equity": 6512402,
            "current_ratio": 210.21,
            "debt_ratio": 39.05,
            "inventory_turnover_ratio": 2.74,
            "account_receivable_turnover_ratio": 1.1,
            "reinvestment_rate": 46.35,
            "research_to_sale_ratio": 0.63,
            "price_fair": 135.1,
            "eps_avg_yearly": 3.86,
            "eps_latest_yearly": 1,
            "eps_growth_yearly": 1447.26
        },
        "20134": {
            "year_quarter": 20134,
            "year": 2013,
            "quarter": 4,
            "eps": 1.83,
            "eps_growth_year": -29.92,
            "eps_4q": 3.52,
            "eps_4q_growth_year": 12.07,
            "roe": 3.54,
            "roe_4q": 6.949999999999999,
            "gross_profit": 456540,
            "gross_margin": 18.84,
            "gross_margin_4q_avg": 14.87,
            "net_income": 236081,
            "revenue": 2422708,
            "common_shares": 1184844,
            "book_valuer_per_share": 52.24,
            "book_valuer_per_share_4q_avg": 50.97,
            "equity": 6824760,
            "current_ratio": 213.95,
            "debt_ratio": 38.84,
            "inventory_turnover_ratio": 3.23,
            "account_receivable_turnover_ratio": 1.09,
            "reinvestment_rate": 43.51,
            "research_to_sale_ratio": 0.46,
            "price_fair": 131.9,
            "eps_avg_yearly": 3.77,
            "eps_latest_yearly": 7.32,
            "eps_growth_yearly": 1609.15
        },
        "20141": {
            "year_quarter": 20141,
            "year": 2014,
            "quarter": 1,
            "eps": 0.02,
            "eps_growth_year": -98.18,
            "eps_4q": 2.48,
            "eps_4q_growth_year": -47.83,
            "roe": 0.04,
            "roe_4q": 4.88,
            "gross_profit": 114153,
            "gross_margin": 7.16,
            "gross_margin_4q_avg": 13.2,
            "net_income": 2786,
            "revenue": 1593365,
            "common_shares": 1187184,
            "book_valuer_per_share": 52.97,
            "book_valuer_per_share_4q_avg": 51.25,
            "equity": 6935725,
            "current_ratio": 233.19,
            "debt_ratio": 35.98,
            "inventory_turnover_ratio": 2.6,
            "account_receivable_turnover_ratio": 0.76,
            "reinvestment_rate": 40.5,
            "research_to_sale_ratio": 0.55,
            "price_fair": 127.7,
            "eps_avg_yearly": 3.65,
            "eps_latest_yearly": 0.08,
            "eps_growth_yearly": 1603.61
        },
        "20142": {
            "year_quarter": 20142,
            "year": 2014,
            "quarter": 2,
            "eps": 0.96,
            "eps_growth_year": 146.15,
            "eps_4q": 3.05,
            "eps_4q_growth_year": -38.36,
            "roe": 1.7,
            "roe_4q": 5.88,
            "gross_profit": 357225,
            "gross_margin": 16.78,
            "gross_margin_4q_avg": 14.2,
            "net_income": 112561,
            "revenue": 2128297,
            "common_shares": 1189734,
            "book_valuer_per_share": 49.77,
            "book_valuer_per_share_4q_avg": 51.22,
            "equity": 6312421,
            "current_ratio": 199.14,
            "debt_ratio": 41.77,
            "inventory_turnover_ratio": 2.93,
            "account_receivable_turnover_ratio": 1.05,
            "reinvestment_rate": 14.76,
            "research_to_sale_ratio": 0.34,
            "price_fair": 131.1,
            "eps_avg_yearly": 3.75,
            "eps_latest_yearly": 3.84,
            "eps_growth_yearly": 2934.78
        },
        "20143": {
            "year_quarter": 20143,
            "year": 2014,
            "quarter": 3,
            "eps": 1.27,
            "eps_growth_year": 408,
            "eps_4q": 4.07,
            "eps_4q_growth_year": -2.62,
            "roe": 2.49,
            "roe_4q": 7.7700000000000005,
            "gross_profit": 406694,
            "gross_margin": 16.64,
            "gross_margin_4q_avg": 14.86,
            "net_income": 160509,
            "revenue": 2444770,
            "common_shares": 1190834,
            "book_valuer_per_share": 51.83,
            "book_valuer_per_share_4q_avg": 51.7,
            "equity": 6585430,
            "current_ratio": 215.11,
            "debt_ratio": 42.91,
            "inventory_turnover_ratio": 2.71,
            "account_receivable_turnover_ratio": 1,
            "reinvestment_rate": 25.17,
            "research_to_sale_ratio": 0.34,
            "price_fair": 136.6,
            "eps_avg_yearly": 3.9,
            "eps_latest_yearly": 5.08,
            "eps_growth_yearly": 2939.4
        },
        "20144": {
            "year_quarter": 20144,
            "year": 2014,
            "quarter": 4,
            "eps": 3.78,
            "eps_growth_year": 106.38,
            "eps_4q": 6.03,
            "eps_4q_growth_year": 71.26,
            "roe": 6.66,
            "roe_4q": 10.889999999999999,
            "gross_profit": 883632,
            "gross_margin": 26.23,
            "gross_margin_4q_avg": 16.7,
            "net_income": 462987,
            "revenue": 3368540,
            "common_shares": 1192244,
            "book_valuer_per_share": 57.78,
            "book_valuer_per_share_4q_avg": 53.09,
            "equity": 7327405,
            "current_ratio": 205.56,
            "debt_ratio": 41.98,
            "inventory_turnover_ratio": 2.82,
            "account_receivable_turnover_ratio": 1.13,
            "reinvestment_rate": 51.09,
            "research_to_sale_ratio": 0.3,
            "price_fair": 162.9,
            "eps_avg_yearly": 4.65,
            "eps_latest_yearly": 15.12,
            "eps_growth_yearly": 2978.8
        },
        "20151": {
            "year_quarter": 20151,
            "year": 2015,
            "quarter": 1,
            "eps": 1.86,
            "eps_growth_year": 9200,
            "eps_4q": 7.55,
            "eps_4q_growth_year": 204.84,
            "roe": 3.11,
            "roe_4q": 13.959999999999999,
            "gross_profit": 507018,
            "gross_margin": 19.94,
            "gross_margin_4q_avg": 19.9,
            "net_income": 233849,
            "revenue": 2542308,
            "common_shares": 1192244,
            "book_valuer_per_share": 58.49,
            "book_valuer_per_share_4q_avg": 54.47,
            "equity": 7709360,
            "current_ratio": 208.66,
            "debt_ratio": 39.35,
            "inventory_turnover_ratio": 2.3,
            "account_receivable_turnover_ratio": 0.81,
            "reinvestment_rate": 30.54,
            "research_to_sale_ratio": 0.35,
            "price_fair": 170.9,
            "eps_avg_yearly": 4.88,
            "eps_latest_yearly": 7.44,
            "eps_growth_yearly": 2966.53
        },
        "20152": {
            "year_quarter": 20152,
            "year": 2015,
            "quarter": 2,
            "eps": 1.13,
            "eps_growth_year": 17.71,
            "eps_4q": 7.73,
            "eps_4q_growth_year": 153.83,
            "roe": 2.02,
            "roe_4q": 14.28,
            "gross_profit": 447293,
            "gross_margin": 18.9,
            "gross_margin_4q_avg": 20.43,
            "net_income": 151965,
            "revenue": 2366107,
            "common_shares": 1242273,
            "book_valuer_per_share": 55.36,
            "book_valuer_per_share_4q_avg": 55.87,
            "equity": 7349687,
            "current_ratio": 196.42,
            "debt_ratio": 44.96,
            "inventory_turnover_ratio": 2.18,
            "account_receivable_turnover_ratio": 0.86,
            "reinvestment_rate": 20.36,
            "research_to_sale_ratio": 0.26,
            "price_fair": 182,
            "eps_avg_yearly": 5.2,
            "eps_latest_yearly": 4.52,
            "eps_growth_yearly": 2983.35
        },
        "20153": {
            "year_quarter": 20153,
            "year": 2015,
            "quarter": 3,
            "eps": 1.39,
            "eps_growth_year": 9.45,
            "eps_4q": 7.86,
            "eps_4q_growth_year": 93.15,
            "roe": 2.25,
            "roe_4q": 14.04,
            "gross_profit": 419510,
            "gross_margin": 16.78,
            "gross_margin_4q_avg": 20.46,
            "net_income": 170353,
            "revenue": 2500699,
            "common_shares": 1245718,
            "book_valuer_per_share": 58.35,
            "book_valuer_per_share_4q_avg": 57.5,
            "equity": 7763027,
            "current_ratio": 279.28,
            "debt_ratio": 38.91,
            "inventory_turnover_ratio": 2.36,
            "account_receivable_turnover_ratio": 0.96,
            "reinvestment_rate": 3.34,
            "research_to_sale_ratio": 0.3,
            "price_fair": 186.4,
            "eps_avg_yearly": 5.33,
            "eps_latest_yearly": 5.56,
            "eps_growth_yearly": 1661.35
        },
        "20154": {
            "year_quarter": 20154,
            "year": 2015,
            "quarter": 4,
            "eps": 1.05,
            "eps_growth_year": -72.25,
            "eps_4q": 5.31,
            "eps_4q_growth_year": -11.94,
            "roe": 1.81,
            "roe_4q": 9.19,
            "gross_profit": 460517,
            "gross_margin": 18.58,
            "gross_margin_4q_avg": 18.55,
            "net_income": 136713,
            "revenue": 2478907,
            "common_shares": 1251512,
            "book_valuer_per_share": 58.56,
            "book_valuer_per_share_4q_avg": 57.69,
            "equity": 7363588,
            "current_ratio": 309.01,
            "debt_ratio": 36.85,
            "inventory_turnover_ratio": 2.78,
            "account_receivable_turnover_ratio": 1.01,
            "reinvestment_rate": -9.86,
            "research_to_sale_ratio": 0.22,
            "price_fair": 186.9,
            "eps_avg_yearly": 5.34,
            "eps_latest_yearly": 4.2,
            "eps_growth_yearly": 1652.86
        },
        "20161": {
            "year_quarter": 20161,
            "year": 2016,
            "quarter": 1,
            "eps": -1.2,
            "eps_growth_year": -164.52,
            "eps_4q": 2.34,
            "eps_4q_growth_year": -69,
            "roe": -2.05,
            "roe_4q": 4.03,
            "gross_profit": 68959,
            "gross_margin": 5.63,
            "gross_margin_4q_avg": 14.97,
            "net_income": -148770,
            "revenue": 1225669,
            "common_shares": 1251512,
            "book_valuer_per_share": 56.6,
            "book_valuer_per_share_4q_avg": 57.22,
            "equity": 7119251,
            "current_ratio": 341.74,
            "debt_ratio": 35.57,
            "inventory_turnover_ratio": 1.94,
            "account_receivable_turnover_ratio": 0.63,
            "reinvestment_rate": -18.45,
            "research_to_sale_ratio": 0.44,
            "price_fair": 186.9,
            "eps_avg_yearly": 5.34,
            "eps_latest_yearly": 4.2,
            "eps_growth_yearly": 1652.86
        },
        "20162": {
            "year_quarter": 20162,
            "year": 2016,
            "quarter": 2,
            "eps": -0.75,
            "eps_growth_year": -166.37,
            "eps_4q": 0.48,
            "eps_4q_growth_year": -93.83,
            "roe": -1.38,
            "roe_4q": 0.6300000000000003,
            "gross_profit": 70040,
            "gross_margin": 4.6,
            "gross_margin_4q_avg": 11.4,
            "net_income": -93366,
            "revenue": 1522933,
            "common_shares": 1251512,
            "book_valuer_per_share": 50.69,
            "book_valuer_per_share_4q_avg": 56.05,
            "equity": 6380165,
            "current_ratio": 240.97,
            "debt_ratio": 41.7,
            "inventory_turnover_ratio": 2.26,
            "account_receivable_turnover_ratio": 0.89,
            "reinvestment_rate": -40.4,
            "research_to_sale_ratio": 0.27,
            "price_fair": 186.9,
            "eps_avg_yearly": 5.34,
            "eps_latest_yearly": 4.2,
            "eps_growth_yearly": 1652.86
        },
        "20163": {
            "year_quarter": 20163,
            "year": 2016,
            "quarter": 3,
            "eps": -0.46,
            "eps_growth_year": -133.09,
            "eps_4q": -1.36,
            "eps_4q_growth_year": -117.35,
            "roe": -1.06,
            "roe_4q": -2.68,
            "gross_profit": 177545,
            "gross_margin": 10.14,
            "gross_margin_4q_avg": 9.74,
            "net_income": -66847,
            "revenue": 1750333,
            "common_shares": 1251512,
            "book_valuer_per_share": 48.42,
            "book_valuer_per_share_4q_avg": 53.57,
            "equity": 6227304,
            "current_ratio": 270.13,
            "debt_ratio": 42.53,
            "inventory_turnover_ratio": 2.16,
            "account_receivable_turnover_ratio": 0.91,
            "reinvestment_rate": -68.28,
            "research_to_sale_ratio": 1.43,
            "price_fair": 190.08,
            "eps_avg_yearly": 5.43,
            "eps_latest_yearly": 4.2,
            "eps_growth_yearly": 1650.77
        },
        "20164": {
            "year_quarter": 20164,
            "year": 2016,
            "quarter": 4,
            "eps": -0.12,
            "eps_growth_year": -111.11,
            "eps_4q": -2.58,
            "eps_4q_growth_year": -148.62,
            "roe": -0.52,
            "roe_4q": -5.01,
            "gross_profit": 147221,
            "gross_margin": 8.94,
            "gross_margin_4q_avg": 7.33,
            "net_income": -32291,
            "revenue": 1645976,
            "common_shares": 1251512,
            "book_valuer_per_share": 48.39,
            "book_valuer_per_share_4q_avg": 51.03,
            "equity": 6082445,
            "current_ratio": 320.14,
            "debt_ratio": 42.65,
            "inventory_turnover_ratio": 2.05,
            "account_receivable_turnover_ratio": 0.8,
            "reinvestment_rate": -113.68,
            "research_to_sale_ratio": 1.75,
            "price_fair": 175.35,
            "eps_avg_yearly": 5.01,
            "eps_latest_yearly": 4.2,
            "eps_growth_yearly": 1737.69
        },
        "20171": {
            "year_quarter": 20171,
            "year": 2017,
            "quarter": 1,
            "eps": -1.67,
            "eps_growth_year": null,
            "eps_4q": -3.05,
            "eps_4q_growth_year": -230.36,
            "roe": -3.74,
            "roe_4q": -6.7,
            "gross_profit": -45046,
            "gross_margin": -3.64,
            "gross_margin_4q_avg": 5.01,
            "net_income": -217179,
            "revenue": 1239111,
            "common_shares": 1216622,
            "book_valuer_per_share": 43.95,
            "book_valuer_per_share_4q_avg": 47.86,
            "equity": 5538140,
            "current_ratio": 328.55,
            "debt_ratio": 43.1,
            "inventory_turnover_ratio": 2.01,
            "account_receivable_turnover_ratio": 0.72,
            "reinvestment_rate": -177.99,
            "research_to_sale_ratio": 0.75,
            "price_fair": 177.29,
            "eps_avg_yearly": 5.07,
            "eps_latest_yearly": 4.2,
            "eps_growth_yearly": 1916.76
        },
        "20172": {
            "year_quarter": 20172,
            "year": 2017,
            "quarter": 2,
            "eps": -0.76,
            "eps_growth_year": null,
            "eps_4q": -3.03,
            "eps_4q_growth_year": -736.58,
            "roe": -1.9,
            "roe_4q": -7.220000000000001,
            "gross_profit": 108974,
            "gross_margin": 7.49,
            "gross_margin_4q_avg": 5.73,
            "net_income": -103413,
            "revenue": 1455051,
            "common_shares": 1216622,
            "book_valuer_per_share": 42.47,
            "book_valuer_per_share_4q_avg": 45.81,
            "equity": 5351648,
            "current_ratio": 224.74,
            "debt_ratio": 46.9,
            "inventory_turnover_ratio": 2.31,
            "account_receivable_turnover_ratio": 0.94,
            "reinvestment_rate": -208.58,
            "research_to_sale_ratio": 0.49,
            "price_fair": 189.56,
            "eps_avg_yearly": 5.42,
            "eps_latest_yearly": 4.2,
            "eps_growth_yearly": 2134.25
        },
        "20173": {
            "year_quarter": 20173,
            "year": 2017,
            "quarter": 3,
            "eps": 0.08,
            "eps_growth_year": null,
            "eps_4q": -2.47,
            "eps_4q_growth_year": null,
            "roe": 0.08,
            "roe_4q": -6.08,
            "gross_profit": 159667,
            "gross_margin": 10.51,
            "gross_margin_4q_avg": 5.83,
            "net_income": 4492,
            "revenue": 1518890,
            "common_shares": 1216622,
            "book_valuer_per_share": 43.08,
            "book_valuer_per_share_4q_avg": 44.47,
            "equity": 5422173,
            "current_ratio": 277.73,
            "debt_ratio": 42.18,
            "inventory_turnover_ratio": 2.06,
            "account_receivable_turnover_ratio": 0.91,
            "reinvestment_rate": -198.65,
            "research_to_sale_ratio": 0.4,
            "price_fair": 206.73,
            "eps_avg_yearly": 5.91,
            "eps_latest_yearly": 4.2,
            "eps_growth_yearly": 2387.35
        },
        "20174": {
            "year_quarter": 20174,
            "year": 2017,
            "quarter": 4,
            "eps": -0.9,
            "eps_growth_year": null,
            "eps_4q": -3.25,
            "eps_4q_growth_year": null,
            "roe": -2.17,
            "roe_4q": -7.73,
            "gross_profit": 125036,
            "gross_margin": 6.9,
            "gross_margin_4q_avg": 5.32,
            "net_income": -115905,
            "revenue": 1811040,
            "common_shares": 1216622,
            "book_valuer_per_share": 41.94,
            "book_valuer_per_share_4q_avg": 42.86,
            "equity": 5276449,
            "current_ratio": 202.81,
            "debt_ratio": 43.77,
            "inventory_turnover_ratio": 2.38,
            "account_receivable_turnover_ratio": 0.98,
            "reinvestment_rate": -309.69,
            "research_to_sale_ratio": 0.42,
            "price_fair": 200.55,
            "eps_avg_yearly": 5.73,
            "eps_latest_yearly": 4.2,
            "eps_growth_yearly": 2369.76
        },
        "20181": {
            "year_quarter": 20181,
            "year": 2018,
            "quarter": 1,
            "eps": -1.99,
            "eps_growth_year": null,
            "eps_4q": -3.56,
            "eps_4q_growth_year": null,
            "roe": -4.93,
            "roe_4q": -8.92,
            "gross_profit": -78639,
            "gross_margin": -5.8,
            "gross_margin_4q_avg": 4.78,
            "net_income": -255671,
            "revenue": 1354983,
            "common_shares": 1216622,
            "book_valuer_per_share": 40.55,
            "book_valuer_per_share_4q_avg": 42.01,
            "equity": 5095771,
            "current_ratio": 235.81,
            "debt_ratio": 44.39,
            "inventory_turnover_ratio": 2.07,
            "account_receivable_turnover_ratio": 0.76,
            "reinvestment_rate": -550.25,
            "research_to_sale_ratio": 0.4,
            "price_fair": 228.8,
            "eps_avg_yearly": 6.54,
            "eps_latest_yearly": 4.2,
            "eps_growth_yearly": 2764.82
        },
        "20182": {
            "year_quarter": 20182,
            "year": 2018,
            "quarter": 2,
            "eps": -2.46,
            "eps_growth_year": null,
            "eps_4q": -5.26,
            "eps_4q_growth_year": null,
            "roe": -6.2,
            "roe_4q": -13.219999999999999,
            "gross_profit": -129869,
            "gross_margin": -8.1,
            "gross_margin_4q_avg": 0.88,
            "net_income": -303717,
            "revenue": 1602447,
            "common_shares": 1216622,
            "book_valuer_per_share": 37.34,
            "book_valuer_per_share_4q_avg": 40.73,
            "equity": 4701299,
            "current_ratio": 205.16,
            "debt_ratio": 47,
            "inventory_turnover_ratio": 2.77,
            "account_receivable_turnover_ratio": 0.95,
            "reinvestment_rate": -17247.15,
            "research_to_sale_ratio": 0.26,
            "price_fair": 244.53,
            "eps_avg_yearly": 6.99,
            "eps_latest_yearly": 4.2,
            "eps_growth_yearly": 92.29
        },
        "20183": {
            "year_quarter": 20183,
            "year": 2018,
            "quarter": 3,
            "eps": -0.61,
            "eps_growth_year": -862.5,
            "eps_4q": -5.95,
            "eps_4q_growth_year": null,
            "roe": -1.76,
            "roe_4q": -15.06,
            "gross_profit": 10121,
            "gross_margin": 0.78,
            "gross_margin_4q_avg": -1.56,
            "net_income": -80945,
            "revenue": 1296459,
            "common_shares": 1216622,
            "book_valuer_per_share": 35.55,
            "book_valuer_per_share_4q_avg": 38.85,
            "equity": 4471216,
            "current_ratio": 229.97,
            "debt_ratio": 45.84,
            "inventory_turnover_ratio": 2.49,
            "account_receivable_turnover_ratio": 0.75,
            "reinvestment_rate": null,
            "research_to_sale_ratio": 0.42,
            "price_fair": 257.88,
            "eps_avg_yearly": 7.37,
            "eps_latest_yearly": 4.2,
            "eps_growth_yearly": 84.92
        },
        "20184": {
            "year_quarter": 20184,
            "year": 2018,
            "quarter": 4,
            "eps": -1.83,
            "eps_growth_year": null,
            "eps_4q": -6.89,
            "eps_4q_growth_year": null,
            "roe": -5.78,
            "roe_4q": -18.67,
            "gross_profit": 109300,
            "gross_margin": 7.73,
            "gross_margin_4q_avg": -1.35,
            "net_income": -250209,
            "revenue": 1413823,
            "common_shares": 1216622,
            "book_valuer_per_share": 33.52,
            "book_valuer_per_share_4q_avg": 36.74,
            "equity": 4181683,
            "current_ratio": 234.19,
            "debt_ratio": 40.18,
            "inventory_turnover_ratio": 2.55,
            "account_receivable_turnover_ratio": 0.89,
            "reinvestment_rate": null,
            "research_to_sale_ratio": 0.24,
            "price_fair": 16.29,
            "eps_avg_yearly": 5.43,
            "eps_latest_yearly": 4.2,
            "eps_growth_yearly": -91.49
        },
        "20191": {
            "year_quarter": 20191,
            "year": 2019,
            "quarter": 1,
            "eps": -1.28,
            "eps_growth_year": null,
            "eps_4q": -6.18,
            "eps_4q_growth_year": null,
            "roe": -3.87,
            "roe_4q": -17.61,
            "gross_profit": -3095,
            "gross_margin": -0.25,
            "gross_margin_4q_avg": 0.04,
            "net_income": -159977,
            "revenue": 1237711,
            "common_shares": 1216622,
            "book_valuer_per_share": 32.68,
            "book_valuer_per_share_4q_avg": 34.77,
            "equity": 4078267,
            "current_ratio": 184.58,
            "debt_ratio": 44.55,
            "inventory_turnover_ratio": 2.28,
            "account_receivable_turnover_ratio": 0.82,
            "reinvestment_rate": null,
            "research_to_sale_ratio": 0.35,
            "price_fair": 14.28,
            "eps_avg_yearly": 4.76,
            "eps_latest_yearly": 4.2,
            "eps_growth_yearly": -54.27
        },
        "20192": {
            "year_quarter": 20192,
            "year": 2019,
            "quarter": 2,
            "eps": 2.01,
            "eps_growth_year": null,
            "eps_4q": -1.71,
            "eps_4q_growth_year": null,
            "roe": 5.94,
            "roe_4q": -5.47,
            "gross_profit": -64492,
            "gross_margin": -5.68,
            "gross_margin_4q_avg": 0.65,
            "net_income": 239618,
            "revenue": 1135053,
            "common_shares": 1216622,
            "book_valuer_per_share": 32.01,
            "book_valuer_per_share_4q_avg": 33.44,
            "equity": 3991281,
            "current_ratio": 192,
            "debt_ratio": 43.68,
            "inventory_turnover_ratio": 2.32,
            "account_receivable_turnover_ratio": 0.79,
            "reinvestment_rate": null,
            "research_to_sale_ratio": 0.1,
            "price_fair": 14.64,
            "eps_avg_yearly": 4.88,
            "eps_latest_yearly": 4.2,
            "eps_growth_yearly": -2.9
        },
        "20193": {
            "year_quarter": 20193,
            "year": 2019,
            "quarter": 3,
            "eps": -1.48,
            "eps_growth_year": null,
            "eps_4q": -2.58,
            "eps_4q_growth_year": null,
            "roe": -4.77,
            "roe_4q": -8.48,
            "gross_profit": 13064,
            "gross_margin": 1.3,
            "gross_margin_4q_avg": 0.78,
            "net_income": -184448,
            "revenue": 1002496,
            "common_shares": 1216622,
            "book_valuer_per_share": 30.05,
            "book_valuer_per_share_4q_avg": 32.07,
            "equity": 3745077,
            "current_ratio": 187.57,
            "debt_ratio": 35.09,
            "inventory_turnover_ratio": 2.08,
            "account_receivable_turnover_ratio": 0.79,
            "reinvestment_rate": null,
            "research_to_sale_ratio": 0.31,
            "price_fair": 12.6,
            "eps_avg_yearly": 4.2,
            "eps_latest_yearly": 4.2,
            "eps_growth_yearly": -97.84
        },
        "20194": {
            "year_quarter": 20194,
            "year": 2019,
            "quarter": 4,
            "eps": -3.91,
            "eps_growth_year": null,
            "eps_4q": -4.66,
            "eps_4q_growth_year": null,
            "roe": -13.95,
            "roe_4q": -16.65,
            "gross_profit": -4238,
            "gross_margin": -0.45,
            "gross_margin_4q_avg": -1.27,
            "net_income": -486594,
            "revenue": 938659,
            "common_shares": 1216622,
            "book_valuer_per_share": 25.92,
            "book_valuer_per_share_4q_avg": 30.17,
            "equity": 3228749,
            "current_ratio": 191.28,
            "debt_ratio": 35.02,
            "inventory_turnover_ratio": 2.18,
            "account_receivable_turnover_ratio": 0.88,
            "reinvestment_rate": null,
            "research_to_sale_ratio": 0.27,
            "price_fair": 0,
            "eps_avg_yearly": 0,
            "eps_latest_yearly": 0,
            "eps_growth_yearly": 0
        },
        "20201": {
            "year_quarter": 20201,
            "year": 2020,
            "quarter": 1,
            "eps": -1.29,
            "eps_growth_year": null,
            "eps_4q": -4.67,
            "eps_4q_growth_year": null,
            "roe": -5.21,
            "roe_4q": -17.99,
            "gross_profit": -46062,
            "gross_margin": -7.6,
            "gross_margin_4q_avg": -3.11,
            "net_income": -161539,
            "revenue": 606243,
            "common_shares": 1216622,
            "book_valuer_per_share": 23.87,
            "book_valuer_per_share_4q_avg": 27.96,
            "equity": 2967370,
            "current_ratio": 223.99,
            "debt_ratio": 34.21,
            "inventory_turnover_ratio": 1.73,
            "account_receivable_turnover_ratio": 0.67,
            "reinvestment_rate": null,
            "research_to_sale_ratio": 0.47,
            "price_fair": 0,
            "eps_avg_yearly": 0,
            "eps_latest_yearly": 0,
            "eps_growth_yearly": 0
        },
        "20202": {
            "year_quarter": 20202,
            "year": 2020,
            "quarter": 2,
            "eps": -0.97,
            "eps_growth_year": -148.26,
            "eps_4q": -7.65,
            "eps_4q_growth_year": null,
            "roe": -4.03,
            "roe_4q": -27.959999999999997,
            "gross_profit": -22797,
            "gross_margin": -3.21,
            "gross_margin_4q_avg": -2.49,
            "net_income": -116357,
            "revenue": 709534,
            "common_shares": 1216622,
            "book_valuer_per_share": 22.55,
            "book_valuer_per_share_4q_avg": 25.6,
            "equity": 2806508,
            "current_ratio": 223.54,
            "debt_ratio": 33.76,
            "inventory_turnover_ratio": 2.33,
            "account_receivable_turnover_ratio": 0.91,
            "reinvestment_rate": null,
            "research_to_sale_ratio": 0.46,
            "price_fair": 0,
            "eps_avg_yearly": 0,
            "eps_latest_yearly": 0,
            "eps_growth_yearly": 0
        },
        "20203": {
            "year_quarter": 20203,
            "year": 2020,
            "quarter": 3,
            "eps": -0.66,
            "eps_growth_year": null,
            "eps_4q": -6.84,
            "eps_4q_growth_year": null,
            "roe": -3.05,
            "roe_4q": -26.24,
            "gross_profit": 23873,
            "gross_margin": 2.7,
            "gross_margin_4q_avg": -2.14,
            "net_income": -84603,
            "revenue": 885304,
            "common_shares": 1216622,
            "book_valuer_per_share": 22.02,
            "book_valuer_per_share_4q_avg": 23.59,
            "equity": 2739572,
            "current_ratio": 207.99,
            "debt_ratio": 35.61,
            "inventory_turnover_ratio": 2.71,
            "account_receivable_turnover_ratio": 1.02,
            "reinvestment_rate": null,
            "research_to_sale_ratio": 0.51,
            "price_fair": 0,
            "eps_avg_yearly": 0,
            "eps_latest_yearly": 0,
            "eps_growth_yearly": 0
        },
        "20204": {
            "year_quarter": 20204,
            "year": 2020,
            "quarter": 4,
            "eps": -0.39,
            "eps_growth_year": null,
            "eps_4q": -3.32,
            "eps_4q_growth_year": null,
            "roe": -2.26,
            "roe_4q": -14.55,
            "gross_profit": 55802,
            "gross_margin": 4.98,
            "gross_margin_4q_avg": -0.78,
            "net_income": -61975,
            "revenue": 1121509,
            "common_shares": 1216622,
            "book_valuer_per_share": 22.11,
            "book_valuer_per_share_4q_avg": 22.64,
            "equity": 2737008,
            "current_ratio": 186.85,
            "debt_ratio": 40.06,
            "inventory_turnover_ratio": 3.04,
            "account_receivable_turnover_ratio": 0.99,
            "reinvestment_rate": null,
            "research_to_sale_ratio": 0.42,
            "price_fair": 0,
            "eps_avg_yearly": 0,
            "eps_latest_yearly": 0,
            "eps_growth_yearly": 0
        },
        "20211": {
            "year_quarter": 20211,
            "year": 2021,
            "quarter": 1,
            "eps": -0.48,
            "eps_growth_year": null,
            "eps_4q": -2.51,
            "eps_4q_growth_year": null,
            "roe": -2.31,
            "roe_4q": -11.65,
            "gross_profit": 56467,
            "gross_margin": 6,
            "gross_margin_4q_avg": 2.62,
            "net_income": -61789,
            "revenue": 940677,
            "common_shares": 1216622,
            "book_valuer_per_share": 21.17,
            "book_valuer_per_share_4q_avg": 21.96,
            "equity": 2619577,
            "current_ratio": 194.75,
            "debt_ratio": 39.61,
            "inventory_turnover_ratio": 2.45,
            "account_receivable_turnover_ratio": 0.76,
            "reinvestment_rate": null,
            "research_to_sale_ratio": 0.27,
            "price_fair": 0,
            "eps_avg_yearly": 0,
            "eps_latest_yearly": 0,
            "eps_growth_yearly": 0
        },
        "20212": {
            "year_quarter": 20212,
            "year": 2021,
            "quarter": 2,
            "eps": -0.91,
            "eps_growth_year": null,
            "eps_4q": -2.44,
            "eps_4q_growth_year": null,
            "roe": -4.62,
            "roe_4q": -12.239999999999998,
            "gross_profit": 6218,
            "gross_margin": 0.65,
            "gross_margin_4q_avg": 3.58,
            "net_income": -116723,
            "revenue": 954016,
            "common_shares": 1216622,
            "book_valuer_per_share": 19.78,
            "book_valuer_per_share_4q_avg": 21.27,
            "equity": 2429553,
            "current_ratio": 187.92,
            "debt_ratio": 44.29,
            "inventory_turnover_ratio": 2.28,
            "account_receivable_turnover_ratio": 0.83,
            "reinvestment_rate": null,
            "research_to_sale_ratio": 0.3,
            "price_fair": 0,
            "eps_avg_yearly": 0,
            "eps_latest_yearly": 0,
            "eps_growth_yearly": 0
        },
        "20213": {
            "year_quarter": 20213,
            "year": 2021,
            "quarter": 3,
            "eps": 0.12,
            "eps_growth_year": null,
            "eps_4q": -1.66,
            "eps_4q_growth_year": null,
            "roe": 0.34,
            "roe_4q": -8.85,
            "gross_profit": -22820,
            "gross_margin": -2.48,
            "gross_margin_4q_avg": 2.29,
            "net_income": 8313,
            "revenue": 918432,
            "common_shares": 1216622,
            "book_valuer_per_share": 19.68,
            "book_valuer_per_share_4q_avg": 20.69,
            "equity": 2412274,
            "current_ratio": 182.03,
            "debt_ratio": 40.28,
            "inventory_turnover_ratio": 2.18,
            "account_receivable_turnover_ratio": 0.81,
            "reinvestment_rate": null,
            "research_to_sale_ratio": 0.24,
            "price_fair": 0,
            "eps_avg_yearly": 0,
            "eps_latest_yearly": 0,
            "eps_growth_yearly": 0
        },
        "20214": {
            "year_quarter": 20214,
            "year": 2021,
            "quarter": 4,
            "eps": -0.95,
            "eps_growth_year": null,
            "eps_4q": -2.22,
            "eps_4q_growth_year": null,
            "roe": -5.19,
            "roe_4q": -11.780000000000001,
            "gross_profit": 718,
            "gross_margin": 0.07,
            "gross_margin_4q_avg": 1.06,
            "net_income": -123861,
            "revenue": 1081216,
            "common_shares": 1216622,
            "book_valuer_per_share": 19.3,
            "book_valuer_per_share_4q_avg": 19.98,
            "equity": 2357490,
            "current_ratio": 193.68,
            "debt_ratio": 39.35,
            "inventory_turnover_ratio": 2.44,
            "account_receivable_turnover_ratio": 0.89,
            "reinvestment_rate": null,
            "research_to_sale_ratio": 0.11,
            "price_fair": 0,
            "eps_avg_yearly": 0,
            "eps_latest_yearly": 0,
            "eps_growth_yearly": 0
        },
        "20221": {
            "year_quarter": 20221,
            "year": 2022,
            "quarter": 1,
            "eps": -0.81,
            "eps_growth_year": null,
            "eps_4q": -2.55,
            "eps_4q_growth_year": null,
            "roe": -4.23,
            "roe_4q": -13.700000000000003,
            "gross_profit": -14389,
            "gross_margin": -1.76,
            "gross_margin_4q_avg": -0.88,
            "net_income": -98847,
            "revenue": 816014,
            "common_shares": 1216622,
            "book_valuer_per_share": 18.97,
            "book_valuer_per_share_4q_avg": 19.43,
            "equity": 2317662,
            "current_ratio": 207.47,
            "debt_ratio": 36.85,
            "inventory_turnover_ratio": 1.83,
            "account_receivable_turnover_ratio": 0.68,
            "reinvestment_rate": null,
            "research_to_sale_ratio": 0.22,
            "price_fair": 0,
            "eps_avg_yearly": 0,
            "eps_latest_yearly": 0,
            "eps_growth_yearly": 0
        },
        "20222": {
            "year_quarter": 20222,
            "year": 2022,
            "quarter": 2,
            "eps": -0.55,
            "eps_growth_year": null,
            "eps_4q": -2.19,
            "eps_4q_growth_year": null,
            "roe": -2.01,
            "roe_4q": -11.09,
            "gross_profit": -57484,
            "gross_margin": -9.67,
            "gross_margin_4q_avg": -3.46,
            "net_income": -44787,
            "revenue": 594690,
            "common_shares": 1216622,
            "book_valuer_per_share": 17.31,
            "book_valuer_per_share_4q_avg": 18.82,
            "equity": 2136922,
            "current_ratio": 203.85,
            "debt_ratio": 37.73,
            "inventory_turnover_ratio": 1.53,
            "account_receivable_turnover_ratio": 0.6,
            "reinvestment_rate": null,
            "research_to_sale_ratio": 0.35,
            "price_fair": 0,
            "eps_avg_yearly": 0,
            "eps_latest_yearly": 0,
            "eps_growth_yearly": 0
        },
        "20223": {
            "year_quarter": 20223,
            "year": 2022,
            "quarter": 3,
            "eps": -0.35,
            "eps_growth_year": -391.67,
            "eps_4q": -2.66,
            "eps_4q_growth_year": null,
            "roe": -2.32,
            "roe_4q": -13.75,
            "gross_profit": 53382,
            "gross_margin": 6.93,
            "gross_margin_4q_avg": -1.11,
            "net_income": -49378,
            "revenue": 770147,
            "common_shares": 1216622,
            "book_valuer_per_share": 17.27,
            "book_valuer_per_share_4q_avg": 18.21,
            "equity": 2126056,
            "current_ratio": 211.08,
            "debt_ratio": 39.16,
            "inventory_turnover_ratio": 1.75,
            "account_receivable_turnover_ratio": 0.84,
            "reinvestment_rate": null,
            "research_to_sale_ratio": 0.33,
            "price_fair": 0,
            "eps_avg_yearly": 0,
            "eps_latest_yearly": 0,
            "eps_growth_yearly": 0
        },
        "20224": {
            "year_quarter": 20224,
            "year": 2022,
            "quarter": 4,
            "eps": -0.52,
            "eps_growth_year": null,
            "eps_4q": -2.23,
            "eps_4q_growth_year": null,
            "roe": -3.16,
            "roe_4q": -11.72,
            "gross_profit": 13856,
            "gross_margin": 2.05,
            "gross_margin_4q_avg": -0.61,
            "net_income": -65891,
            "revenue": 676936,
            "common_shares": 1216622,
            "book_valuer_per_share": 16.66,
            "book_valuer_per_share_4q_avg": 17.55,
            "equity": 2048935,
            "current_ratio": 205.03,
            "debt_ratio": 40.03,
            "inventory_turnover_ratio": 1.73,
            "account_receivable_turnover_ratio": 0.71,
            "reinvestment_rate": null,
            "research_to_sale_ratio": 0.31,
            "price_fair": 0,
            "eps_avg_yearly": 0,
            "eps_latest_yearly": 0,
            "eps_growth_yearly": 0
        },
        "20231": {
            "year_quarter": 20231,
            "year": 2023,
            "quarter": 1,
            "eps": -0.3,
            "eps_growth_year": null,
            "eps_4q": -1.72,
            "eps_4q_growth_year": null,
            "roe": -1.59,
            "roe_4q": -9.08,
            "gross_profit": 44657,
            "gross_margin": 6.73,
            "gross_margin_4q_avg": 1.51,
            "net_income": -32339,
            "revenue": 663649,
            "common_shares": 1216622,
            "book_valuer_per_share": 16.4,
            "book_valuer_per_share_4q_avg": 16.91,
            "equity": 2021846,
            "current_ratio": 216.22,
            "debt_ratio": 38.18,
            "inventory_turnover_ratio": 1.85,
            "account_receivable_turnover_ratio": 0.72,
            "reinvestment_rate": null,
            "research_to_sale_ratio": 0.16,
            "price_fair": 0,
            "eps_avg_yearly": 0,
            "eps_latest_yearly": 0,
            "eps_growth_yearly": 0
        },
        "20232": {
            "year_quarter": 20232,
            "year": 2023,
            "quarter": 2,
            "eps": -0.3,
            "eps_growth_year": null,
            "eps_4q": -1.47,
            "eps_4q_growth_year": null,
            "roe": -1.9,
            "roe_4q": -8.97,
            "gross_profit": 14502,
            "gross_margin": 2.4,
            "gross_margin_4q_avg": 4.53,
            "net_income": -36466,
            "revenue": 605054,
            "common_shares": 1216622,
            "book_valuer_per_share": 14.72,
            "book_valuer_per_share_4q_avg": 16.26,
            "equity": 1817173,
            "current_ratio": 205.1,
            "debt_ratio": 39.23,
            "inventory_turnover_ratio": 2.13,
            "account_receivable_turnover_ratio": 0.7,
            "reinvestment_rate": null,
            "research_to_sale_ratio": 0.17,
            "price_fair": 0,
            "eps_avg_yearly": 0,
            "eps_latest_yearly": 0,
            "eps_growth_yearly": 0
        }
    },
    "months": {
        "2008-01": {
            "month": "2008-01",
            "price": "72.53",
            "revenue": 362558
        },
        "2008-02": {
            "month": "2008-02",
            "price": "65.10",
            "revenue": 340539
        },
        "2008-03": {
            "month": "2008-03",
            "price": "62.05",
            "revenue": 359629
        },
        "2008-04": {
            "month": "2008-04",
            "price": "74.35",
            "revenue": 451080
        },
        "2008-05": {
            "month": "2008-05",
            "price": "79.31",
            "revenue": 438442
        },
        "2008-06": {
            "month": "2008-06",
            "price": "75.66",
            "revenue": 492563
        },
        "2008-07": {
            "month": "2008-07",
            "price": "66.28",
            "revenue": 487849
        },
        "2008-08": {
            "month": "2008-08",
            "price": "60.95",
            "revenue": 524015
        },
        "2008-09": {
            "month": "2008-09",
            "price": "50.89",
            "revenue": 588713
        },
        "2008-10": {
            "month": "2008-10",
            "price": "44.29",
            "revenue": 600590
        },
        "2008-11": {
            "month": "2008-11",
            "price": "38.88",
            "revenue": 605632
        },
        "2008-12": {
            "month": "2008-12",
            "price": "32.90",
            "revenue": 488781
        },
        "2009-01": {
            "month": "2009-01",
            "price": "31.78",
            "revenue": 486149
        },
        "2009-02": {
            "month": "2009-02",
            "price": "37.30",
            "revenue": 635284
        },
        "2009-03": {
            "month": "2009-03",
            "price": "45.46",
            "revenue": 662588
        },
        "2009-04": {
            "month": "2009-04",
            "price": "57.99",
            "revenue": 672123
        },
        "2009-05": {
            "month": "2009-05",
            "price": "66.75",
            "revenue": 618563
        },
        "2009-06": {
            "month": "2009-06",
            "price": "66.77",
            "revenue": 642006
        },
        "2009-07": {
            "month": "2009-07",
            "price": "79.68",
            "revenue": 641268
        },
        "2009-08": {
            "month": "2009-08",
            "price": "91.65",
            "revenue": 752898
        },
        "2009-09": {
            "month": "2009-09",
            "price": "87.52",
            "revenue": 847149
        },
        "2009-10": {
            "month": "2009-10",
            "price": "79.57",
            "revenue": 771050
        },
        "2009-11": {
            "month": "2009-11",
            "price": "83.94",
            "revenue": 683052
        },
        "2009-12": {
            "month": "2009-12",
            "price": "90.14",
            "revenue": 569237
        },
        "2010-01": {
            "month": "2010-01",
            "price": "83.68",
            "revenue": 588373
        },
        "2010-02": {
            "month": "2010-02",
            "price": "79.30",
            "revenue": 542523
        },
        "2010-03": {
            "month": "2010-03",
            "price": "80.65",
            "revenue": 678810
        },
        "2010-04": {
            "month": "2010-04",
            "price": "81.48",
            "revenue": 632929
        },
        "2010-05": {
            "month": "2010-05",
            "price": "66.85",
            "revenue": 538044
        },
        "2010-06": {
            "month": "2010-06",
            "price": "62.26",
            "revenue": 594341
        },
        "2010-07": {
            "month": "2010-07",
            "price": "64.28",
            "revenue": 625357
        },
        "2010-08": {
            "month": "2010-08",
            "price": "61.07",
            "revenue": 721470
        },
        "2010-09": {
            "month": "2010-09",
            "price": "59.28",
            "revenue": 785677
        },
        "2010-10": {
            "month": "2010-10",
            "price": "59.97",
            "revenue": 827295
        },
        "2010-11": {
            "month": "2010-11",
            "price": "50.90",
            "revenue": 694976
        },
        "2010-12": {
            "month": "2010-12",
            "price": "52.36",
            "revenue": 665938
        },
        "2011-01": {
            "month": "2011-01",
            "price": "53.46",
            "revenue": 620463
        },
        "2011-02": {
            "month": "2011-02",
            "price": "55.91",
            "revenue": 528850
        },
        "2011-03": {
            "month": "2011-03",
            "price": "54.39",
            "revenue": 706661
        },
        "2011-04": {
            "month": "2011-04",
            "price": "56.67",
            "revenue": 610305
        },
        "2011-05": {
            "month": "2011-05",
            "price": "58.27",
            "revenue": 581173
        },
        "2011-06": {
            "month": "2011-06",
            "price": "63.46",
            "revenue": 600634
        },
        "2011-07": {
            "month": "2011-07",
            "price": "53.50",
            "revenue": 625789
        },
        "2011-08": {
            "month": "2011-08",
            "price": "41.34",
            "revenue": 731213
        },
        "2011-09": {
            "month": "2011-09",
            "price": "38.97",
            "revenue": 810564
        },
        "2011-10": {
            "month": "2011-10",
            "price": "40.75",
            "revenue": 838738
        },
        "2011-11": {
            "month": "2011-11",
            "price": "39.43",
            "revenue": 726651
        },
        "2011-12": {
            "month": "2011-12",
            "price": "34.50",
            "revenue": 658666
        },
        "2012-01": {
            "month": "2012-01",
            "price": "34.82",
            "revenue": 442595
        },
        "2012-02": {
            "month": "2012-02",
            "price": "46.35",
            "revenue": 539992
        },
        "2012-03": {
            "month": "2012-03",
            "price": "51.66",
            "revenue": 578609
        },
        "2012-04": {
            "month": "2012-04",
            "price": "42.37",
            "revenue": 616666
        },
        "2012-05": {
            "month": "2012-05",
            "price": "40.22",
            "revenue": 687453
        },
        "2012-06": {
            "month": "2012-06",
            "price": "40.97",
            "revenue": 648314
        },
        "2012-07": {
            "month": "2012-07",
            "price": "44.32",
            "revenue": 693266
        },
        "2012-08": {
            "month": "2012-08",
            "price": "49.77",
            "revenue": 796969
        },
        "2012-09": {
            "month": "2012-09",
            "price": "53.45",
            "revenue": 907261
        },
        "2012-10": {
            "month": "2012-10",
            "price": "57.24",
            "revenue": 898960
        },
        "2012-11": {
            "month": "2012-11",
            "price": "54.70",
            "revenue": 883038
        },
        "2012-12": {
            "month": "2012-12",
            "price": "59.15",
            "revenue": 777362
        },
        "2013-01": {
            "month": "2013-01",
            "price": "60.72",
            "revenue": 740525
        },
        "2013-02": {
            "month": "2013-02",
            "price": "68.19",
            "revenue": 454224
        },
        "2013-03": {
            "month": "2013-03",
            "price": "65.90",
            "revenue": 635513
        },
        "2013-04": {
            "month": "2013-04",
            "price": "60.50",
            "revenue": 619423
        },
        "2013-05": {
            "month": "2013-05",
            "price": "59.29",
            "revenue": 551266
        },
        "2013-06": {
            "month": "2013-06",
            "price": "64.46",
            "revenue": 538346
        },
        "2013-07": {
            "month": "2013-07",
            "price": "60.85",
            "revenue": 554571
        },
        "2013-08": {
            "month": "2013-08",
            "price": "53.99",
            "revenue": 677354
        },
        "2013-09": {
            "month": "2013-09",
            "price": "58.06",
            "revenue": 848035
        },
        "2013-10": {
            "month": "2013-10",
            "price": "54.17",
            "revenue": 937209
        },
        "2013-11": {
            "month": "2013-11",
            "price": "47.14",
            "revenue": 763699
        },
        "2013-12": {
            "month": "2013-12",
            "price": "47.29",
            "revenue": 694928
        },
        "2014-01": {
            "month": "2014-01",
            "price": "48.57",
            "revenue": 565743
        },
        "2014-02": {
            "month": "2014-02",
            "price": "49.40",
            "revenue": 406013
        },
        "2014-03": {
            "month": "2014-03",
            "price": "52.55",
            "revenue": 616389
        },
        "2014-04": {
            "month": "2014-04",
            "price": "53.07",
            "revenue": 624494
        },
        "2014-05": {
            "month": "2014-05",
            "price": "50.72",
            "revenue": 756723
        },
        "2014-06": {
            "month": "2014-06",
            "price": "53.31",
            "revenue": 723915
        },
        "2014-07": {
            "month": "2014-07",
            "price": "52.42",
            "revenue": 754349
        },
        "2014-08": {
            "month": "2014-08",
            "price": "53.29",
            "revenue": 766636
        },
        "2014-09": {
            "month": "2014-09",
            "price": "52.86",
            "revenue": 894935
        },
        "2014-10": {
            "month": "2014-10",
            "price": "53.34",
            "revenue": 1116937
        },
        "2014-11": {
            "month": "2014-11",
            "price": "54.13",
            "revenue": 1097986
        },
        "2014-12": {
            "month": "2014-12",
            "price": "57.11",
            "revenue": 1119793
        },
        "2015-01": {
            "month": "2015-01",
            "price": "63.74",
            "revenue": 1045725
        },
        "2015-02": {
            "month": "2015-02",
            "price": "67.52",
            "revenue": 582085
        },
        "2015-03": {
            "month": "2015-03",
            "price": "71.62",
            "revenue": 869656
        },
        "2015-04": {
            "month": "2015-04",
            "price": "76.97",
            "revenue": 749432
        },
        "2015-05": {
            "month": "2015-05",
            "price": "73.42",
            "revenue": 713964
        },
        "2015-06": {
            "month": "2015-06",
            "price": "70.27",
            "revenue": 894021
        },
        "2015-07": {
            "month": "2015-07",
            "price": "62.77",
            "revenue": 792723
        },
        "2015-08": {
            "month": "2015-08",
            "price": "54.04",
            "revenue": 788891
        },
        "2015-09": {
            "month": "2015-09",
            "price": "55.22",
            "revenue": 896722
        },
        "2015-10": {
            "month": "2015-10",
            "price": "58.86",
            "revenue": 979265
        },
        "2015-11": {
            "month": "2015-11",
            "price": "55.77",
            "revenue": 758872
        },
        "2015-12": {
            "month": "2015-12",
            "price": "51.89",
            "revenue": 649563
        },
        "2016-01": {
            "month": "2016-01",
            "price": "45.16",
            "revenue": 460479
        },
        "2016-02": {
            "month": "2016-02",
            "price": "45.83",
            "revenue": 265292
        },
        "2016-03": {
            "month": "2016-03",
            "price": "47.96",
            "revenue": 556578
        },
        "2016-04": {
            "month": "2016-04",
            "price": "46.33",
            "revenue": 437239
        },
        "2016-05": {
            "month": "2016-05",
            "price": "41.00",
            "revenue": 487744
        },
        "2016-06": {
            "month": "2016-06",
            "price": "40.42",
            "revenue": 583410
        },
        "2016-07": {
            "month": "2016-07",
            "price": "39.54",
            "revenue": 581149
        },
        "2016-08": {
            "month": "2016-08",
            "price": "36.60",
            "revenue": 534781
        },
        "2016-09": {
            "month": "2016-09",
            "price": "35.33",
            "revenue": 587597
        },
        "2016-10": {
            "month": "2016-10",
            "price": "31.64",
            "revenue": 561212
        },
        "2016-11": {
            "month": "2016-11",
            "price": "31.09",
            "revenue": 574889
        },
        "2016-12": {
            "month": "2016-12",
            "price": "32.10",
            "revenue": 505885
        },
        "2017-01": {
            "month": "2017-01",
            "price": "32.13",
            "revenue": 388730
        },
        "2017-02": {
            "month": "2017-02",
            "price": "31.62",
            "revenue": 351579
        },
        "2017-03": {
            "month": "2017-03",
            "price": "32.14",
            "revenue": 486212
        },
        "2017-04": {
            "month": "2017-04",
            "price": "30.37",
            "revenue": 409112
        },
        "2017-05": {
            "month": "2017-05",
            "price": "29.18",
            "revenue": 531303
        },
        "2017-06": {
            "month": "2017-06",
            "price": "29.41",
            "revenue": 520471
        },
        "2017-07": {
            "month": "2017-07",
            "price": "28.07",
            "revenue": 503179
        },
        "2017-08": {
            "month": "2017-08",
            "price": "26.52",
            "revenue": 493129
        },
        "2017-09": {
            "month": "2017-09",
            "price": "27.44",
            "revenue": 570527
        },
        "2017-10": {
            "month": "2017-10",
            "price": "26.83",
            "revenue": 670910
        },
        "2017-11": {
            "month": "2017-11",
            "price": "31.28",
            "revenue": 583785
        },
        "2017-12": {
            "month": "2017-12",
            "price": "32.83",
            "revenue": 554436
        },
        "2018-01": {
            "month": "2018-01",
            "price": "32.68",
            "revenue": 593846
        },
        "2018-02": {
            "month": "2018-02",
            "price": "28.94",
            "revenue": 296597
        },
        "2018-03": {
            "month": "2018-03",
            "price": "30.45",
            "revenue": 445862
        },
        "2018-04": {
            "month": "2018-04",
            "price": "28.14",
            "revenue": 464957
        },
        "2018-05": {
            "month": "2018-05",
            "price": "26.78",
            "revenue": 632475
        },
        "2018-06": {
            "month": "2018-06",
            "price": "28.16",
            "revenue": 493926
        },
        "2018-07": {
            "month": "2018-07",
            "price": "25.60",
            "revenue": 439394
        },
        "2018-08": {
            "month": "2018-08",
            "price": "23.16",
            "revenue": 471443
        },
        "2018-09": {
            "month": "2018-09",
            "price": "21.99",
            "revenue": 430721
        },
        "2018-10": {
            "month": "2018-10",
            "price": "17.62",
            "revenue": 432237
        },
        "2018-11": {
            "month": "2018-11",
            "price": "16.01",
            "revenue": 512311
        },
        "2018-12": {
            "month": "2018-12",
            "price": "16.30",
            "revenue": 495740
        },
        "2019-01": {
            "month": "2019-01",
            "price": "15.79",
            "revenue": 463706
        },
        "2019-02": {
            "month": "2019-02",
            "price": "16.18",
            "revenue": 302707
        },
        "2019-03": {
            "month": "2019-03",
            "price": "18.29",
            "revenue": 447416
        },
        "2019-04": {
            "month": "2019-04",
            "price": "19.54",
            "revenue": 413535
        },
        "2019-05": {
            "month": "2019-05",
            "price": "17.53",
            "revenue": 394737
        },
        "2019-06": {
            "month": "2019-06",
            "price": "19.34",
            "revenue": 354914
        },
        "2019-07": {
            "month": "2019-07",
            "price": "19.00",
            "revenue": 353267
        },
        "2019-08": {
            "month": "2019-08",
            "price": "17.59",
            "revenue": 362367
        },
        "2019-09": {
            "month": "2019-09",
            "price": "17.74",
            "revenue": 298159
        },
        "2019-10": {
            "month": "2019-10",
            "price": "17.53",
            "revenue": 330680
        },
        "2019-11": {
            "month": "2019-11",
            "price": "17.46",
            "revenue": 311697
        },
        "2019-12": {
            "month": "2019-12",
            "price": "17.09",
            "revenue": 307454
        },
        "2020-01": {
            "month": "2020-01",
            "price": "16.45",
            "revenue": 169365
        },
        "2020-02": {
            "month": "2020-02",
            "price": "13.99",
            "revenue": 121974
        },
        "2020-03": {
            "month": "2020-03",
            "price": "10.77",
            "revenue": 315053
        },
        "2020-04": {
            "month": "2020-04",
            "price": "10.82",
            "revenue": 276352
        },
        "2020-05": {
            "month": "2020-05",
            "price": "12.19",
            "revenue": 235839
        },
        "2020-06": {
            "month": "2020-06",
            "price": "12.56",
            "revenue": 194467
        },
        "2020-07": {
            "month": "2020-07",
            "price": "13.26",
            "revenue": 239964
        },
        "2020-08": {
            "month": "2020-08",
            "price": "12.27",
            "revenue": 298085
        },
        "2020-09": {
            "month": "2020-09",
            "price": "12.40",
            "revenue": 337286
        },
        "2020-10": {
            "month": "2020-10",
            "price": "12.25",
            "revenue": 341699
        },
        "2020-11": {
            "month": "2020-11",
            "price": "12.84",
            "revenue": 389863
        },
        "2020-12": {
            "month": "2020-12",
            "price": "14.85",
            "revenue": 390430
        },
        "2021-01": {
            "month": "2021-01",
            "price": "14.10",
            "revenue": 385536
        },
        "2021-02": {
            "month": "2021-02",
            "price": "13.45",
            "revenue": 214754
        },
        "2021-03": {
            "month": "2021-03",
            "price": "14.67",
            "revenue": 316973
        },
        "2021-04": {
            "month": "2021-04",
            "price": "16.65",
            "revenue": 317223
        },
        "2021-05": {
            "month": "2021-05",
            "price": "14.69",
            "revenue": 334198
        },
        "2021-06": {
            "month": "2021-06",
            "price": "14.82",
            "revenue": 284894
        },
        "2021-07": {
            "month": "2021-07",
            "price": "15.20",
            "revenue": 270560
        },
        "2021-08": {
            "month": "2021-08",
            "price": "14.32",
            "revenue": 284646
        },
        "2021-09": {
            "month": "2021-09",
            "price": "13.36",
            "revenue": 360255
        },
        "2021-10": {
            "month": "2021-10",
            "price": "13.03",
            "revenue": 347298
        },
        "2021-11": {
            "month": "2021-11",
            "price": "14.36",
            "revenue": 408386
        },
        "2021-12": {
            "month": "2021-12",
            "price": "16.74",
            "revenue": 346140
        },
        "2022-01": {
            "month": "2022-01",
            "price": "17.02",
            "revenue": 306393
        },
        "2022-02": {
            "month": "2022-02",
            "price": "16.41",
            "revenue": 196989
        },
        "2022-03": {
            "month": "2022-03",
            "price": "14.22",
            "revenue": 312455
        },
        "2022-04": {
            "month": "2022-04",
            "price": "13.06",
            "revenue": 183024
        },
        "2022-05": {
            "month": "2022-05",
            "price": "13.73",
            "revenue": 212520
        },
        "2022-06": {
            "month": "2022-06",
            "price": "14.01",
            "revenue": 196541
        },
        "2022-07": {
            "month": "2022-07",
            "price": "12.51",
            "revenue": 218180
        },
        "2022-08": {
            "month": "2022-08",
            "price": "13.69",
            "revenue": 255932
        },
        "2022-09": {
            "month": "2022-09",
            "price": "13.47",
            "revenue": 282791
        },
        "2022-10": {
            "month": "2022-10",
            "price": "12.02",
            "revenue": 252787
        },
        "2022-11": {
            "month": "2022-11",
            "price": "12.07",
            "revenue": 231640
        },
        "2022-12": {
            "month": "2022-12",
            "price": "12.12",
            "revenue": 243258
        },
        "2023-01": {
            "month": "2023-01",
            "price": "11.93",
            "revenue": 151770
        },
        "2023-02": {
            "month": "2023-02",
            "price": "12.18",
            "revenue": 192671
        },
        "2023-03": {
            "month": "2023-03",
            "price": "12.63",
            "revenue": 306311
        },
        "2023-04": {
            "month": "2023-04",
            "price": "13.96",
            "revenue": 223789
        },
        "2023-05": {
            "month": "2023-05",
            "price": "14.58",
            "revenue": 196124
        },
        "2023-06": {
            "month": "2023-06",
            "price": "15.31",
            "revenue": 184143
        },
        "2023-07": {
            "month": "2023-07",
            "price": "16.50",
            "revenue": 209045
        },
        "2023-08": {
            "month": "2023-08",
            "price": "15.21",
            "revenue": 259971
        }
    }
}
