{
    "summary": {
        "stock_name": "三一東林",
        "stock_id": "3609",
        "category": "電子零組件",
        "main_business": "電子式安定器加工製造買賣業務<br>電子式變壓器加工製造買賣業務<br>LED Driver 加工製造買賣業務",
        "website_url": "http://www.hepgroup.net",
        "ceo": "陳睿謙",
        "pe_ratio": -5,
        "report_year_from": 2007,
        "report_year_to": 2023,
        "age": 17,
        "eps_negative_percentage": 47,
        "eps_growth_avg": {
            "last_all": -57.2,
            "last_2y": -100,
            "last_4y": -98.63,
            "last_8y": -61.73,
            "last_12y": -69.31,
            "last_16y": null,
            "last_20y": null,
            "at_2006_last_3y": null,
            "at_2007_last_3y": null,
            "at_2008_last_3y": null,
            "at_2009_last_3y": null,
            "at_2010_last_3y": null,
            "at_2011_last_3y": null,
            "at_2012_last_3y": null,
            "at_2013_last_3y": -36.9,
            "at_2014_last_3y": -79.42,
            "at_2015_last_3y": -100,
            "at_2016_last_3y": -100,
            "at_2017_last_3y": -100,
            "at_2018_last_3y": 48.98,
            "at_2019_last_3y": -23.46,
            "at_2020_last_3y": -48.97,
            "at_2021_last_3y": -48.97,
            "at_2022_last_3y": -98.63,
            "at_2023_last_3y": -100,
            "at_2024_last_3y": -100,
            "at_2006_last_all": null,
            "at_2007_last_all": null,
            "at_2008_last_all": null,
            "at_2009_last_all": null,
            "at_2010_last_all": null,
            "at_2011_last_all": -5.36,
            "at_2012_last_all": -36.9,
            "at_2013_last_all": -36.9,
            "at_2014_last_all": -52.68,
            "at_2015_last_all": -52.68,
            "at_2016_last_all": -52.68,
            "at_2017_last_all": -52.68,
            "at_2018_last_all": -32.35,
            "at_2019_last_all": -42.94,
            "at_2020_last_all": -51.09,
            "at_2021_last_all": -51.09,
            "at_2022_last_all": -57.2,
            "at_2023_last_all": -57.2,
            "at_2024_last_all": -57.2
        },
        "latest_eps": -5.34,
        "latest_price": 28,
        "latest_roe": -37.5,
        "latest_gross_margin": 11.5,
        "latest_equity": 409863,
        "latest_revenue": 180538,
        "latest_gross_profit": 20756,
        "latest_net_income": -48327,
        "latest_debt_ratio": 67.48,
        "latest_current_ratio": 109.71,
        "latest_account_receivable_turnover_ratio": 3.18,
        "latest_inventory_turnover_ratio": 1.17,
        "latest_reinvestment_rate": null,
        "latest_research_to_sale_ratio": 3.41
    },
    "eps_dividends": {
        "2001": {
            "cash": 0,
            "stock": 0,
            "eps": 0
        },
        "2002": {
            "cash": 0,
            "stock": 0,
            "eps": 0
        },
        "2003": {
            "cash": 0,
            "stock": 0,
            "eps": 0
        },
        "2004": {
            "cash": 0,
            "stock": 0,
            "eps": 0
        },
        "2005": {
            "cash": 0,
            "stock": 0,
            "eps": 0
        },
        "2006": {
            "cash": 0,
            "stock": 0,
            "eps": 0
        },
        "2007": {
            "cash": 0,
            "stock": 0,
            "eps": 0
        },
        "2008": {
            "cash": 1,
            "stock": 1.5,
            "eps": 0
        },
        "2009": {
            "cash": 0.5,
            "stock": 0,
            "eps": 1.27
        },
        "2010": {
            "cash": 1,
            "stock": 0,
            "eps": 1.62
        },
        "2011": {
            "cash": 1.2,
            "stock": 0,
            "eps": 1
        },
        "2012": {
            "cash": 0.6,
            "stock": 0,
            "eps": -1.93
        },
        "2013": {
            "cash": 0,
            "stock": 0,
            "eps": 0.03
        },
        "2014": {
            "cash": 0,
            "stock": 0,
            "eps": -0.65
        },
        "2015": {
            "cash": 0,
            "stock": 0,
            "eps": -2.96
        },
        "2016": {
            "cash": 0,
            "stock": 0,
            "eps": -1.87
        },
        "2017": {
            "cash": 0,
            "stock": 0,
            "eps": 0.49
        },
        "2018": {
            "cash": 0.2,
            "stock": 0,
            "eps": 0.73
        },
        "2019": {
            "cash": 0.5,
            "stock": 0,
            "eps": 0.03
        },
        "2020": {
            "cash": 0,
            "stock": 0,
            "eps": -0.2
        },
        "2021": {
            "cash": 1.5,
            "stock": 0,
            "eps": 0.01
        },
        "2022": {
            "cash": 0,
            "stock": 0,
            "eps": -2.69
        },
        "2023": {
            "cash": 0,
            "stock": 0,
            "eps": -4.18
        }
    },
    "dividends": {
        "2008-04-29": {
            "cash": 1,
            "stock": 1.5
        },
        "2009-04-24": {
            "cash": 0.5,
            "stock": 0
        },
        "2010-04-28": {
            "cash": 1,
            "stock": 0
        },
        "2011-04-22": {
            "cash": 1.2,
            "stock": 0
        },
        "2012-06-28": {
            "cash": 0.6,
            "stock": 0
        },
        "2018-09-20": {
            "cash": 0.2,
            "stock": 0
        },
        "2019-09-20": {
            "cash": 0.5,
            "stock": 0
        },
        "2021-09-17": {
            "cash": 1.5,
            "stock": 0
        }
    },
    "prices": {
        "200101": "無",
        "200102": "無",
        "200103": "無",
        "200104": "無",
        "200105": "無",
        "200106": "無",
        "200107": "無",
        "200108": "無",
        "200109": "無",
        "200110": "無",
        "200111": "無",
        "200112": "無",
        "200201": "無",
        "200202": "無",
        "200203": "無",
        "200204": "無",
        "200205": "無",
        "200206": "無",
        "200207": "無",
        "200208": "無",
        "200209": "無",
        "200210": "無",
        "200211": "無",
        "200212": "無",
        "200301": "無",
        "200302": "無",
        "200303": "無",
        "200304": "無",
        "200305": "無",
        "200306": "無",
        "200307": "無",
        "200308": "無",
        "200309": "無",
        "200310": "無",
        "200311": "無",
        "200312": "無",
        "200401": "無",
        "200402": "無",
        "200403": "無",
        "200404": "無",
        "200405": "無",
        "200406": "無",
        "200407": "無",
        "200408": "無",
        "200409": "無",
        "200410": "無",
        "200411": "無",
        "200412": "無",
        "200501": "無",
        "200502": "無",
        "200503": "無",
        "200504": "無",
        "200505": "無",
        "200506": "無",
        "200507": "無",
        "200508": "無",
        "200509": "無",
        "200510": "無",
        "200511": "無",
        "200512": "無",
        "200601": "無",
        "200602": "無",
        "200603": "無",
        "200604": "無",
        "200605": "無",
        "200606": "無",
        "200607": "無",
        "200608": "無",
        "200609": "無",
        "200610": "無",
        "200611": "無",
        "200612": "無",
        "200701": "無",
        "200702": "無",
        "200703": "無",
        "200704": "無",
        "200705": "無",
        "200706": "無",
        "200707": "無",
        "200708": "無",
        "200709": "無",
        "200710": "無",
        "200711": "無",
        "200712": "無",
        "200801": "無",
        "200802": "無",
        "200803": "無",
        "200804": "57.67",
        "200805": "60.15",
        "200806": "59.30",
        "200807": "59.99",
        "200808": "55.28",
        "200809": "48.40",
        "200810": "39.82",
        "200811": "36.58",
        "200812": "35.15",
        "200901": "30.36",
        "200902": "29.00",
        "200903": "29.73",
        "200904": "29.80",
        "200905": "27.90",
        "200906": "31.18",
        "200907": "31.62",
        "200908": "32.86",
        "200909": "33.46",
        "200910": "35.21",
        "200911": "34.96",
        "200912": "32.59",
        "201001": "34.60",
        "201002": "34.56",
        "201003": "34.76",
        "201004": "36.05",
        "201005": "40.30",
        "201006": "44.70",
        "201007": "43.59",
        "201008": "41.93",
        "201009": "39.07",
        "201010": "40.43",
        "201011": "39.59",
        "201012": "38.84",
        "201101": "48.22",
        "201102": "45.26",
        "201103": "48.20",
        "201104": "45.95",
        "201105": "42.76",
        "201106": "41.79",
        "201107": "34.93",
        "201108": "27.07",
        "201109": "23.66",
        "201110": "22.61",
        "201111": "21.81",
        "201112": "21.29",
        "201201": "23.03",
        "201202": "26.32",
        "201203": "26.63",
        "201204": "22.52",
        "201205": "18.01",
        "201206": "16.68",
        "201207": "16.66",
        "201208": "17.64",
        "201209": "17.90",
        "201210": "16.23",
        "201211": "13.76",
        "201212": "13.09",
        "201301": "13.98",
        "201302": "14.10",
        "201303": "13.98",
        "201304": "13.93",
        "201305": "14.34",
        "201306": "15.25",
        "201307": "15.60",
        "201308": "15.66",
        "201309": "16.18",
        "201310": "17.36",
        "201311": "17.69",
        "201312": "18.60",
        "201401": "19.23",
        "201402": "18.79",
        "201403": "19.90",
        "201404": "21.80",
        "201405": "18.20",
        "201406": "18.00",
        "201407": "18.19",
        "201408": "17.84",
        "201409": "18.33",
        "201410": "17.48",
        "201411": "16.34",
        "201412": "16.34",
        "201501": "16.60",
        "201502": "16.86",
        "201503": "16.73",
        "201504": "15.74",
        "201505": "13.77",
        "201506": "15.14",
        "201507": "14.96",
        "201508": "13.88",
        "201509": "13.19",
        "201510": "12.99",
        "201511": "12.90",
        "201512": "12.69",
        "201601": "11.73",
        "201602": "11.72",
        "201603": "12.13",
        "201604": "12.22",
        "201605": "12.24",
        "201606": "13.19",
        "201607": "12.78",
        "201608": "15.11",
        "201609": "15.84",
        "201610": "15.59",
        "201611": "15.32",
        "201612": "14.80",
        "201701": "15.05",
        "201702": "15.70",
        "201703": "16.14",
        "201704": "16.02",
        "201705": "15.98",
        "201706": "15.66",
        "201707": "16.12",
        "201708": "15.73",
        "201709": "15.44",
        "201710": "15.14",
        "201711": "14.57",
        "201712": "13.73",
        "201801": "13.67",
        "201802": "13.14",
        "201803": "13.61",
        "201804": "13.56",
        "201805": "14.92",
        "201806": "15.08",
        "201807": "14.91",
        "201808": "14.74",
        "201809": "15.38",
        "201810": "15.30",
        "201811": "14.99",
        "201812": "14.83",
        "201901": "15.41",
        "201902": "15.47",
        "201903": "15.52",
        "201904": "17.98",
        "201905": "18.68",
        "201906": "17.92",
        "201907": "17.45",
        "201908": "17.28",
        "201909": "16.53",
        "201910": "17.21",
        "201911": "17.68",
        "201912": "18.12",
        "202001": "18.61",
        "202002": "20.52",
        "202003": "21.15",
        "202004": "20.24",
        "202005": "22.20",
        "202006": "25.06",
        "202007": "32.11",
        "202008": "26.33",
        "202009": "32.22",
        "202010": "31.87",
        "202011": "33.43",
        "202012": "32.75",
        "202101": "32.11",
        "202102": "34.72",
        "202103": "36.49",
        "202104": "35.28",
        "202105": "31.41",
        "202106": "35.80",
        "202107": "53.10",
        "202108": "48.49",
        "202109": "49.90",
        "202110": "55.37",
        "202111": "53.97",
        "202112": "51.17",
        "202201": "51.34",
        "202202": "57.60",
        "202203": "56.66",
        "202204": "54.16",
        "202205": "52.64",
        "202206": "53.97",
        "202207": "53.40",
        "202208": "51.05",
        "202209": "46.89",
        "202210": "46.74",
        "202211": "45.46",
        "202212": "49.40",
        "202301": "48.08",
        "202302": "45.63",
        "202303": "44.57",
        "202304": "42.96",
        "202305": "46.18",
        "202306": "45.66",
        "202307": "43.81",
        "202308": "44.29",
        "202309": "42.98",
        "202310": "40.86",
        "202311": "37.12",
        "202312": "33.63"
    },
    "quarters": {
        "20011": {
            "year_quarter": 20011,
            "year": 2001,
            "quarter": 1,
            "eps": null,
            "eps_growth_year": null,
            "eps_4q": null,
            "eps_4q_growth_year": null,
            "roe": null,
            "roe_4q": 0,
            "gross_profit": null,
            "gross_margin": null,
            "gross_margin_4q_avg": 0,
            "net_income": null,
            "net_income_4q": null,
            "revenue": null,
            "revenue_4q": null,
            "common_shares": null,
            "book_valuer_per_share": null,
            "book_valuer_per_share_4q_avg": 0,
            "equity": null,
            "current_ratio": null,
            "debt_ratio": null,
            "inventory_turnover_ratio": null,
            "account_receivable_turnover_ratio": null,
            "reinvestment_rate": null,
            "research_to_sale_ratio": null,
            "price_fair": 0,
            "eps_avg_yearly": 0,
            "eps_latest_yearly": 0,
            "eps_growth_yearly": 0
        },
        "20012": {
            "year_quarter": 20012,
            "year": 2001,
            "quarter": 2,
            "eps": null,
            "eps_growth_year": null,
            "eps_4q": null,
            "eps_4q_growth_year": null,
            "roe": null,
            "roe_4q": 0,
            "gross_profit": null,
            "gross_margin": null,
            "gross_margin_4q_avg": 0,
            "net_income": null,
            "net_income_4q": null,
            "revenue": null,
            "revenue_4q": null,
            "common_shares": null,
            "book_valuer_per_share": null,
            "book_valuer_per_share_4q_avg": 0,
            "equity": null,
            "current_ratio": null,
            "debt_ratio": null,
            "inventory_turnover_ratio": null,
            "account_receivable_turnover_ratio": null,
            "reinvestment_rate": null,
            "research_to_sale_ratio": null,
            "price_fair": 0,
            "eps_avg_yearly": 0,
            "eps_latest_yearly": 0,
            "eps_growth_yearly": 0
        },
        "20013": {
            "year_quarter": 20013,
            "year": 2001,
            "quarter": 3,
            "eps": null,
            "eps_growth_year": null,
            "eps_4q": null,
            "eps_4q_growth_year": null,
            "roe": null,
            "roe_4q": 0,
            "gross_profit": null,
            "gross_margin": null,
            "gross_margin_4q_avg": 0,
            "net_income": null,
            "net_income_4q": null,
            "revenue": null,
            "revenue_4q": null,
            "common_shares": null,
            "book_valuer_per_share": null,
            "book_valuer_per_share_4q_avg": 0,
            "equity": null,
            "current_ratio": null,
            "debt_ratio": null,
            "inventory_turnover_ratio": null,
            "account_receivable_turnover_ratio": null,
            "reinvestment_rate": null,
            "research_to_sale_ratio": null,
            "price_fair": 0,
            "eps_avg_yearly": 0,
            "eps_latest_yearly": 0,
            "eps_growth_yearly": 0
        },
        "20014": {
            "year_quarter": 20014,
            "year": 2001,
            "quarter": 4,
            "eps": null,
            "eps_growth_year": null,
            "eps_4q": null,
            "eps_4q_growth_year": null,
            "roe": null,
            "roe_4q": 0,
            "gross_profit": null,
            "gross_margin": null,
            "gross_margin_4q_avg": 0,
            "net_income": null,
            "net_income_4q": null,
            "revenue": null,
            "revenue_4q": null,
            "common_shares": null,
            "book_valuer_per_share": null,
            "book_valuer_per_share_4q_avg": 0,
            "equity": null,
            "current_ratio": null,
            "debt_ratio": null,
            "inventory_turnover_ratio": null,
            "account_receivable_turnover_ratio": null,
            "reinvestment_rate": null,
            "research_to_sale_ratio": null,
            "price_fair": 0,
            "eps_avg_yearly": 0,
            "eps_latest_yearly": 0,
            "eps_growth_yearly": 0
        },
        "20021": {
            "year_quarter": 20021,
            "year": 2002,
            "quarter": 1,
            "eps": null,
            "eps_growth_year": null,
            "eps_4q": null,
            "eps_4q_growth_year": null,
            "roe": null,
            "roe_4q": 0,
            "gross_profit": null,
            "gross_margin": null,
            "gross_margin_4q_avg": 0,
            "net_income": null,
            "net_income_4q": null,
            "revenue": null,
            "revenue_4q": null,
            "common_shares": null,
            "book_valuer_per_share": null,
            "book_valuer_per_share_4q_avg": 0,
            "equity": null,
            "current_ratio": null,
            "debt_ratio": null,
            "inventory_turnover_ratio": null,
            "account_receivable_turnover_ratio": null,
            "reinvestment_rate": null,
            "research_to_sale_ratio": null,
            "price_fair": 0,
            "eps_avg_yearly": 0,
            "eps_latest_yearly": 0,
            "eps_growth_yearly": 0
        },
        "20022": {
            "year_quarter": 20022,
            "year": 2002,
            "quarter": 2,
            "eps": null,
            "eps_growth_year": null,
            "eps_4q": null,
            "eps_4q_growth_year": null,
            "roe": null,
            "roe_4q": 0,
            "gross_profit": null,
            "gross_margin": null,
            "gross_margin_4q_avg": 0,
            "net_income": null,
            "net_income_4q": null,
            "revenue": null,
            "revenue_4q": null,
            "common_shares": null,
            "book_valuer_per_share": null,
            "book_valuer_per_share_4q_avg": 0,
            "equity": null,
            "current_ratio": null,
            "debt_ratio": null,
            "inventory_turnover_ratio": null,
            "account_receivable_turnover_ratio": null,
            "reinvestment_rate": null,
            "research_to_sale_ratio": null,
            "price_fair": 0,
            "eps_avg_yearly": 0,
            "eps_latest_yearly": 0,
            "eps_growth_yearly": 0
        },
        "20023": {
            "year_quarter": 20023,
            "year": 2002,
            "quarter": 3,
            "eps": null,
            "eps_growth_year": null,
            "eps_4q": null,
            "eps_4q_growth_year": null,
            "roe": null,
            "roe_4q": 0,
            "gross_profit": null,
            "gross_margin": null,
            "gross_margin_4q_avg": 0,
            "net_income": null,
            "net_income_4q": null,
            "revenue": null,
            "revenue_4q": null,
            "common_shares": null,
            "book_valuer_per_share": null,
            "book_valuer_per_share_4q_avg": 0,
            "equity": null,
            "current_ratio": null,
            "debt_ratio": null,
            "inventory_turnover_ratio": null,
            "account_receivable_turnover_ratio": null,
            "reinvestment_rate": null,
            "research_to_sale_ratio": null,
            "price_fair": 0,
            "eps_avg_yearly": 0,
            "eps_latest_yearly": 0,
            "eps_growth_yearly": 0
        },
        "20024": {
            "year_quarter": 20024,
            "year": 2002,
            "quarter": 4,
            "eps": null,
            "eps_growth_year": null,
            "eps_4q": null,
            "eps_4q_growth_year": null,
            "roe": null,
            "roe_4q": 0,
            "gross_profit": null,
            "gross_margin": null,
            "gross_margin_4q_avg": 0,
            "net_income": null,
            "net_income_4q": null,
            "revenue": null,
            "revenue_4q": null,
            "common_shares": 60000,
            "book_valuer_per_share": 10.4,
            "book_valuer_per_share_4q_avg": 2.6,
            "equity": 62389,
            "current_ratio": 286.38,
            "debt_ratio": 19.47,
            "inventory_turnover_ratio": null,
            "account_receivable_turnover_ratio": null,
            "reinvestment_rate": null,
            "research_to_sale_ratio": null,
            "price_fair": 0,
            "eps_avg_yearly": 0,
            "eps_latest_yearly": 0,
            "eps_growth_yearly": 0
        },
        "20031": {
            "year_quarter": 20031,
            "year": 2003,
            "quarter": 1,
            "eps": null,
            "eps_growth_year": null,
            "eps_4q": null,
            "eps_4q_growth_year": null,
            "roe": null,
            "roe_4q": 0,
            "gross_profit": null,
            "gross_margin": null,
            "gross_margin_4q_avg": 0,
            "net_income": null,
            "net_income_4q": null,
            "revenue": null,
            "revenue_4q": null,
            "common_shares": null,
            "book_valuer_per_share": null,
            "book_valuer_per_share_4q_avg": 2.6,
            "equity": null,
            "current_ratio": null,
            "debt_ratio": null,
            "inventory_turnover_ratio": null,
            "account_receivable_turnover_ratio": null,
            "reinvestment_rate": null,
            "research_to_sale_ratio": null,
            "price_fair": 0,
            "eps_avg_yearly": 0,
            "eps_latest_yearly": 0,
            "eps_growth_yearly": 0
        },
        "20032": {
            "year_quarter": 20032,
            "year": 2003,
            "quarter": 2,
            "eps": null,
            "eps_growth_year": null,
            "eps_4q": null,
            "eps_4q_growth_year": null,
            "roe": null,
            "roe_4q": 0,
            "gross_profit": null,
            "gross_margin": null,
            "gross_margin_4q_avg": 0,
            "net_income": null,
            "net_income_4q": null,
            "revenue": null,
            "revenue_4q": null,
            "common_shares": null,
            "book_valuer_per_share": null,
            "book_valuer_per_share_4q_avg": 2.6,
            "equity": null,
            "current_ratio": null,
            "debt_ratio": null,
            "inventory_turnover_ratio": null,
            "account_receivable_turnover_ratio": null,
            "reinvestment_rate": null,
            "research_to_sale_ratio": null,
            "price_fair": 0,
            "eps_avg_yearly": 0,
            "eps_latest_yearly": 0,
            "eps_growth_yearly": 0
        },
        "20033": {
            "year_quarter": 20033,
            "year": 2003,
            "quarter": 3,
            "eps": null,
            "eps_growth_year": null,
            "eps_4q": null,
            "eps_4q_growth_year": null,
            "roe": null,
            "roe_4q": 0,
            "gross_profit": null,
            "gross_margin": null,
            "gross_margin_4q_avg": 0,
            "net_income": null,
            "net_income_4q": null,
            "revenue": null,
            "revenue_4q": null,
            "common_shares": null,
            "book_valuer_per_share": null,
            "book_valuer_per_share_4q_avg": 2.6,
            "equity": null,
            "current_ratio": null,
            "debt_ratio": null,
            "inventory_turnover_ratio": null,
            "account_receivable_turnover_ratio": null,
            "reinvestment_rate": null,
            "research_to_sale_ratio": null,
            "price_fair": 0,
            "eps_avg_yearly": 0,
            "eps_latest_yearly": 0,
            "eps_growth_yearly": 0
        },
        "20034": {
            "year_quarter": 20034,
            "year": 2003,
            "quarter": 4,
            "eps": null,
            "eps_growth_year": null,
            "eps_4q": null,
            "eps_4q_growth_year": null,
            "roe": null,
            "roe_4q": 0,
            "gross_profit": null,
            "gross_margin": null,
            "gross_margin_4q_avg": 0,
            "net_income": null,
            "net_income_4q": null,
            "revenue": null,
            "revenue_4q": null,
            "common_shares": 61000,
            "book_valuer_per_share": 9.33,
            "book_valuer_per_share_4q_avg": 2.33,
            "equity": 56917,
            "current_ratio": 169.59,
            "debt_ratio": 37.97,
            "inventory_turnover_ratio": null,
            "account_receivable_turnover_ratio": null,
            "reinvestment_rate": null,
            "research_to_sale_ratio": null,
            "price_fair": 0,
            "eps_avg_yearly": 0,
            "eps_latest_yearly": 0,
            "eps_growth_yearly": 0
        },
        "20041": {
            "year_quarter": 20041,
            "year": 2004,
            "quarter": 1,
            "eps": null,
            "eps_growth_year": null,
            "eps_4q": null,
            "eps_4q_growth_year": null,
            "roe": null,
            "roe_4q": 0,
            "gross_profit": null,
            "gross_margin": null,
            "gross_margin_4q_avg": 0,
            "net_income": null,
            "net_income_4q": null,
            "revenue": null,
            "revenue_4q": null,
            "common_shares": null,
            "book_valuer_per_share": null,
            "book_valuer_per_share_4q_avg": 2.33,
            "equity": null,
            "current_ratio": null,
            "debt_ratio": null,
            "inventory_turnover_ratio": null,
            "account_receivable_turnover_ratio": null,
            "reinvestment_rate": null,
            "research_to_sale_ratio": null,
            "price_fair": 0,
            "eps_avg_yearly": 0,
            "eps_latest_yearly": 0,
            "eps_growth_yearly": 0
        },
        "20042": {
            "year_quarter": 20042,
            "year": 2004,
            "quarter": 2,
            "eps": null,
            "eps_growth_year": null,
            "eps_4q": null,
            "eps_4q_growth_year": null,
            "roe": null,
            "roe_4q": 0,
            "gross_profit": null,
            "gross_margin": null,
            "gross_margin_4q_avg": 0,
            "net_income": null,
            "net_income_4q": null,
            "revenue": null,
            "revenue_4q": null,
            "common_shares": null,
            "book_valuer_per_share": null,
            "book_valuer_per_share_4q_avg": 2.33,
            "equity": null,
            "current_ratio": null,
            "debt_ratio": null,
            "inventory_turnover_ratio": null,
            "account_receivable_turnover_ratio": null,
            "reinvestment_rate": null,
            "research_to_sale_ratio": null,
            "price_fair": 0,
            "eps_avg_yearly": 0,
            "eps_latest_yearly": 0,
            "eps_growth_yearly": 0
        },
        "20043": {
            "year_quarter": 20043,
            "year": 2004,
            "quarter": 3,
            "eps": null,
            "eps_growth_year": null,
            "eps_4q": null,
            "eps_4q_growth_year": null,
            "roe": null,
            "roe_4q": 0,
            "gross_profit": null,
            "gross_margin": null,
            "gross_margin_4q_avg": 0,
            "net_income": null,
            "net_income_4q": null,
            "revenue": null,
            "revenue_4q": null,
            "common_shares": null,
            "book_valuer_per_share": null,
            "book_valuer_per_share_4q_avg": 2.33,
            "equity": null,
            "current_ratio": null,
            "debt_ratio": null,
            "inventory_turnover_ratio": null,
            "account_receivable_turnover_ratio": null,
            "reinvestment_rate": null,
            "research_to_sale_ratio": null,
            "price_fair": 0,
            "eps_avg_yearly": 0,
            "eps_latest_yearly": 0,
            "eps_growth_yearly": 0
        },
        "20044": {
            "year_quarter": 20044,
            "year": 2004,
            "quarter": 4,
            "eps": null,
            "eps_growth_year": null,
            "eps_4q": null,
            "eps_4q_growth_year": null,
            "roe": null,
            "roe_4q": 0,
            "gross_profit": null,
            "gross_margin": null,
            "gross_margin_4q_avg": 0,
            "net_income": null,
            "net_income_4q": null,
            "revenue": null,
            "revenue_4q": null,
            "common_shares": 61000,
            "book_valuer_per_share": 11.18,
            "book_valuer_per_share_4q_avg": 2.8,
            "equity": 68177,
            "current_ratio": 139.3,
            "debt_ratio": 43.66,
            "inventory_turnover_ratio": null,
            "account_receivable_turnover_ratio": null,
            "reinvestment_rate": null,
            "research_to_sale_ratio": null,
            "price_fair": 0,
            "eps_avg_yearly": 0,
            "eps_latest_yearly": 0,
            "eps_growth_yearly": 0
        },
        "20051": {
            "year_quarter": 20051,
            "year": 2005,
            "quarter": 1,
            "eps": null,
            "eps_growth_year": null,
            "eps_4q": null,
            "eps_4q_growth_year": null,
            "roe": null,
            "roe_4q": 0,
            "gross_profit": null,
            "gross_margin": null,
            "gross_margin_4q_avg": 0,
            "net_income": null,
            "net_income_4q": null,
            "revenue": null,
            "revenue_4q": null,
            "common_shares": null,
            "book_valuer_per_share": null,
            "book_valuer_per_share_4q_avg": 2.8,
            "equity": null,
            "current_ratio": null,
            "debt_ratio": null,
            "inventory_turnover_ratio": null,
            "account_receivable_turnover_ratio": null,
            "reinvestment_rate": null,
            "research_to_sale_ratio": null,
            "price_fair": 0,
            "eps_avg_yearly": 0,
            "eps_latest_yearly": 0,
            "eps_growth_yearly": 0
        },
        "20052": {
            "year_quarter": 20052,
            "year": 2005,
            "quarter": 2,
            "eps": null,
            "eps_growth_year": null,
            "eps_4q": null,
            "eps_4q_growth_year": null,
            "roe": null,
            "roe_4q": 0,
            "gross_profit": null,
            "gross_margin": null,
            "gross_margin_4q_avg": 0,
            "net_income": null,
            "net_income_4q": null,
            "revenue": null,
            "revenue_4q": null,
            "common_shares": null,
            "book_valuer_per_share": null,
            "book_valuer_per_share_4q_avg": 2.8,
            "equity": null,
            "current_ratio": null,
            "debt_ratio": null,
            "inventory_turnover_ratio": null,
            "account_receivable_turnover_ratio": null,
            "reinvestment_rate": null,
            "research_to_sale_ratio": null,
            "price_fair": 0,
            "eps_avg_yearly": 0,
            "eps_latest_yearly": 0,
            "eps_growth_yearly": 0
        },
        "20053": {
            "year_quarter": 20053,
            "year": 2005,
            "quarter": 3,
            "eps": null,
            "eps_growth_year": null,
            "eps_4q": null,
            "eps_4q_growth_year": null,
            "roe": null,
            "roe_4q": 0,
            "gross_profit": null,
            "gross_margin": null,
            "gross_margin_4q_avg": 0,
            "net_income": null,
            "net_income_4q": null,
            "revenue": null,
            "revenue_4q": null,
            "common_shares": null,
            "book_valuer_per_share": null,
            "book_valuer_per_share_4q_avg": 2.8,
            "equity": null,
            "current_ratio": null,
            "debt_ratio": null,
            "inventory_turnover_ratio": null,
            "account_receivable_turnover_ratio": null,
            "reinvestment_rate": null,
            "research_to_sale_ratio": null,
            "price_fair": 0,
            "eps_avg_yearly": 0,
            "eps_latest_yearly": 0,
            "eps_growth_yearly": 0
        },
        "20054": {
            "year_quarter": 20054,
            "year": 2005,
            "quarter": 4,
            "eps": null,
            "eps_growth_year": null,
            "eps_4q": null,
            "eps_4q_growth_year": null,
            "roe": null,
            "roe_4q": 0,
            "gross_profit": null,
            "gross_margin": null,
            "gross_margin_4q_avg": 0,
            "net_income": null,
            "net_income_4q": null,
            "revenue": null,
            "revenue_4q": null,
            "common_shares": 85000,
            "book_valuer_per_share": 19.39,
            "book_valuer_per_share_4q_avg": 4.85,
            "equity": 164802,
            "current_ratio": 219.34,
            "debt_ratio": 42.68,
            "inventory_turnover_ratio": null,
            "account_receivable_turnover_ratio": null,
            "reinvestment_rate": null,
            "research_to_sale_ratio": null,
            "price_fair": 0,
            "eps_avg_yearly": 0,
            "eps_latest_yearly": 0,
            "eps_growth_yearly": 0
        },
        "20061": {
            "year_quarter": 20061,
            "year": 2006,
            "quarter": 1,
            "eps": null,
            "eps_growth_year": null,
            "eps_4q": null,
            "eps_4q_growth_year": null,
            "roe": null,
            "roe_4q": 0,
            "gross_profit": null,
            "gross_margin": null,
            "gross_margin_4q_avg": 0,
            "net_income": null,
            "net_income_4q": null,
            "revenue": null,
            "revenue_4q": null,
            "common_shares": null,
            "book_valuer_per_share": null,
            "book_valuer_per_share_4q_avg": 4.85,
            "equity": null,
            "current_ratio": null,
            "debt_ratio": null,
            "inventory_turnover_ratio": null,
            "account_receivable_turnover_ratio": null,
            "reinvestment_rate": null,
            "research_to_sale_ratio": null,
            "price_fair": 0,
            "eps_avg_yearly": 0,
            "eps_latest_yearly": 0,
            "eps_growth_yearly": 0
        },
        "20062": {
            "year_quarter": 20062,
            "year": 2006,
            "quarter": 2,
            "eps": null,
            "eps_growth_year": null,
            "eps_4q": null,
            "eps_4q_growth_year": null,
            "roe": null,
            "roe_4q": 0,
            "gross_profit": null,
            "gross_margin": null,
            "gross_margin_4q_avg": 0,
            "net_income": null,
            "net_income_4q": null,
            "revenue": null,
            "revenue_4q": null,
            "common_shares": null,
            "book_valuer_per_share": null,
            "book_valuer_per_share_4q_avg": 4.85,
            "equity": null,
            "current_ratio": null,
            "debt_ratio": null,
            "inventory_turnover_ratio": null,
            "account_receivable_turnover_ratio": null,
            "reinvestment_rate": null,
            "research_to_sale_ratio": null,
            "price_fair": 0,
            "eps_avg_yearly": 0,
            "eps_latest_yearly": 0,
            "eps_growth_yearly": 0
        },
        "20063": {
            "year_quarter": 20063,
            "year": 2006,
            "quarter": 3,
            "eps": null,
            "eps_growth_year": null,
            "eps_4q": null,
            "eps_4q_growth_year": null,
            "roe": null,
            "roe_4q": 0,
            "gross_profit": null,
            "gross_margin": null,
            "gross_margin_4q_avg": 0,
            "net_income": null,
            "net_income_4q": null,
            "revenue": null,
            "revenue_4q": null,
            "common_shares": null,
            "book_valuer_per_share": null,
            "book_valuer_per_share_4q_avg": 4.85,
            "equity": null,
            "current_ratio": null,
            "debt_ratio": null,
            "inventory_turnover_ratio": null,
            "account_receivable_turnover_ratio": null,
            "reinvestment_rate": null,
            "research_to_sale_ratio": null,
            "price_fair": 0,
            "eps_avg_yearly": 0,
            "eps_latest_yearly": 0,
            "eps_growth_yearly": 0
        },
        "20064": {
            "year_quarter": 20064,
            "year": 2006,
            "quarter": 4,
            "eps": null,
            "eps_growth_year": null,
            "eps_4q": null,
            "eps_4q_growth_year": null,
            "roe": null,
            "roe_4q": 0,
            "gross_profit": null,
            "gross_margin": null,
            "gross_margin_4q_avg": 0,
            "net_income": null,
            "net_income_4q": null,
            "revenue": null,
            "revenue_4q": null,
            "common_shares": 148740,
            "book_valuer_per_share": 16.9,
            "book_valuer_per_share_4q_avg": 4.23,
            "equity": 251363,
            "current_ratio": 201.96,
            "debt_ratio": 45.27,
            "inventory_turnover_ratio": null,
            "account_receivable_turnover_ratio": null,
            "reinvestment_rate": null,
            "research_to_sale_ratio": null,
            "price_fair": 0,
            "eps_avg_yearly": 0,
            "eps_latest_yearly": 0,
            "eps_growth_yearly": 0
        },
        "20071": {
            "year_quarter": 20071,
            "year": 2007,
            "quarter": 1,
            "eps": null,
            "eps_growth_year": null,
            "eps_4q": null,
            "eps_4q_growth_year": null,
            "roe": null,
            "roe_4q": 0,
            "gross_profit": null,
            "gross_margin": null,
            "gross_margin_4q_avg": 0,
            "net_income": null,
            "net_income_4q": null,
            "revenue": null,
            "revenue_4q": null,
            "common_shares": null,
            "book_valuer_per_share": null,
            "book_valuer_per_share_4q_avg": 4.23,
            "equity": null,
            "current_ratio": null,
            "debt_ratio": null,
            "inventory_turnover_ratio": null,
            "account_receivable_turnover_ratio": null,
            "reinvestment_rate": null,
            "research_to_sale_ratio": null,
            "price_fair": 0,
            "eps_avg_yearly": 0,
            "eps_latest_yearly": 0,
            "eps_growth_yearly": 0
        },
        "20072": {
            "year_quarter": 20072,
            "year": 2007,
            "quarter": 2,
            "eps": null,
            "eps_growth_year": null,
            "eps_4q": null,
            "eps_4q_growth_year": null,
            "roe": null,
            "roe_4q": 0,
            "gross_profit": null,
            "gross_margin": null,
            "gross_margin_4q_avg": 0,
            "net_income": null,
            "net_income_4q": null,
            "revenue": null,
            "revenue_4q": null,
            "common_shares": null,
            "book_valuer_per_share": null,
            "book_valuer_per_share_4q_avg": 4.23,
            "equity": null,
            "current_ratio": null,
            "debt_ratio": null,
            "inventory_turnover_ratio": null,
            "account_receivable_turnover_ratio": null,
            "reinvestment_rate": null,
            "research_to_sale_ratio": null,
            "price_fair": 0,
            "eps_avg_yearly": 0,
            "eps_latest_yearly": 0,
            "eps_growth_yearly": 0
        },
        "20073": {
            "year_quarter": 20073,
            "year": 2007,
            "quarter": 3,
            "eps": null,
            "eps_growth_year": null,
            "eps_4q": null,
            "eps_4q_growth_year": null,
            "roe": null,
            "roe_4q": 0,
            "gross_profit": null,
            "gross_margin": null,
            "gross_margin_4q_avg": 0,
            "net_income": null,
            "net_income_4q": null,
            "revenue": null,
            "revenue_4q": null,
            "common_shares": null,
            "book_valuer_per_share": null,
            "book_valuer_per_share_4q_avg": 4.23,
            "equity": null,
            "current_ratio": null,
            "debt_ratio": null,
            "inventory_turnover_ratio": null,
            "account_receivable_turnover_ratio": null,
            "reinvestment_rate": null,
            "research_to_sale_ratio": null,
            "price_fair": 0,
            "eps_avg_yearly": 0,
            "eps_latest_yearly": 0,
            "eps_growth_yearly": 0
        },
        "20074": {
            "year_quarter": 20074,
            "year": 2007,
            "quarter": 4,
            "eps": null,
            "eps_growth_year": null,
            "eps_4q": null,
            "eps_4q_growth_year": null,
            "roe": null,
            "roe_4q": 0,
            "gross_profit": null,
            "gross_margin": null,
            "gross_margin_4q_avg": 0,
            "net_income": null,
            "net_income_4q": null,
            "revenue": null,
            "revenue_4q": null,
            "common_shares": 228049,
            "book_valuer_per_share": 25.47,
            "book_valuer_per_share_4q_avg": 6.37,
            "equity": 581850,
            "current_ratio": 291.77,
            "debt_ratio": 27.39,
            "inventory_turnover_ratio": null,
            "account_receivable_turnover_ratio": null,
            "reinvestment_rate": null,
            "research_to_sale_ratio": null,
            "price_fair": 0,
            "eps_avg_yearly": 0,
            "eps_latest_yearly": 0,
            "eps_growth_yearly": 0
        },
        "20081": {
            "year_quarter": 20081,
            "year": 2008,
            "quarter": 1,
            "eps": null,
            "eps_growth_year": null,
            "eps_4q": null,
            "eps_4q_growth_year": null,
            "roe": null,
            "roe_4q": 0,
            "gross_profit": null,
            "gross_margin": null,
            "gross_margin_4q_avg": 0,
            "net_income": null,
            "net_income_4q": null,
            "revenue": null,
            "revenue_4q": null,
            "common_shares": null,
            "book_valuer_per_share": null,
            "book_valuer_per_share_4q_avg": 6.37,
            "equity": null,
            "current_ratio": null,
            "debt_ratio": null,
            "inventory_turnover_ratio": null,
            "account_receivable_turnover_ratio": null,
            "reinvestment_rate": null,
            "research_to_sale_ratio": null,
            "price_fair": 0,
            "eps_avg_yearly": 0,
            "eps_latest_yearly": 0,
            "eps_growth_yearly": 0
        },
        "20082": {
            "year_quarter": 20082,
            "year": 2008,
            "quarter": 2,
            "eps": null,
            "eps_growth_year": null,
            "eps_4q": null,
            "eps_4q_growth_year": null,
            "roe": null,
            "roe_4q": 0,
            "gross_profit": null,
            "gross_margin": null,
            "gross_margin_4q_avg": 0,
            "net_income": null,
            "net_income_4q": null,
            "revenue": null,
            "revenue_4q": null,
            "common_shares": null,
            "book_valuer_per_share": null,
            "book_valuer_per_share_4q_avg": 6.37,
            "equity": null,
            "current_ratio": null,
            "debt_ratio": null,
            "inventory_turnover_ratio": null,
            "account_receivable_turnover_ratio": null,
            "reinvestment_rate": null,
            "research_to_sale_ratio": null,
            "price_fair": 0,
            "eps_avg_yearly": 0,
            "eps_latest_yearly": 0,
            "eps_growth_yearly": 0
        },
        "20083": {
            "year_quarter": 20083,
            "year": 2008,
            "quarter": 3,
            "eps": null,
            "eps_growth_year": null,
            "eps_4q": null,
            "eps_4q_growth_year": null,
            "roe": null,
            "roe_4q": 0,
            "gross_profit": null,
            "gross_margin": null,
            "gross_margin_4q_avg": 0,
            "net_income": null,
            "net_income_4q": null,
            "revenue": null,
            "revenue_4q": null,
            "common_shares": null,
            "book_valuer_per_share": null,
            "book_valuer_per_share_4q_avg": 6.37,
            "equity": null,
            "current_ratio": null,
            "debt_ratio": null,
            "inventory_turnover_ratio": null,
            "account_receivable_turnover_ratio": null,
            "reinvestment_rate": null,
            "research_to_sale_ratio": null,
            "price_fair": 0,
            "eps_avg_yearly": 0,
            "eps_latest_yearly": 0,
            "eps_growth_yearly": 0
        },
        "20084": {
            "year_quarter": 20084,
            "year": 2008,
            "quarter": 4,
            "eps": null,
            "eps_growth_year": null,
            "eps_4q": null,
            "eps_4q_growth_year": null,
            "roe": null,
            "roe_4q": 0,
            "gross_profit": null,
            "gross_margin": null,
            "gross_margin_4q_avg": 0,
            "net_income": null,
            "net_income_4q": null,
            "revenue": null,
            "revenue_4q": null,
            "common_shares": 267324,
            "book_valuer_per_share": 22.45,
            "book_valuer_per_share_4q_avg": 5.61,
            "equity": 601517,
            "current_ratio": 215.3,
            "debt_ratio": 32.62,
            "inventory_turnover_ratio": null,
            "account_receivable_turnover_ratio": null,
            "reinvestment_rate": null,
            "research_to_sale_ratio": null,
            "price_fair": 0,
            "eps_avg_yearly": 0,
            "eps_latest_yearly": 0,
            "eps_growth_yearly": 0
        },
        "20091": {
            "year_quarter": 20091,
            "year": 2009,
            "quarter": 1,
            "eps": 0,
            "eps_growth_year": null,
            "eps_4q": null,
            "eps_4q_growth_year": null,
            "roe": -0.02,
            "roe_4q": -0.02,
            "gross_profit": 35257,
            "gross_margin": 31.92,
            "gross_margin_4q_avg": 7.98,
            "net_income": -102,
            "net_income_4q": null,
            "revenue": 110459,
            "revenue_4q": null,
            "common_shares": 267324,
            "book_valuer_per_share": 23.04,
            "book_valuer_per_share_4q_avg": 11.37,
            "equity": 615798,
            "current_ratio": 123.19,
            "debt_ratio": 30.74,
            "inventory_turnover_ratio": 0.61,
            "account_receivable_turnover_ratio": 1.34,
            "reinvestment_rate": null,
            "research_to_sale_ratio": null,
            "price_fair": 0,
            "eps_avg_yearly": 0,
            "eps_latest_yearly": 0,
            "eps_growth_yearly": 0
        },
        "20092": {
            "year_quarter": 20092,
            "year": 2009,
            "quarter": 2,
            "eps": 0.05,
            "eps_growth_year": null,
            "eps_4q": null,
            "eps_4q_growth_year": null,
            "roe": 0.2,
            "roe_4q": 0.18000000000000002,
            "gross_profit": 37784,
            "gross_margin": 29.46,
            "gross_margin_4q_avg": 15.35,
            "net_income": 1233,
            "net_income_4q": null,
            "revenue": 128241,
            "revenue_4q": null,
            "common_shares": 267324,
            "book_valuer_per_share": 22.32,
            "book_valuer_per_share_4q_avg": 16.95,
            "equity": 596723,
            "current_ratio": 107.59,
            "debt_ratio": 29.17,
            "inventory_turnover_ratio": 1.34,
            "account_receivable_turnover_ratio": 2.4,
            "reinvestment_rate": null,
            "research_to_sale_ratio": null,
            "price_fair": 0,
            "eps_avg_yearly": 0,
            "eps_latest_yearly": 0,
            "eps_growth_yearly": 0
        },
        "20093": {
            "year_quarter": 20093,
            "year": 2009,
            "quarter": 3,
            "eps": 0.86,
            "eps_growth_year": null,
            "eps_4q": null,
            "eps_4q_growth_year": null,
            "roe": 3.79,
            "roe_4q": 3.97,
            "gross_profit": 45836,
            "gross_margin": 24.62,
            "gross_margin_4q_avg": 21.5,
            "net_income": 22909,
            "net_income_4q": null,
            "revenue": 186160,
            "revenue_4q": null,
            "common_shares": 267324,
            "book_valuer_per_share": 22.95,
            "book_valuer_per_share_4q_avg": 22.69,
            "equity": 613377,
            "current_ratio": 99.09,
            "debt_ratio": 31.15,
            "inventory_turnover_ratio": 1.97,
            "account_receivable_turnover_ratio": 1.65,
            "reinvestment_rate": null,
            "research_to_sale_ratio": null,
            "price_fair": 120.4,
            "eps_avg_yearly": 3.44,
            "eps_latest_yearly": 3.44,
            "eps_growth_yearly": 6480
        },
        "20094": {
            "year_quarter": 20094,
            "year": 2009,
            "quarter": 4,
            "eps": 0.36,
            "eps_growth_year": null,
            "eps_4q": 1.26,
            "eps_4q_growth_year": null,
            "roe": 1.55,
            "roe_4q": 5.5200000000000005,
            "gross_profit": 45953,
            "gross_margin": 25.7,
            "gross_margin_4q_avg": 27.93,
            "net_income": 9613,
            "net_income_4q": null,
            "revenue": 178803,
            "revenue_4q": null,
            "common_shares": 267324,
            "book_valuer_per_share": 23.27,
            "book_valuer_per_share_4q_avg": 22.9,
            "equity": 625424,
            "current_ratio": 192.41,
            "debt_ratio": 32.39,
            "inventory_turnover_ratio": 1.38,
            "account_receivable_turnover_ratio": 2.62,
            "reinvestment_rate": null,
            "research_to_sale_ratio": null,
            "price_fair": 85.4,
            "eps_avg_yearly": 2.44,
            "eps_latest_yearly": 1.44,
            "eps_growth_yearly": 3123.72
        },
        "20101": {
            "year_quarter": 20101,
            "year": 2010,
            "quarter": 1,
            "eps": null,
            "eps_growth_year": null,
            "eps_4q": null,
            "eps_4q_growth_year": null,
            "roe": null,
            "roe_4q": 5.54,
            "gross_profit": 84016,
            "gross_margin": null,
            "gross_margin_4q_avg": 19.95,
            "net_income": 12170,
            "net_income_4q": null,
            "revenue": 247302,
            "revenue_4q": null,
            "common_shares": 267324,
            "book_valuer_per_share": 23.48,
            "book_valuer_per_share_4q_avg": 23.01,
            "equity": 630924,
            "current_ratio": 202.66,
            "debt_ratio": 34.98,
            "inventory_turnover_ratio": null,
            "account_receivable_turnover_ratio": null,
            "reinvestment_rate": null,
            "research_to_sale_ratio": null,
            "price_fair": 85.4,
            "eps_avg_yearly": 2.44,
            "eps_latest_yearly": 1.44,
            "eps_growth_yearly": 3123.72
        },
        "20102": {
            "year_quarter": 20102,
            "year": 2010,
            "quarter": 2,
            "eps": -0.04,
            "eps_growth_year": -173.77,
            "eps_4q": 1.18,
            "eps_4q_growth_year": null,
            "roe": -0.16,
            "roe_4q": 5.18,
            "gross_profit": 72840,
            "gross_margin": 27.5,
            "gross_margin_4q_avg": 19.46,
            "net_income": -986,
            "net_income_4q": null,
            "revenue": 264913,
            "revenue_4q": null,
            "common_shares": 267324,
            "book_valuer_per_share": 22.44,
            "book_valuer_per_share_4q_avg": 23.04,
            "equity": 602710,
            "current_ratio": 153.04,
            "debt_ratio": 43.73,
            "inventory_turnover_ratio": 1.12,
            "account_receivable_turnover_ratio": 3.01,
            "reinvestment_rate": null,
            "research_to_sale_ratio": null,
            "price_fair": 85.4,
            "eps_avg_yearly": 2.44,
            "eps_latest_yearly": 1.44,
            "eps_growth_yearly": 3123.72
        },
        "20103": {
            "year_quarter": 20103,
            "year": 2010,
            "quarter": 3,
            "eps": 0.92,
            "eps_growth_year": 6.7,
            "eps_4q": 1.24,
            "eps_4q_growth_year": null,
            "roe": 4.05,
            "roe_4q": 5.4399999999999995,
            "gross_profit": 100883,
            "gross_margin": 26.26,
            "gross_margin_4q_avg": 19.87,
            "net_income": 24906,
            "net_income_4q": null,
            "revenue": 384097,
            "revenue_4q": null,
            "common_shares": 267554,
            "book_valuer_per_share": 23.34,
            "book_valuer_per_share_4q_avg": 23.13,
            "equity": 627996,
            "current_ratio": 161.19,
            "debt_ratio": 42.99,
            "inventory_turnover_ratio": 1.28,
            "account_receivable_turnover_ratio": 1.97,
            "reinvestment_rate": null,
            "research_to_sale_ratio": 4.25,
            "price_fair": 85.4,
            "eps_avg_yearly": 2.44,
            "eps_latest_yearly": 1.44,
            "eps_growth_yearly": 3123.72
        },
        "20104": {
            "year_quarter": 20104,
            "year": 2010,
            "quarter": 4,
            "eps": 0.74,
            "eps_growth_year": 106.66,
            "eps_4q": 1.6,
            "eps_4q_growth_year": 26.79,
            "roe": 3.21,
            "roe_4q": 7.1,
            "gross_profit": 118055,
            "gross_margin": 28.91,
            "gross_margin_4q_avg": 20.67,
            "net_income": 20536,
            "net_income_4q": null,
            "revenue": 408337,
            "revenue_4q": null,
            "common_shares": 276534,
            "book_valuer_per_share": 23.43,
            "book_valuer_per_share_4q_avg": 23.17,
            "equity": 651121,
            "current_ratio": 167.48,
            "debt_ratio": 42.03,
            "inventory_turnover_ratio": 1.26,
            "account_receivable_turnover_ratio": 1.95,
            "reinvestment_rate": null,
            "research_to_sale_ratio": 3.83,
            "price_fair": 91.47,
            "eps_avg_yearly": 2.61,
            "eps_latest_yearly": 2.96,
            "eps_growth_yearly": 2056.39
        },
        "20111": {
            "year_quarter": 20111,
            "year": 2011,
            "quarter": 1,
            "eps": 0.56,
            "eps_growth_year": null,
            "eps_4q": 1.96,
            "eps_4q_growth_year": null,
            "roe": 2.47,
            "roe_4q": 9.57,
            "gross_profit": 91994,
            "gross_margin": 27.06,
            "gross_margin_4q_avg": 27.43,
            "net_income": 17744,
            "net_income_4q": null,
            "revenue": 339941,
            "revenue_4q": null,
            "common_shares": 313464,
            "book_valuer_per_share": 24.86,
            "book_valuer_per_share_4q_avg": 23.52,
            "equity": 783022,
            "current_ratio": 199.95,
            "debt_ratio": 37.53,
            "inventory_turnover_ratio": 1.03,
            "account_receivable_turnover_ratio": 1.69,
            "reinvestment_rate": null,
            "research_to_sale_ratio": 5.4,
            "price_fair": 88.2,
            "eps_avg_yearly": 2.52,
            "eps_latest_yearly": 2.24,
            "eps_growth_yearly": 1517.97
        },
        "20112": {
            "year_quarter": 20112,
            "year": 2011,
            "quarter": 2,
            "eps": 0.4,
            "eps_growth_year": null,
            "eps_4q": 2.4,
            "eps_4q_growth_year": 103.05,
            "roe": 1.65,
            "roe_4q": 11.379999999999999,
            "gross_profit": 93095,
            "gross_margin": 25.86,
            "gross_margin_4q_avg": 27.02,
            "net_income": 12685,
            "net_income_4q": null,
            "revenue": 360065,
            "revenue_4q": null,
            "common_shares": 313464,
            "book_valuer_per_share": 23.98,
            "book_valuer_per_share_4q_avg": 23.9,
            "equity": 755461,
            "current_ratio": 180.76,
            "debt_ratio": 41.7,
            "inventory_turnover_ratio": 1.09,
            "account_receivable_turnover_ratio": 1.82,
            "reinvestment_rate": null,
            "research_to_sale_ratio": 4.81,
            "price_fair": 81.76,
            "eps_avg_yearly": 2.34,
            "eps_latest_yearly": 1.6,
            "eps_growth_yearly": 1191.52
        },
        "20113": {
            "year_quarter": 20113,
            "year": 2011,
            "quarter": 3,
            "eps": 0.29,
            "eps_growth_year": -68.94,
            "eps_4q": 1.9,
            "eps_4q_growth_year": 52.99,
            "roe": 1.18,
            "roe_4q": 8.510000000000002,
            "gross_profit": 80364,
            "gross_margin": 27.09,
            "gross_margin_4q_avg": 27.23,
            "net_income": 9065,
            "net_income_4q": null,
            "revenue": 296684,
            "revenue_4q": null,
            "common_shares": 313464,
            "book_valuer_per_share": 24.83,
            "book_valuer_per_share_4q_avg": 24.28,
            "equity": 782296,
            "current_ratio": 215.59,
            "debt_ratio": 35.21,
            "inventory_turnover_ratio": 0.99,
            "account_receivable_turnover_ratio": 1.51,
            "reinvestment_rate": null,
            "research_to_sale_ratio": 5.98,
            "price_fair": 74.9,
            "eps_avg_yearly": 2.14,
            "eps_latest_yearly": 1.16,
            "eps_growth_yearly": 974.6
        },
        "20114": {
            "year_quarter": 20114,
            "year": 2011,
            "quarter": 4,
            "eps": -0.25,
            "eps_growth_year": -133.45,
            "eps_4q": 1.02,
            "eps_4q_growth_year": -36.11,
            "roe": -1.02,
            "roe_4q": 4.28,
            "gross_profit": 59365,
            "gross_margin": 28.59,
            "gross_margin_4q_avg": 27.15,
            "net_income": -7848,
            "net_income_4q": null,
            "revenue": 207656,
            "revenue_4q": null,
            "common_shares": 313464,
            "book_valuer_per_share": 24.55,
            "book_valuer_per_share_4q_avg": 24.56,
            "equity": 756387,
            "current_ratio": 208.96,
            "debt_ratio": 36.04,
            "inventory_turnover_ratio": 0.72,
            "account_receivable_turnover_ratio": 1.3,
            "reinvestment_rate": null,
            "research_to_sale_ratio": 7.93,
            "price_fair": 74.9,
            "eps_avg_yearly": 2.14,
            "eps_latest_yearly": 1.16,
            "eps_growth_yearly": 974.6
        },
        "20121": {
            "year_quarter": 20121,
            "year": 2012,
            "quarter": 1,
            "eps": -0.35,
            "eps_growth_year": -162.5,
            "eps_4q": 0.1,
            "eps_4q_growth_year": -94.72,
            "roe": -1.42,
            "roe_4q": 0.3899999999999999,
            "gross_profit": 58798,
            "gross_margin": 25.32,
            "gross_margin_4q_avg": 26.72,
            "net_income": -10588,
            "net_income_4q": null,
            "revenue": 232182,
            "revenue_4q": null,
            "common_shares": 313464,
            "book_valuer_per_share": 24.02,
            "book_valuer_per_share_4q_avg": 24.35,
            "equity": 733540,
            "current_ratio": 209.25,
            "debt_ratio": 35.82,
            "inventory_turnover_ratio": 0.89,
            "account_receivable_turnover_ratio": 1.78,
            "reinvestment_rate": null,
            "research_to_sale_ratio": 7.51,
            "price_fair": 74.9,
            "eps_avg_yearly": 2.14,
            "eps_latest_yearly": 1.16,
            "eps_growth_yearly": 974.6
        },
        "20122": {
            "year_quarter": 20122,
            "year": 2012,
            "quarter": 2,
            "eps": -0.3,
            "eps_growth_year": -176.03,
            "eps_4q": -0.61,
            "eps_4q_growth_year": -125.58,
            "roe": -1.25,
            "roe_4q": -2.51,
            "gross_profit": 54121,
            "gross_margin": 23.62,
            "gross_margin_4q_avg": 26.16,
            "net_income": -8981,
            "net_income_4q": null,
            "revenue": 229139,
            "revenue_4q": null,
            "common_shares": 313464,
            "book_valuer_per_share": 23.07,
            "book_valuer_per_share_4q_avg": 24.12,
            "equity": 704681,
            "current_ratio": 178.05,
            "debt_ratio": 41.2,
            "inventory_turnover_ratio": 0.98,
            "account_receivable_turnover_ratio": 1.74,
            "reinvestment_rate": null,
            "research_to_sale_ratio": 7.75,
            "price_fair": 74.9,
            "eps_avg_yearly": 2.14,
            "eps_latest_yearly": 1.16,
            "eps_growth_yearly": 974.6
        },
        "20123": {
            "year_quarter": 20123,
            "year": 2012,
            "quarter": 3,
            "eps": -0.32,
            "eps_growth_year": -212.63,
            "eps_4q": -1.23,
            "eps_4q_growth_year": -164.72,
            "roe": -1.38,
            "roe_4q": -5.07,
            "gross_profit": 58397,
            "gross_margin": 24.9,
            "gross_margin_4q_avg": 25.61,
            "net_income": -9660,
            "net_income_4q": null,
            "revenue": 234538,
            "revenue_4q": null,
            "common_shares": 313464,
            "book_valuer_per_share": 22.62,
            "book_valuer_per_share_4q_avg": 23.57,
            "equity": 691084,
            "current_ratio": 184.42,
            "debt_ratio": 39.55,
            "inventory_turnover_ratio": 1.01,
            "account_receivable_turnover_ratio": 1.84,
            "reinvestment_rate": null,
            "research_to_sale_ratio": 7.24,
            "price_fair": 74.9,
            "eps_avg_yearly": 2.14,
            "eps_latest_yearly": 1.16,
            "eps_growth_yearly": 974.6
        },
        "20124": {
            "year_quarter": 20124,
            "year": 2012,
            "quarter": 4,
            "eps": -0.96,
            "eps_growth_year": null,
            "eps_4q": -1.93,
            "eps_4q_growth_year": -289.74,
            "roe": -4.3,
            "roe_4q": -8.35,
            "gross_profit": 46450,
            "gross_margin": 22.74,
            "gross_margin_4q_avg": 24.15,
            "net_income": -29146,
            "net_income_4q": null,
            "revenue": 204239,
            "revenue_4q": null,
            "common_shares": 313464,
            "book_valuer_per_share": 21.75,
            "book_valuer_per_share_4q_avg": 22.87,
            "equity": 664889,
            "current_ratio": 188.49,
            "debt_ratio": 40.23,
            "inventory_turnover_ratio": 0.98,
            "account_receivable_turnover_ratio": 1.62,
            "reinvestment_rate": 793.82,
            "research_to_sale_ratio": 9.62,
            "price_fair": 74.9,
            "eps_avg_yearly": 2.14,
            "eps_latest_yearly": 1.16,
            "eps_growth_yearly": 974.6
        },
        "20131": {
            "year_quarter": 20131,
            "year": 2013,
            "quarter": 1,
            "eps": -0.28,
            "eps_growth_year": null,
            "eps_4q": -1.86,
            "eps_4q_growth_year": -1897.97,
            "roe": -1.26,
            "roe_4q": -8.19,
            "gross_profit": 54500,
            "gross_margin": 28.84,
            "gross_margin_4q_avg": 25.03,
            "net_income": -8283,
            "net_income_4q": null,
            "revenue": 188951,
            "revenue_4q": null,
            "common_shares": 313464,
            "book_valuer_per_share": 21.5,
            "book_valuer_per_share_4q_avg": 22.24,
            "equity": 653330,
            "current_ratio": 159.55,
            "debt_ratio": 41.37,
            "inventory_turnover_ratio": 0.83,
            "account_receivable_turnover_ratio": 1.52,
            "reinvestment_rate": 324.37,
            "research_to_sale_ratio": 8.34,
            "price_fair": 74.9,
            "eps_avg_yearly": 2.14,
            "eps_latest_yearly": 1.16,
            "eps_growth_yearly": 974.6
        },
        "20132": {
            "year_quarter": 20132,
            "year": 2013,
            "quarter": 2,
            "eps": 0.01,
            "eps_growth_year": null,
            "eps_4q": -1.55,
            "eps_4q_growth_year": null,
            "roe": 0.11,
            "roe_4q": -6.829999999999999,
            "gross_profit": 66923,
            "gross_margin": 28.84,
            "gross_margin_4q_avg": 26.33,
            "net_income": 728,
            "net_income_4q": null,
            "revenue": 232080,
            "revenue_4q": null,
            "common_shares": 313464,
            "book_valuer_per_share": 21.77,
            "book_valuer_per_share_4q_avg": 21.91,
            "equity": 661659,
            "current_ratio": 159.76,
            "debt_ratio": 41.64,
            "inventory_turnover_ratio": 0.98,
            "account_receivable_turnover_ratio": 1.75,
            "reinvestment_rate": 278.85,
            "research_to_sale_ratio": 7.18,
            "price_fair": 74.9,
            "eps_avg_yearly": 2.14,
            "eps_latest_yearly": 1.16,
            "eps_growth_yearly": 974.6
        },
        "20133": {
            "year_quarter": 20133,
            "year": 2013,
            "quarter": 3,
            "eps": 0,
            "eps_growth_year": null,
            "eps_4q": -1.22,
            "eps_4q_growth_year": null,
            "roe": -0.02,
            "roe_4q": -5.47,
            "gross_profit": 69966,
            "gross_margin": 30.3,
            "gross_margin_4q_avg": 27.68,
            "net_income": -154,
            "net_income_4q": null,
            "revenue": 230928,
            "revenue_4q": null,
            "common_shares": 313464,
            "book_valuer_per_share": 21.73,
            "book_valuer_per_share_4q_avg": 21.69,
            "equity": 660544,
            "current_ratio": 162.38,
            "debt_ratio": 41.02,
            "inventory_turnover_ratio": 0.97,
            "account_receivable_turnover_ratio": 1.57,
            "reinvestment_rate": 433.44,
            "research_to_sale_ratio": 7.16,
            "price_fair": 5.64,
            "eps_avg_yearly": 1.88,
            "eps_latest_yearly": 1.16,
            "eps_growth_yearly": -126.48
        },
        "20134": {
            "year_quarter": 20134,
            "year": 2013,
            "quarter": 4,
            "eps": 0.3,
            "eps_growth_year": null,
            "eps_4q": 0.04,
            "eps_4q_growth_year": null,
            "roe": 1.35,
            "roe_4q": 0.18000000000000016,
            "gross_profit": 72350,
            "gross_margin": 30.13,
            "gross_margin_4q_avg": 29.53,
            "net_income": 9049,
            "net_income_4q": null,
            "revenue": 240164,
            "revenue_4q": null,
            "common_shares": 313464,
            "book_valuer_per_share": 22.29,
            "book_valuer_per_share_4q_avg": 21.82,
            "equity": 677417,
            "current_ratio": 172.32,
            "debt_ratio": 38.79,
            "inventory_turnover_ratio": 1.08,
            "account_receivable_turnover_ratio": 1.49,
            "reinvestment_rate": -1426.63,
            "research_to_sale_ratio": 7.3,
            "price_fair": 5.97,
            "eps_avg_yearly": 1.99,
            "eps_latest_yearly": 1.16,
            "eps_growth_yearly": -99.96
        },
        "20141": {
            "year_quarter": 20141,
            "year": 2014,
            "quarter": 1,
            "eps": -0.13,
            "eps_growth_year": null,
            "eps_4q": 0.18,
            "eps_4q_growth_year": null,
            "roe": -0.6,
            "roe_4q": 0.8400000000000001,
            "gross_profit": 59682,
            "gross_margin": 28.7,
            "gross_margin_4q_avg": 29.49,
            "net_income": -4046,
            "net_income_4q": null,
            "revenue": 207929,
            "revenue_4q": null,
            "common_shares": 313464,
            "book_valuer_per_share": 22.14,
            "book_valuer_per_share_4q_avg": 21.98,
            "equity": 672931,
            "current_ratio": 164.72,
            "debt_ratio": 40.6,
            "inventory_turnover_ratio": 1,
            "account_receivable_turnover_ratio": 1.24,
            "reinvestment_rate": -237.56,
            "research_to_sale_ratio": 7.72,
            "price_fair": 5.97,
            "eps_avg_yearly": 1.99,
            "eps_latest_yearly": 1.16,
            "eps_growth_yearly": -99.96
        },
        "20142": {
            "year_quarter": 20142,
            "year": 2014,
            "quarter": 2,
            "eps": -0.07,
            "eps_growth_year": -800,
            "eps_4q": 0.1,
            "eps_4q_growth_year": null,
            "roe": -0.32,
            "roe_4q": 0.41000000000000014,
            "gross_profit": 56520,
            "gross_margin": 28.11,
            "gross_margin_4q_avg": 29.31,
            "net_income": -2148,
            "net_income_4q": null,
            "revenue": 201044,
            "revenue_4q": null,
            "common_shares": 313464,
            "book_valuer_per_share": 21.81,
            "book_valuer_per_share_4q_avg": 21.99,
            "equity": 662682,
            "current_ratio": 173.42,
            "debt_ratio": 38.03,
            "inventory_turnover_ratio": 0.96,
            "account_receivable_turnover_ratio": 1.21,
            "reinvestment_rate": -3676.5,
            "research_to_sale_ratio": 8.32,
            "price_fair": 5.97,
            "eps_avg_yearly": 1.99,
            "eps_latest_yearly": 1.16,
            "eps_growth_yearly": -99.96
        },
        "20143": {
            "year_quarter": 20143,
            "year": 2014,
            "quarter": 3,
            "eps": -0.07,
            "eps_growth_year": null,
            "eps_4q": 0.03,
            "eps_4q_growth_year": null,
            "roe": -0.31,
            "roe_4q": 0.1200000000000001,
            "gross_profit": 62583,
            "gross_margin": 28.6,
            "gross_margin_4q_avg": 28.89,
            "net_income": -2049,
            "net_income_4q": null,
            "revenue": 218811,
            "revenue_4q": null,
            "common_shares": 313464,
            "book_valuer_per_share": 21.85,
            "book_valuer_per_share_4q_avg": 22.02,
            "equity": 663978,
            "current_ratio": 174.12,
            "debt_ratio": 37.74,
            "inventory_turnover_ratio": 1.04,
            "account_receivable_turnover_ratio": 1.35,
            "reinvestment_rate": null,
            "research_to_sale_ratio": 7.22,
            "price_fair": 5.97,
            "eps_avg_yearly": 1.99,
            "eps_latest_yearly": 1.16,
            "eps_growth_yearly": -99.96
        },
        "20144": {
            "year_quarter": 20144,
            "year": 2014,
            "quarter": 4,
            "eps": -0.38,
            "eps_growth_year": -227.79,
            "eps_4q": -0.66,
            "eps_4q_growth_year": -1935.07,
            "roe": -1.75,
            "roe_4q": -2.98,
            "gross_profit": 59567,
            "gross_margin": 30.09,
            "gross_margin_4q_avg": 28.88,
            "net_income": -11665,
            "net_income_4q": null,
            "revenue": 197951,
            "revenue_4q": null,
            "common_shares": 313464,
            "book_valuer_per_share": 21.92,
            "book_valuer_per_share_4q_avg": 21.93,
            "equity": 666098,
            "current_ratio": 217.15,
            "debt_ratio": 40.8,
            "inventory_turnover_ratio": 0.91,
            "account_receivable_turnover_ratio": 1.27,
            "reinvestment_rate": null,
            "research_to_sale_ratio": 8.42,
            "price_fair": 5,
            "eps_avg_yearly": 1.67,
            "eps_latest_yearly": 1.16,
            "eps_growth_yearly": -107.19
        },
        "20151": {
            "year_quarter": 20151,
            "year": 2015,
            "quarter": 1,
            "eps": -0.18,
            "eps_growth_year": null,
            "eps_4q": -0.7,
            "eps_4q_growth_year": -481.58,
            "roe": -0.82,
            "roe_4q": -3.1999999999999997,
            "gross_profit": 56558,
            "gross_margin": 29.33,
            "gross_margin_4q_avg": 29.03,
            "net_income": -5349,
            "net_income_4q": null,
            "revenue": 192816,
            "revenue_4q": null,
            "common_shares": 303854,
            "book_valuer_per_share": 21.27,
            "book_valuer_per_share_4q_avg": 21.71,
            "equity": 646398,
            "current_ratio": 228.4,
            "debt_ratio": 42.95,
            "inventory_turnover_ratio": 0.84,
            "account_receivable_turnover_ratio": 1.32,
            "reinvestment_rate": null,
            "research_to_sale_ratio": 6.82,
            "price_fair": 4.14,
            "eps_avg_yearly": 1.38,
            "eps_latest_yearly": 1.16,
            "eps_growth_yearly": -112.14
        },
        "20152": {
            "year_quarter": 20152,
            "year": 2015,
            "quarter": 2,
            "eps": -0.25,
            "eps_growth_year": null,
            "eps_4q": -0.87,
            "eps_4q_growth_year": -994.4,
            "roe": -1.16,
            "roe_4q": -4.04,
            "gross_profit": 56671,
            "gross_margin": 27.22,
            "gross_margin_4q_avg": 28.81,
            "net_income": -7466,
            "net_income_4q": null,
            "revenue": 208174,
            "revenue_4q": null,
            "common_shares": 303854,
            "book_valuer_per_share": 21.04,
            "book_valuer_per_share_4q_avg": 21.52,
            "equity": 639469,
            "current_ratio": 216.04,
            "debt_ratio": 42.9,
            "inventory_turnover_ratio": 0.88,
            "account_receivable_turnover_ratio": 1.59,
            "reinvestment_rate": null,
            "research_to_sale_ratio": 6.27,
            "price_fair": 3.48,
            "eps_avg_yearly": 1.16,
            "eps_latest_yearly": 1.16,
            "eps_growth_yearly": -110
        },
        "20153": {
            "year_quarter": 20153,
            "year": 2015,
            "quarter": 3,
            "eps": -0.08,
            "eps_growth_year": null,
            "eps_4q": -0.88,
            "eps_4q_growth_year": -3413.12,
            "roe": -0.37,
            "roe_4q": -4.1,
            "gross_profit": 54679,
            "gross_margin": 25.88,
            "gross_margin_4q_avg": 28.13,
            "net_income": -2389,
            "net_income_4q": null,
            "revenue": 211240,
            "revenue_4q": null,
            "common_shares": 303854,
            "book_valuer_per_share": 21.44,
            "book_valuer_per_share_4q_avg": 21.42,
            "equity": 651481,
            "current_ratio": 231.07,
            "debt_ratio": 41.25,
            "inventory_turnover_ratio": 0.95,
            "account_receivable_turnover_ratio": 1.63,
            "reinvestment_rate": null,
            "research_to_sale_ratio": 5.93,
            "price_fair": 0,
            "eps_avg_yearly": 0,
            "eps_latest_yearly": 0,
            "eps_growth_yearly": 0
        },
        "20154": {
            "year_quarter": 20154,
            "year": 2015,
            "quarter": 4,
            "eps": -2.45,
            "eps_growth_year": null,
            "eps_4q": -2.95,
            "eps_4q_growth_year": null,
            "roe": -12.12,
            "roe_4q": -14.469999999999999,
            "gross_profit": 37650,
            "gross_margin": 20.68,
            "gross_margin_4q_avg": 25.78,
            "net_income": -74358,
            "net_income_4q": null,
            "revenue": 182025,
            "revenue_4q": null,
            "common_shares": 303854,
            "book_valuer_per_share": 18.94,
            "book_valuer_per_share_4q_avg": 20.67,
            "equity": 575639,
            "current_ratio": 134.09,
            "debt_ratio": 44.77,
            "inventory_turnover_ratio": 1,
            "account_receivable_turnover_ratio": 1.56,
            "reinvestment_rate": null,
            "research_to_sale_ratio": 5.94,
            "price_fair": 0,
            "eps_avg_yearly": 0,
            "eps_latest_yearly": 0,
            "eps_growth_yearly": 0
        },
        "20161": {
            "year_quarter": 20161,
            "year": 2016,
            "quarter": 1,
            "eps": -0.41,
            "eps_growth_year": null,
            "eps_4q": -3.19,
            "eps_4q_growth_year": null,
            "roe": -2.23,
            "roe_4q": -15.879999999999999,
            "gross_profit": 46130,
            "gross_margin": 27.32,
            "gross_margin_4q_avg": 25.28,
            "net_income": -12601,
            "net_income_4q": null,
            "revenue": 168863,
            "revenue_4q": null,
            "common_shares": 303854,
            "book_valuer_per_share": 18.23,
            "book_valuer_per_share_4q_avg": 19.91,
            "equity": 553972,
            "current_ratio": 132.98,
            "debt_ratio": 43.27,
            "inventory_turnover_ratio": 0.99,
            "account_receivable_turnover_ratio": 1.75,
            "reinvestment_rate": null,
            "research_to_sale_ratio": 6.25,
            "price_fair": 0,
            "eps_avg_yearly": 0,
            "eps_latest_yearly": 0,
            "eps_growth_yearly": 0
        },
        "20162": {
            "year_quarter": 20162,
            "year": 2016,
            "quarter": 2,
            "eps": 0.33,
            "eps_growth_year": null,
            "eps_4q": -2.61,
            "eps_4q_growth_year": null,
            "roe": 1.8,
            "roe_4q": -12.919999999999998,
            "gross_profit": 70203,
            "gross_margin": 31.48,
            "gross_margin_4q_avg": 26.34,
            "net_income": 10025,
            "net_income_4q": null,
            "revenue": 223035,
            "revenue_4q": null,
            "common_shares": 303854,
            "book_valuer_per_share": 18.35,
            "book_valuer_per_share_4q_avg": 19.24,
            "equity": 556842,
            "current_ratio": 148.12,
            "debt_ratio": 47.13,
            "inventory_turnover_ratio": 1.41,
            "account_receivable_turnover_ratio": 1.9,
            "reinvestment_rate": null,
            "research_to_sale_ratio": 5.41,
            "price_fair": 0,
            "eps_avg_yearly": 0,
            "eps_latest_yearly": 0,
            "eps_growth_yearly": 0
        },
        "20163": {
            "year_quarter": 20163,
            "year": 2016,
            "quarter": 3,
            "eps": -0.03,
            "eps_growth_year": null,
            "eps_4q": -2.57,
            "eps_4q_growth_year": null,
            "roe": -0.18,
            "roe_4q": -12.729999999999999,
            "gross_profit": 57307,
            "gross_margin": 31.71,
            "gross_margin_4q_avg": 27.8,
            "net_income": -986,
            "net_income_4q": null,
            "revenue": 180700,
            "revenue_4q": null,
            "common_shares": 303394,
            "book_valuer_per_share": 18.08,
            "book_valuer_per_share_4q_avg": 18.4,
            "equity": 548417,
            "current_ratio": 153.75,
            "debt_ratio": 43.77,
            "inventory_turnover_ratio": 1.28,
            "account_receivable_turnover_ratio": 1.5,
            "reinvestment_rate": null,
            "research_to_sale_ratio": 6.83,
            "price_fair": 0,
            "eps_avg_yearly": 0,
            "eps_latest_yearly": 0,
            "eps_growth_yearly": 0
        },
        "20164": {
            "year_quarter": 20164,
            "year": 2016,
            "quarter": 4,
            "eps": -1.76,
            "eps_growth_year": null,
            "eps_4q": -1.88,
            "eps_4q_growth_year": null,
            "roe": -10.32,
            "roe_4q": -10.93,
            "gross_profit": 48687,
            "gross_margin": 27.57,
            "gross_margin_4q_avg": 29.52,
            "net_income": -53526,
            "net_income_4q": null,
            "revenue": 176603,
            "revenue_4q": null,
            "common_shares": 303394,
            "book_valuer_per_share": 16.13,
            "book_valuer_per_share_4q_avg": 17.7,
            "equity": 489347,
            "current_ratio": 139.23,
            "debt_ratio": 46.27,
            "inventory_turnover_ratio": 1.45,
            "account_receivable_turnover_ratio": 1.74,
            "reinvestment_rate": null,
            "research_to_sale_ratio": 7.77,
            "price_fair": 0,
            "eps_avg_yearly": 0,
            "eps_latest_yearly": 0,
            "eps_growth_yearly": 0
        },
        "20171": {
            "year_quarter": 20171,
            "year": 2017,
            "quarter": 1,
            "eps": 0.01,
            "eps_growth_year": null,
            "eps_4q": -1.45,
            "eps_4q_growth_year": null,
            "roe": 0.08,
            "roe_4q": -8.62,
            "gross_profit": 60561,
            "gross_margin": 34.06,
            "gross_margin_4q_avg": 31.21,
            "net_income": 377,
            "net_income_4q": null,
            "revenue": 177783,
            "revenue_4q": null,
            "common_shares": 303394,
            "book_valuer_per_share": 15.76,
            "book_valuer_per_share_4q_avg": 17.08,
            "equity": 478040,
            "current_ratio": 138,
            "debt_ratio": 45.56,
            "inventory_turnover_ratio": 1.51,
            "account_receivable_turnover_ratio": 1.81,
            "reinvestment_rate": null,
            "research_to_sale_ratio": 8.25,
            "price_fair": 0,
            "eps_avg_yearly": 0,
            "eps_latest_yearly": 0,
            "eps_growth_yearly": 0
        },
        "20172": {
            "year_quarter": 20172,
            "year": 2017,
            "quarter": 2,
            "eps": 0.29,
            "eps_growth_year": -12.12,
            "eps_4q": -1.49,
            "eps_4q_growth_year": null,
            "roe": 1.81,
            "roe_4q": -8.61,
            "gross_profit": 67057,
            "gross_margin": 35.29,
            "gross_margin_4q_avg": 32.16,
            "net_income": 8795,
            "net_income_4q": null,
            "revenue": 189995,
            "revenue_4q": null,
            "common_shares": 303394,
            "book_valuer_per_share": 16.28,
            "book_valuer_per_share_4q_avg": 16.56,
            "equity": 493936,
            "current_ratio": 138.65,
            "debt_ratio": 46.45,
            "inventory_turnover_ratio": 1.61,
            "account_receivable_turnover_ratio": 1.87,
            "reinvestment_rate": null,
            "research_to_sale_ratio": 6.58,
            "price_fair": 40.6,
            "eps_avg_yearly": 1.16,
            "eps_latest_yearly": 1.16,
            "eps_growth_yearly": 11200
        },
        "20173": {
            "year_quarter": 20173,
            "year": 2017,
            "quarter": 3,
            "eps": 0.14,
            "eps_growth_year": null,
            "eps_4q": -1.33,
            "eps_4q_growth_year": null,
            "roe": 0.83,
            "roe_4q": -7.6,
            "gross_profit": 61589,
            "gross_margin": 33.47,
            "gross_margin_4q_avg": 32.6,
            "net_income": 4118,
            "net_income_4q": null,
            "revenue": 184026,
            "revenue_4q": null,
            "common_shares": 303394,
            "book_valuer_per_share": 16.56,
            "book_valuer_per_share_4q_avg": 16.18,
            "equity": 502426,
            "current_ratio": 143.03,
            "debt_ratio": 44.95,
            "inventory_turnover_ratio": 1.44,
            "account_receivable_turnover_ratio": 1.76,
            "reinvestment_rate": null,
            "research_to_sale_ratio": 6.81,
            "price_fair": 30.1,
            "eps_avg_yearly": 0.86,
            "eps_latest_yearly": 0.56,
            "eps_growth_yearly": 5496.55
        },
        "20174": {
            "year_quarter": 20174,
            "year": 2017,
            "quarter": 4,
            "eps": 0.05,
            "eps_growth_year": null,
            "eps_4q": 0.49,
            "eps_4q_growth_year": null,
            "roe": 0.3,
            "roe_4q": 3.02,
            "gross_profit": 52302,
            "gross_margin": 35.7,
            "gross_margin_4q_avg": 34.63,
            "net_income": 1517,
            "net_income_4q": null,
            "revenue": 146499,
            "revenue_4q": null,
            "common_shares": 303394,
            "book_valuer_per_share": 16.68,
            "book_valuer_per_share_4q_avg": 16.32,
            "equity": 505932,
            "current_ratio": 154.49,
            "debt_ratio": 40.46,
            "inventory_turnover_ratio": 1.02,
            "account_receivable_turnover_ratio": 1.58,
            "reinvestment_rate": null,
            "research_to_sale_ratio": 6.91,
            "price_fair": 22.4,
            "eps_avg_yearly": 0.64,
            "eps_latest_yearly": 0.2,
            "eps_growth_yearly": 3578.65
        },
        "20181": {
            "year_quarter": 20181,
            "year": 2018,
            "quarter": 1,
            "eps": 0.14,
            "eps_growth_year": 1300,
            "eps_4q": 0.61,
            "eps_4q_growth_year": null,
            "roe": 0.82,
            "roe_4q": 3.76,
            "gross_profit": 52400,
            "gross_margin": 35.92,
            "gross_margin_4q_avg": 35.1,
            "net_income": 4190,
            "net_income_4q": null,
            "revenue": 145898,
            "revenue_4q": null,
            "common_shares": 303394,
            "book_valuer_per_share": 16.98,
            "book_valuer_per_share_4q_avg": 16.63,
            "equity": 515206,
            "current_ratio": 182.44,
            "debt_ratio": 38.01,
            "inventory_turnover_ratio": 1,
            "account_receivable_turnover_ratio": 1.67,
            "reinvestment_rate": null,
            "research_to_sale_ratio": 8.22,
            "price_fair": 21.7,
            "eps_avg_yearly": 0.62,
            "eps_latest_yearly": 0.56,
            "eps_growth_yearly": 2863.99
        },
        "20182": {
            "year_quarter": 20182,
            "year": 2018,
            "quarter": 2,
            "eps": 0.34,
            "eps_growth_year": 17.24,
            "eps_4q": 0.66,
            "eps_4q_growth_year": null,
            "roe": 1.97,
            "roe_4q": 3.92,
            "gross_profit": 56008,
            "gross_margin": 33.58,
            "gross_margin_4q_avg": 34.67,
            "net_income": 10194,
            "net_income_4q": null,
            "revenue": 166811,
            "revenue_4q": null,
            "common_shares": 303394,
            "book_valuer_per_share": 17.15,
            "book_valuer_per_share_4q_avg": 16.84,
            "equity": 520307,
            "current_ratio": 170.36,
            "debt_ratio": 42.42,
            "inventory_turnover_ratio": 1.14,
            "account_receivable_turnover_ratio": 1.78,
            "reinvestment_rate": null,
            "research_to_sale_ratio": 7.06,
            "price_fair": 26.88,
            "eps_avg_yearly": 0.77,
            "eps_latest_yearly": 1.36,
            "eps_growth_yearly": 2405.48
        },
        "20183": {
            "year_quarter": 20183,
            "year": 2018,
            "quarter": 3,
            "eps": 0.21,
            "eps_growth_year": 50,
            "eps_4q": 0.73,
            "eps_4q_growth_year": null,
            "roe": 1.21,
            "roe_4q": 4.3,
            "gross_profit": 48796,
            "gross_margin": 31.07,
            "gross_margin_4q_avg": 34.07,
            "net_income": 6240,
            "net_income_4q": null,
            "revenue": 157047,
            "revenue_4q": null,
            "common_shares": 303394,
            "book_valuer_per_share": 16.92,
            "book_valuer_per_share_4q_avg": 16.93,
            "equity": 513480,
            "current_ratio": 176.23,
            "debt_ratio": 40.45,
            "inventory_turnover_ratio": 1.04,
            "account_receivable_turnover_ratio": 1.57,
            "reinvestment_rate": null,
            "research_to_sale_ratio": 7.04,
            "price_fair": 27.3,
            "eps_avg_yearly": 0.78,
            "eps_latest_yearly": 0.84,
            "eps_growth_yearly": 1979.07
        },
        "20184": {
            "year_quarter": 20184,
            "year": 2018,
            "quarter": 4,
            "eps": 0.04,
            "eps_growth_year": -16.22,
            "eps_4q": 0.72,
            "eps_4q_growth_year": 47.87,
            "roe": 0.25,
            "roe_4q": 4.25,
            "gross_profit": 42956,
            "gross_margin": 30.63,
            "gross_margin_4q_avg": 32.8,
            "net_income": 1271,
            "net_income_4q": null,
            "revenue": 140251,
            "revenue_4q": null,
            "common_shares": 303394,
            "book_valuer_per_share": 16.95,
            "book_valuer_per_share_4q_avg": 17,
            "equity": 514283,
            "current_ratio": 186.99,
            "debt_ratio": 37.12,
            "inventory_turnover_ratio": 0.94,
            "account_receivable_turnover_ratio": 1.48,
            "reinvestment_rate": null,
            "research_to_sale_ratio": 7.25,
            "price_fair": 24.2,
            "eps_avg_yearly": 0.69,
            "eps_latest_yearly": 0.16,
            "eps_growth_yearly": 1650.09
        },
        "20191": {
            "year_quarter": 20191,
            "year": 2019,
            "quarter": 1,
            "eps": 0.13,
            "eps_growth_year": -7.14,
            "eps_4q": 0.71,
            "eps_4q_growth_year": 15.63,
            "roe": 0.74,
            "roe_4q": 4.17,
            "gross_profit": 45524,
            "gross_margin": 30.39,
            "gross_margin_4q_avg": 31.42,
            "net_income": 3825,
            "net_income_4q": null,
            "revenue": 149788,
            "revenue_4q": null,
            "common_shares": 303394,
            "book_valuer_per_share": 17.12,
            "book_valuer_per_share_4q_avg": 17.04,
            "equity": 519476,
            "current_ratio": 181.88,
            "debt_ratio": 37.75,
            "inventory_turnover_ratio": 1.05,
            "account_receivable_turnover_ratio": 1.91,
            "reinvestment_rate": null,
            "research_to_sale_ratio": 6.17,
            "price_fair": 23.45,
            "eps_avg_yearly": 0.67,
            "eps_latest_yearly": 0.52,
            "eps_growth_yearly": 1556.33
        },
        "20192": {
            "year_quarter": 20192,
            "year": 2019,
            "quarter": 2,
            "eps": 0.05,
            "eps_growth_year": -85.29,
            "eps_4q": 0.43,
            "eps_4q_growth_year": -35.17,
            "roe": 0.32,
            "roe_4q": 2.52,
            "gross_profit": 40894,
            "gross_margin": 28.09,
            "gross_margin_4q_avg": 30.05,
            "net_income": 1642,
            "net_income_4q": null,
            "revenue": 145590,
            "revenue_4q": null,
            "common_shares": 303394,
            "book_valuer_per_share": 16.67,
            "book_valuer_per_share_4q_avg": 16.92,
            "equity": 505678,
            "current_ratio": 186.26,
            "debt_ratio": 36.18,
            "inventory_turnover_ratio": 1.15,
            "account_receivable_turnover_ratio": 1.96,
            "reinvestment_rate": null,
            "research_to_sale_ratio": 6.37,
            "price_fair": 21.62,
            "eps_avg_yearly": 0.62,
            "eps_latest_yearly": 0.2,
            "eps_growth_yearly": 1356.05
        },
        "20193": {
            "year_quarter": 20193,
            "year": 2019,
            "quarter": 3,
            "eps": -0.08,
            "eps_growth_year": -138.1,
            "eps_4q": 0.15,
            "eps_4q_growth_year": -80.07,
            "roe": -0.46,
            "roe_4q": 0.85,
            "gross_profit": 39214,
            "gross_margin": 27.74,
            "gross_margin_4q_avg": 29.21,
            "net_income": -2326,
            "net_income_4q": null,
            "revenue": 141355,
            "revenue_4q": null,
            "common_shares": 303394,
            "book_valuer_per_share": 16.4,
            "book_valuer_per_share_4q_avg": 16.79,
            "equity": 497535,
            "current_ratio": 195.12,
            "debt_ratio": 34.55,
            "inventory_turnover_ratio": 1.25,
            "account_receivable_turnover_ratio": 1.77,
            "reinvestment_rate": null,
            "research_to_sale_ratio": 6.17,
            "price_fair": 21.62,
            "eps_avg_yearly": 0.62,
            "eps_latest_yearly": 0.2,
            "eps_growth_yearly": 1356.05
        },
        "20194": {
            "year_quarter": 20194,
            "year": 2019,
            "quarter": 4,
            "eps": -0.07,
            "eps_growth_year": -277.18,
            "eps_4q": 0.03,
            "eps_4q_growth_year": -95.94,
            "roe": -0.45,
            "roe_4q": 0.1499999999999999,
            "gross_profit": 44790,
            "gross_margin": 32.85,
            "gross_margin_4q_avg": 29.77,
            "net_income": -2252,
            "net_income_4q": null,
            "revenue": 136330,
            "revenue_4q": null,
            "common_shares": 303394,
            "book_valuer_per_share": 16.29,
            "book_valuer_per_share_4q_avg": 16.62,
            "equity": 494173,
            "current_ratio": 204.17,
            "debt_ratio": 32.44,
            "inventory_turnover_ratio": 1.16,
            "account_receivable_turnover_ratio": 1.7,
            "reinvestment_rate": null,
            "research_to_sale_ratio": 6.8,
            "price_fair": 21.62,
            "eps_avg_yearly": 0.62,
            "eps_latest_yearly": 0.2,
            "eps_growth_yearly": 1356.05
        },
        "20201": {
            "year_quarter": 20201,
            "year": 2020,
            "quarter": 1,
            "eps": 0.04,
            "eps_growth_year": -69.23,
            "eps_4q": -0.05,
            "eps_4q_growth_year": -107.36,
            "roe": 0.27,
            "roe_4q": -0.32,
            "gross_profit": 31605,
            "gross_margin": 32.76,
            "gross_margin_4q_avg": 30.36,
            "net_income": 1352,
            "net_income_4q": null,
            "revenue": 96486,
            "revenue_4q": null,
            "common_shares": 303394,
            "book_valuer_per_share": 16.29,
            "book_valuer_per_share_4q_avg": 16.41,
            "equity": 494155,
            "current_ratio": 206.36,
            "debt_ratio": 32.52,
            "inventory_turnover_ratio": 0.81,
            "account_receivable_turnover_ratio": 1.55,
            "reinvestment_rate": null,
            "research_to_sale_ratio": 9.43,
            "price_fair": 21.62,
            "eps_avg_yearly": 0.62,
            "eps_latest_yearly": 0.2,
            "eps_growth_yearly": 1356.05
        },
        "20202": {
            "year_quarter": 20202,
            "year": 2020,
            "quarter": 2,
            "eps": 0.1,
            "eps_growth_year": 100,
            "eps_4q": -0,
            "eps_4q_growth_year": -100.15,
            "roe": 0.64,
            "roe_4q": 0,
            "gross_profit": 41519,
            "gross_margin": 32.71,
            "gross_margin_4q_avg": 31.52,
            "net_income": 3206,
            "net_income_4q": null,
            "revenue": 126930,
            "revenue_4q": null,
            "common_shares": 306794,
            "book_valuer_per_share": 16.33,
            "book_valuer_per_share_4q_avg": 16.33,
            "equity": 500973,
            "current_ratio": 196.31,
            "debt_ratio": 34.65,
            "inventory_turnover_ratio": 1.03,
            "account_receivable_turnover_ratio": 2.26,
            "reinvestment_rate": null,
            "research_to_sale_ratio": 7.39,
            "price_fair": 20.86,
            "eps_avg_yearly": 0.6,
            "eps_latest_yearly": 0.4,
            "eps_growth_yearly": 1280.45
        },
        "20203": {
            "year_quarter": 20203,
            "year": 2020,
            "quarter": 3,
            "eps": -0.18,
            "eps_growth_year": null,
            "eps_4q": -0.1,
            "eps_4q_growth_year": -169.82,
            "roe": -1.09,
            "roe_4q": -0.6300000000000001,
            "gross_profit": 43654,
            "gross_margin": 35.29,
            "gross_margin_4q_avg": 33.4,
            "net_income": -5421,
            "net_income_4q": null,
            "revenue": 123694,
            "revenue_4q": null,
            "common_shares": 306794,
            "book_valuer_per_share": 16.23,
            "book_valuer_per_share_4q_avg": 16.29,
            "equity": 497775,
            "current_ratio": 209.24,
            "debt_ratio": 31.84,
            "inventory_turnover_ratio": 0.97,
            "account_receivable_turnover_ratio": 1.9,
            "reinvestment_rate": null,
            "research_to_sale_ratio": 7.1,
            "price_fair": 20.86,
            "eps_avg_yearly": 0.6,
            "eps_latest_yearly": 0.4,
            "eps_growth_yearly": 1280.45
        },
        "20204": {
            "year_quarter": 20204,
            "year": 2020,
            "quarter": 4,
            "eps": -0.16,
            "eps_growth_year": null,
            "eps_4q": -0.19,
            "eps_4q_growth_year": -758.87,
            "roe": -1.02,
            "roe_4q": -1.2000000000000002,
            "gross_profit": 38447,
            "gross_margin": 32.94,
            "gross_margin_4q_avg": 33.43,
            "net_income": -5060,
            "net_income_4q": null,
            "revenue": 116704,
            "revenue_4q": null,
            "common_shares": 306794,
            "book_valuer_per_share": 16.16,
            "book_valuer_per_share_4q_avg": 16.25,
            "equity": 495749,
            "current_ratio": 285.04,
            "debt_ratio": 22.33,
            "inventory_turnover_ratio": 0.94,
            "account_receivable_turnover_ratio": 1.8,
            "reinvestment_rate": -130.6,
            "research_to_sale_ratio": 6.85,
            "price_fair": 20.86,
            "eps_avg_yearly": 0.6,
            "eps_latest_yearly": 0.4,
            "eps_growth_yearly": 1280.45
        },
        "20211": {
            "year_quarter": 20211,
            "year": 2021,
            "quarter": 1,
            "eps": -0.24,
            "eps_growth_year": -700,
            "eps_4q": -0.47,
            "eps_4q_growth_year": null,
            "roe": -1.48,
            "roe_4q": -2.9499999999999997,
            "gross_profit": 38063,
            "gross_margin": 33.29,
            "gross_margin_4q_avg": 33.56,
            "net_income": -7279,
            "net_income_4q": null,
            "revenue": 114325,
            "revenue_4q": null,
            "common_shares": 306794,
            "book_valuer_per_share": 15.84,
            "book_valuer_per_share_4q_avg": 16.14,
            "equity": 485899,
            "current_ratio": 256.38,
            "debt_ratio": 25.12,
            "inventory_turnover_ratio": 0.8,
            "account_receivable_turnover_ratio": 1.99,
            "reinvestment_rate": -155.77,
            "research_to_sale_ratio": 9.43,
            "price_fair": 20.86,
            "eps_avg_yearly": 0.6,
            "eps_latest_yearly": 0.4,
            "eps_growth_yearly": 1280.45
        },
        "20212": {
            "year_quarter": 20212,
            "year": 2021,
            "quarter": 2,
            "eps": 0.06,
            "eps_growth_year": -40,
            "eps_4q": -0.52,
            "eps_4q_growth_year": null,
            "roe": 0.35,
            "roe_4q": -3.24,
            "gross_profit": 46277,
            "gross_margin": 24.56,
            "gross_margin_4q_avg": 31.52,
            "net_income": 1707,
            "net_income_4q": null,
            "revenue": 188389,
            "revenue_4q": null,
            "common_shares": 306794,
            "book_valuer_per_share": 15.86,
            "book_valuer_per_share_4q_avg": 16.02,
            "equity": 486554,
            "current_ratio": 205.73,
            "debt_ratio": 29.4,
            "inventory_turnover_ratio": 1.26,
            "account_receivable_turnover_ratio": 2.57,
            "reinvestment_rate": -127.4,
            "research_to_sale_ratio": 5.19,
            "price_fair": 18.67,
            "eps_avg_yearly": 0.53,
            "eps_latest_yearly": 0.4,
            "eps_growth_yearly": 178.28
        },
        "20213": {
            "year_quarter": 20213,
            "year": 2021,
            "quarter": 3,
            "eps": 0.08,
            "eps_growth_year": null,
            "eps_4q": -0.27,
            "eps_4q_growth_year": null,
            "roe": 0.52,
            "roe_4q": -1.63,
            "gross_profit": 51611,
            "gross_margin": 21.36,
            "gross_margin_4q_avg": 28.04,
            "net_income": 2431,
            "net_income_4q": null,
            "revenue": 241578,
            "revenue_4q": null,
            "common_shares": 306794,
            "book_valuer_per_share": 14.4,
            "book_valuer_per_share_4q_avg": 15.57,
            "equity": 441814,
            "current_ratio": 139.12,
            "debt_ratio": 47.63,
            "inventory_turnover_ratio": 1.35,
            "account_receivable_turnover_ratio": 2.58,
            "reinvestment_rate": -140.3,
            "research_to_sale_ratio": 3.16,
            "price_fair": 17.73,
            "eps_avg_yearly": 0.51,
            "eps_latest_yearly": 0.32,
            "eps_growth_yearly": 216.08
        },
        "20214": {
            "year_quarter": 20214,
            "year": 2021,
            "quarter": 4,
            "eps": 0.11,
            "eps_growth_year": null,
            "eps_4q": 0.01,
            "eps_4q_growth_year": null,
            "roe": 0.74,
            "roe_4q": 0.1299999999999999,
            "gross_profit": 58331,
            "gross_margin": 21.77,
            "gross_margin_4q_avg": 25.25,
            "net_income": 3298,
            "net_income_4q": null,
            "revenue": 267944,
            "revenue_4q": null,
            "common_shares": 306794,
            "book_valuer_per_share": 14.48,
            "book_valuer_per_share_4q_avg": 15.15,
            "equity": 444287,
            "current_ratio": 129.17,
            "debt_ratio": 53.15,
            "inventory_turnover_ratio": 1.31,
            "account_receivable_turnover_ratio": 2.73,
            "reinvestment_rate": -112.52,
            "research_to_sale_ratio": 3.69,
            "price_fair": 18.67,
            "eps_avg_yearly": 0.53,
            "eps_latest_yearly": 0.44,
            "eps_growth_yearly": 261.32
        },
        "20221": {
            "year_quarter": 20221,
            "year": 2022,
            "quarter": 1,
            "eps": -0.23,
            "eps_growth_year": null,
            "eps_4q": 0.01,
            "eps_4q_growth_year": null,
            "roe": -1.63,
            "roe_4q": -0.019999999999999907,
            "gross_profit": 49738,
            "gross_margin": 20.95,
            "gross_margin_4q_avg": 22.16,
            "net_income": -7201,
            "net_income_4q": null,
            "revenue": 237463,
            "revenue_4q": null,
            "common_shares": 306794,
            "book_valuer_per_share": 14.39,
            "book_valuer_per_share_4q_avg": 14.78,
            "equity": 441467,
            "current_ratio": 120.28,
            "debt_ratio": 57.83,
            "inventory_turnover_ratio": 0.99,
            "account_receivable_turnover_ratio": 2.43,
            "reinvestment_rate": -155.41,
            "research_to_sale_ratio": 5.98,
            "price_fair": 18.55,
            "eps_avg_yearly": 0.53,
            "eps_latest_yearly": 0.44,
            "eps_growth_yearly": 203.98
        },
        "20222": {
            "year_quarter": 20222,
            "year": 2022,
            "quarter": 2,
            "eps": -0.6,
            "eps_growth_year": -1100,
            "eps_4q": -0.65,
            "eps_4q_growth_year": null,
            "roe": -4.27,
            "roe_4q": -4.639999999999999,
            "gross_profit": 44594,
            "gross_margin": 24.25,
            "gross_margin_4q_avg": 22.08,
            "net_income": -18416,
            "net_income_4q": null,
            "revenue": 183861,
            "revenue_4q": null,
            "common_shares": 306794,
            "book_valuer_per_share": 13.7,
            "book_valuer_per_share_4q_avg": 14.24,
            "equity": 420258,
            "current_ratio": 113.73,
            "debt_ratio": 61.75,
            "inventory_turnover_ratio": 0.59,
            "account_receivable_turnover_ratio": 2.13,
            "reinvestment_rate": null,
            "research_to_sale_ratio": 6.95,
            "price_fair": 14.4,
            "eps_avg_yearly": 0.41,
            "eps_latest_yearly": 0.44,
            "eps_growth_yearly": 151.49
        },
        "20223": {
            "year_quarter": 20223,
            "year": 2022,
            "quarter": 3,
            "eps": -0.7,
            "eps_growth_year": -975,
            "eps_4q": -1.3,
            "eps_4q_growth_year": null,
            "roe": -4.64,
            "roe_4q": -9.799999999999999,
            "gross_profit": 38614,
            "gross_margin": 18.43,
            "gross_margin_4q_avg": 21.35,
            "net_income": -23554,
            "net_income_4q": null,
            "revenue": 209469,
            "revenue_4q": null,
            "common_shares": 352794,
            "book_valuer_per_share": 16.87,
            "book_valuer_per_share_4q_avg": 14.86,
            "equity": 595134,
            "current_ratio": 144.42,
            "debt_ratio": 51.05,
            "inventory_turnover_ratio": 0.71,
            "account_receivable_turnover_ratio": 2.69,
            "reinvestment_rate": null,
            "research_to_sale_ratio": 5.88,
            "price_fair": 11.9,
            "eps_avg_yearly": 0.34,
            "eps_latest_yearly": 0.44,
            "eps_growth_yearly": 202.23
        },
        "20224": {
            "year_quarter": 20224,
            "year": 2022,
            "quarter": 4,
            "eps": -1.16,
            "eps_growth_year": -1177.52,
            "eps_4q": -2.55,
            "eps_4q_growth_year": -49974.61,
            "roe": -7.1,
            "roe_4q": -17.639999999999997,
            "gross_profit": 20516,
            "gross_margin": 11.97,
            "gross_margin_4q_avg": 18.9,
            "net_income": -40865,
            "net_income_4q": null,
            "revenue": 171460,
            "revenue_4q": null,
            "common_shares": 352794,
            "book_valuer_per_share": 15.74,
            "book_valuer_per_share_4q_avg": 15.18,
            "equity": 555449,
            "current_ratio": 133.99,
            "debt_ratio": 54.87,
            "inventory_turnover_ratio": 0.7,
            "account_receivable_turnover_ratio": 2.95,
            "reinvestment_rate": null,
            "research_to_sale_ratio": 6.71,
            "price_fair": 13.16,
            "eps_avg_yearly": 0.38,
            "eps_latest_yearly": 0.44,
            "eps_growth_yearly": 307.44
        },
        "20231": {
            "year_quarter": 20231,
            "year": 2023,
            "quarter": 1,
            "eps": -1.05,
            "eps_growth_year": null,
            "eps_4q": -3.4,
            "eps_4q_growth_year": -44467.19,
            "roe": -6.9,
            "roe_4q": -22.91,
            "gross_profit": 14244,
            "gross_margin": 9.04,
            "gross_margin_4q_avg": 15.92,
            "net_income": -37063,
            "net_income_4q": null,
            "revenue": 157510,
            "revenue_4q": null,
            "common_shares": 352794,
            "book_valuer_per_share": 14.72,
            "book_valuer_per_share_4q_avg": 15.26,
            "equity": 519458,
            "current_ratio": 126.34,
            "debt_ratio": 58.61,
            "inventory_turnover_ratio": 0.79,
            "account_receivable_turnover_ratio": 2.93,
            "reinvestment_rate": null,
            "research_to_sale_ratio": 6.05,
            "price_fair": 11.9,
            "eps_avg_yearly": 0.34,
            "eps_latest_yearly": 0.44,
            "eps_growth_yearly": 159.29
        },
        "20232": {
            "year_quarter": 20232,
            "year": 2023,
            "quarter": 2,
            "eps": -1.76,
            "eps_growth_year": null,
            "eps_4q": -4.64,
            "eps_4q_growth_year": null,
            "roe": -12.74,
            "roe_4q": -31.380000000000003,
            "gross_profit": 8873,
            "gross_margin": 6.65,
            "gross_margin_4q_avg": 11.52,
            "net_income": -62172,
            "net_income_4q": null,
            "revenue": 133405,
            "revenue_4q": null,
            "common_shares": 352794,
            "book_valuer_per_share": 12.94,
            "book_valuer_per_share_4q_avg": 15.07,
            "equity": 456608,
            "current_ratio": 116.19,
            "debt_ratio": 63.82,
            "inventory_turnover_ratio": 0.85,
            "account_receivable_turnover_ratio": 2.45,
            "reinvestment_rate": null,
            "research_to_sale_ratio": 5.82,
            "price_fair": 13.53,
            "eps_avg_yearly": 0.39,
            "eps_latest_yearly": 0.44,
            "eps_growth_yearly": 294.44
        },
        "20233": {
            "year_quarter": 20233,
            "year": 2023,
            "quarter": 3,
            "eps": -1.37,
            "eps_growth_year": null,
            "eps_4q": -5.34,
            "eps_4q_growth_year": null,
            "roe": -11.15,
            "roe_4q": -37.89,
            "gross_profit": 20756,
            "gross_margin": 11.5,
            "gross_margin_4q_avg": 9.79,
            "net_income": -48327,
            "net_income_4q": null,
            "revenue": 180538,
            "revenue_4q": null,
            "common_shares": 352794,
            "book_valuer_per_share": 11.62,
            "book_valuer_per_share_4q_avg": 13.76,
            "equity": 409863,
            "current_ratio": 109.71,
            "debt_ratio": 67.48,
            "inventory_turnover_ratio": 1.17,
            "account_receivable_turnover_ratio": 3.18,
            "reinvestment_rate": null,
            "research_to_sale_ratio": 3.41,
            "price_fair": 13.53,
            "eps_avg_yearly": 0.39,
            "eps_latest_yearly": 0.44,
            "eps_growth_yearly": 294.44
        }
    },
    "months": {
        "2008-04": {
            "month": "2008-04",
            "price": "57.67",
            "revenue": 65980
        },
        "2008-05": {
            "month": "2008-05",
            "price": "60.15",
            "revenue": 52247
        },
        "2008-06": {
            "month": "2008-06",
            "price": "59.30",
            "revenue": 59614
        },
        "2008-07": {
            "month": "2008-07",
            "price": "59.99",
            "revenue": 54687
        },
        "2008-08": {
            "month": "2008-08",
            "price": "55.28",
            "revenue": 56625
        },
        "2008-09": {
            "month": "2008-09",
            "price": "48.40",
            "revenue": 62715
        },
        "2008-10": {
            "month": "2008-10",
            "price": "39.82",
            "revenue": 68026
        },
        "2008-11": {
            "month": "2008-11",
            "price": "36.58",
            "revenue": 44738
        },
        "2008-12": {
            "month": "2008-12",
            "price": "35.15",
            "revenue": 75346
        },
        "2009-01": {
            "month": "2009-01",
            "price": "30.36",
            "revenue": 39166
        },
        "2009-02": {
            "month": "2009-02",
            "price": "29.00",
            "revenue": 33661
        },
        "2009-03": {
            "month": "2009-03",
            "price": "29.73",
            "revenue": 42007
        },
        "2009-04": {
            "month": "2009-04",
            "price": "29.80",
            "revenue": 29460
        },
        "2009-05": {
            "month": "2009-05",
            "price": "27.90",
            "revenue": 43412
        },
        "2009-06": {
            "month": "2009-06",
            "price": "31.18",
            "revenue": 39149
        },
        "2009-07": {
            "month": "2009-07",
            "price": "31.62",
            "revenue": 53516
        },
        "2009-08": {
            "month": "2009-08",
            "price": "32.86",
            "revenue": 59629
        },
        "2009-09": {
            "month": "2009-09",
            "price": "33.46",
            "revenue": 66550
        },
        "2009-10": {
            "month": "2009-10",
            "price": "35.21",
            "revenue": 50186
        },
        "2009-11": {
            "month": "2009-11",
            "price": "34.96",
            "revenue": 56780
        },
        "2009-12": {
            "month": "2009-12",
            "price": "32.59",
            "revenue": 64282
        },
        "2010-01": {
            "month": "2010-01",
            "price": "34.60",
            "revenue": 78777
        },
        "2010-02": {
            "month": "2010-02",
            "price": "34.56",
            "revenue": 42037
        },
        "2010-03": {
            "month": "2010-03",
            "price": "34.76",
            "revenue": 66653
        },
        "2010-04": {
            "month": "2010-04",
            "price": "36.05",
            "revenue": 65246
        },
        "2010-05": {
            "month": "2010-05",
            "price": "40.30",
            "revenue": 76871
        },
        "2010-06": {
            "month": "2010-06",
            "price": "44.70",
            "revenue": 73909
        },
        "2010-07": {
            "month": "2010-07",
            "price": "43.59",
            "revenue": 91907
        },
        "2010-08": {
            "month": "2010-08",
            "price": "41.93",
            "revenue": 123967
        },
        "2010-09": {
            "month": "2010-09",
            "price": "39.07",
            "revenue": 108798
        },
        "2010-10": {
            "month": "2010-10",
            "price": "40.43",
            "revenue": 114403
        },
        "2010-11": {
            "month": "2010-11",
            "price": "39.59",
            "revenue": 116614
        },
        "2010-12": {
            "month": "2010-12",
            "price": "38.84",
            "revenue": 141218
        },
        "2011-01": {
            "month": "2011-01",
            "price": "48.22",
            "revenue": 136663
        },
        "2011-02": {
            "month": "2011-02",
            "price": "45.26",
            "revenue": 93695
        },
        "2011-03": {
            "month": "2011-03",
            "price": "48.20",
            "revenue": 108385
        },
        "2011-04": {
            "month": "2011-04",
            "price": "45.95",
            "revenue": 140824
        },
        "2011-05": {
            "month": "2011-05",
            "price": "42.76",
            "revenue": 120043
        },
        "2011-06": {
            "month": "2011-06",
            "price": "41.79",
            "revenue": 97155
        },
        "2011-07": {
            "month": "2011-07",
            "price": "34.93",
            "revenue": 92676
        },
        "2011-08": {
            "month": "2011-08",
            "price": "27.07",
            "revenue": 102216
        },
        "2011-09": {
            "month": "2011-09",
            "price": "23.66",
            "revenue": 102844
        },
        "2011-10": {
            "month": "2011-10",
            "price": "22.61",
            "revenue": 72981
        },
        "2011-11": {
            "month": "2011-11",
            "price": "21.81",
            "revenue": 65014
        },
        "2011-12": {
            "month": "2011-12",
            "price": "21.29",
            "revenue": 66489
        },
        "2012-01": {
            "month": "2012-01",
            "price": "23.03",
            "revenue": 78178
        },
        "2012-02": {
            "month": "2012-02",
            "price": "26.32",
            "revenue": 74229
        },
        "2012-03": {
            "month": "2012-03",
            "price": "26.63",
            "revenue": 79749
        },
        "2012-04": {
            "month": "2012-04",
            "price": "22.52",
            "revenue": 82413
        },
        "2012-05": {
            "month": "2012-05",
            "price": "18.01",
            "revenue": 82218
        },
        "2012-06": {
            "month": "2012-06",
            "price": "16.68",
            "revenue": 65040
        },
        "2012-07": {
            "month": "2012-07",
            "price": "16.66",
            "revenue": 97514
        },
        "2012-08": {
            "month": "2012-08",
            "price": "17.64",
            "revenue": 69025
        },
        "2012-09": {
            "month": "2012-09",
            "price": "17.90",
            "revenue": 67834
        },
        "2012-10": {
            "month": "2012-10",
            "price": "16.23",
            "revenue": 67987
        },
        "2012-11": {
            "month": "2012-11",
            "price": "13.76",
            "revenue": 58347
        },
        "2012-12": {
            "month": "2012-12",
            "price": "13.09",
            "revenue": 77633
        },
        "2013-01": {
            "month": "2013-01",
            "price": "13.98",
            "revenue": 73046
        },
        "2013-02": {
            "month": "2013-02",
            "price": "14.10",
            "revenue": 44898
        },
        "2013-03": {
            "month": "2013-03",
            "price": "13.98",
            "revenue": 70821
        },
        "2013-04": {
            "month": "2013-04",
            "price": "13.93",
            "revenue": 76879
        },
        "2013-05": {
            "month": "2013-05",
            "price": "14.34",
            "revenue": 87017
        },
        "2013-06": {
            "month": "2013-06",
            "price": "15.25",
            "revenue": 67642
        },
        "2013-07": {
            "month": "2013-07",
            "price": "15.60",
            "revenue": 66803
        },
        "2013-08": {
            "month": "2013-08",
            "price": "15.66",
            "revenue": 86752
        },
        "2013-09": {
            "month": "2013-09",
            "price": "16.18",
            "revenue": 76512
        },
        "2013-10": {
            "month": "2013-10",
            "price": "17.36",
            "revenue": 81457
        },
        "2013-11": {
            "month": "2013-11",
            "price": "17.69",
            "revenue": 71135
        },
        "2013-12": {
            "month": "2013-12",
            "price": "18.60",
            "revenue": 86060
        },
        "2014-01": {
            "month": "2014-01",
            "price": "19.23",
            "revenue": 62081
        },
        "2014-02": {
            "month": "2014-02",
            "price": "18.79",
            "revenue": 62985
        },
        "2014-03": {
            "month": "2014-03",
            "price": "19.90",
            "revenue": 82445
        },
        "2014-04": {
            "month": "2014-04",
            "price": "21.80",
            "revenue": 56384
        },
        "2014-05": {
            "month": "2014-05",
            "price": "18.20",
            "revenue": 75568
        },
        "2014-06": {
            "month": "2014-06",
            "price": "18.00",
            "revenue": 69185
        },
        "2014-07": {
            "month": "2014-07",
            "price": "18.19",
            "revenue": 74926
        },
        "2014-08": {
            "month": "2014-08",
            "price": "17.84",
            "revenue": 67441
        },
        "2014-09": {
            "month": "2014-09",
            "price": "18.33",
            "revenue": 77339
        },
        "2014-10": {
            "month": "2014-10",
            "price": "17.48",
            "revenue": 62788
        },
        "2014-11": {
            "month": "2014-11",
            "price": "16.34",
            "revenue": 65574
        },
        "2014-12": {
            "month": "2014-12",
            "price": "16.34",
            "revenue": 69377
        },
        "2015-01": {
            "month": "2015-01",
            "price": "16.60",
            "revenue": 77408
        },
        "2015-02": {
            "month": "2015-02",
            "price": "16.86",
            "revenue": 58002
        },
        "2015-03": {
            "month": "2015-03",
            "price": "16.73",
            "revenue": 58695
        },
        "2015-04": {
            "month": "2015-04",
            "price": "15.74",
            "revenue": 62028
        },
        "2015-05": {
            "month": "2015-05",
            "price": "13.77",
            "revenue": 79652
        },
        "2015-06": {
            "month": "2015-06",
            "price": "15.14",
            "revenue": 66233
        },
        "2015-07": {
            "month": "2015-07",
            "price": "14.96",
            "revenue": 77729
        },
        "2015-08": {
            "month": "2015-08",
            "price": "13.88",
            "revenue": 70335
        },
        "2015-09": {
            "month": "2015-09",
            "price": "13.19",
            "revenue": 60076
        },
        "2015-10": {
            "month": "2015-10",
            "price": "12.99",
            "revenue": 64404
        },
        "2015-11": {
            "month": "2015-11",
            "price": "12.90",
            "revenue": 58085
        },
        "2015-12": {
            "month": "2015-12",
            "price": "12.69",
            "revenue": 57506
        },
        "2016-01": {
            "month": "2016-01",
            "price": "11.73",
            "revenue": 72658
        },
        "2016-02": {
            "month": "2016-02",
            "price": "11.72",
            "revenue": 35960
        },
        "2016-03": {
            "month": "2016-03",
            "price": "12.13",
            "revenue": 60105
        },
        "2016-04": {
            "month": "2016-04",
            "price": "12.22",
            "revenue": 80314
        },
        "2016-05": {
            "month": "2016-05",
            "price": "12.24",
            "revenue": 74812
        },
        "2016-06": {
            "month": "2016-06",
            "price": "13.19",
            "revenue": 67729
        },
        "2016-07": {
            "month": "2016-07",
            "price": "12.78",
            "revenue": 62441
        },
        "2016-08": {
            "month": "2016-08",
            "price": "15.11",
            "revenue": 56521
        },
        "2016-09": {
            "month": "2016-09",
            "price": "15.84",
            "revenue": 62008
        },
        "2016-10": {
            "month": "2016-10",
            "price": "15.59",
            "revenue": 51668
        },
        "2016-11": {
            "month": "2016-11",
            "price": "15.32",
            "revenue": 62942
        },
        "2016-12": {
            "month": "2016-12",
            "price": "14.80",
            "revenue": 63881
        },
        "2017-01": {
            "month": "2017-01",
            "price": "15.05",
            "revenue": 60944
        },
        "2017-02": {
            "month": "2017-02",
            "price": "15.70",
            "revenue": 48430
        },
        "2017-03": {
            "month": "2017-03",
            "price": "16.14",
            "revenue": 68167
        },
        "2017-04": {
            "month": "2017-04",
            "price": "16.02",
            "revenue": 52659
        },
        "2017-05": {
            "month": "2017-05",
            "price": "15.98",
            "revenue": 69638
        },
        "2017-06": {
            "month": "2017-06",
            "price": "15.66",
            "revenue": 66406
        },
        "2017-07": {
            "month": "2017-07",
            "price": "16.12",
            "revenue": 63528
        },
        "2017-08": {
            "month": "2017-08",
            "price": "15.73",
            "revenue": 57028
        },
        "2017-09": {
            "month": "2017-09",
            "price": "15.44",
            "revenue": 60341
        },
        "2017-10": {
            "month": "2017-10",
            "price": "15.14",
            "revenue": 40592
        },
        "2017-11": {
            "month": "2017-11",
            "price": "14.57",
            "revenue": 52104
        },
        "2017-12": {
            "month": "2017-12",
            "price": "13.73",
            "revenue": 52057
        },
        "2018-01": {
            "month": "2018-01",
            "price": "13.67",
            "revenue": 64322
        },
        "2018-02": {
            "month": "2018-02",
            "price": "13.14",
            "revenue": 29827
        },
        "2018-03": {
            "month": "2018-03",
            "price": "13.61",
            "revenue": 50102
        },
        "2018-04": {
            "month": "2018-04",
            "price": "13.56",
            "revenue": 49095
        },
        "2018-05": {
            "month": "2018-05",
            "price": "14.92",
            "revenue": 65754
        },
        "2018-06": {
            "month": "2018-06",
            "price": "15.08",
            "revenue": 54017
        },
        "2018-07": {
            "month": "2018-07",
            "price": "14.91",
            "revenue": 60175
        },
        "2018-08": {
            "month": "2018-08",
            "price": "14.74",
            "revenue": 51843
        },
        "2018-09": {
            "month": "2018-09",
            "price": "15.38",
            "revenue": 44420
        },
        "2018-10": {
            "month": "2018-10",
            "price": "15.30",
            "revenue": 41171
        },
        "2018-11": {
            "month": "2018-11",
            "price": "14.99",
            "revenue": 47888
        },
        "2018-12": {
            "month": "2018-12",
            "price": "14.83",
            "revenue": 51571
        },
        "2019-01": {
            "month": "2019-01",
            "price": "15.41",
            "revenue": 63962
        },
        "2019-02": {
            "month": "2019-02",
            "price": "15.47",
            "revenue": 27723
        },
        "2019-03": {
            "month": "2019-03",
            "price": "15.52",
            "revenue": 57776
        },
        "2019-04": {
            "month": "2019-04",
            "price": "17.98",
            "revenue": 47075
        },
        "2019-05": {
            "month": "2019-05",
            "price": "18.68",
            "revenue": 54709
        },
        "2019-06": {
            "month": "2019-06",
            "price": "17.92",
            "revenue": 43398
        },
        "2019-07": {
            "month": "2019-07",
            "price": "17.45",
            "revenue": 48248
        },
        "2019-08": {
            "month": "2019-08",
            "price": "17.28",
            "revenue": 52476
        },
        "2019-09": {
            "month": "2019-09",
            "price": "16.53",
            "revenue": 41140
        },
        "2019-10": {
            "month": "2019-10",
            "price": "17.21",
            "revenue": 44927
        },
        "2019-11": {
            "month": "2019-11",
            "price": "17.68",
            "revenue": 48061
        },
        "2019-12": {
            "month": "2019-12",
            "price": "18.12",
            "revenue": 44096
        },
        "2020-01": {
            "month": "2020-01",
            "price": "18.61",
            "revenue": 34058
        },
        "2020-02": {
            "month": "2020-02",
            "price": "20.52",
            "revenue": 21320
        },
        "2020-03": {
            "month": "2020-03",
            "price": "21.15",
            "revenue": 40560
        },
        "2020-04": {
            "month": "2020-04",
            "price": "20.24",
            "revenue": 44679
        },
        "2020-05": {
            "month": "2020-05",
            "price": "22.20",
            "revenue": 37565
        },
        "2020-06": {
            "month": "2020-06",
            "price": "25.06",
            "revenue": 44081
        },
        "2020-07": {
            "month": "2020-07",
            "price": "32.11",
            "revenue": 42503
        },
        "2020-08": {
            "month": "2020-08",
            "price": "26.33",
            "revenue": 37344
        },
        "2020-09": {
            "month": "2020-09",
            "price": "32.22",
            "revenue": 42688
        },
        "2020-10": {
            "month": "2020-10",
            "price": "31.87",
            "revenue": 32079
        },
        "2020-11": {
            "month": "2020-11",
            "price": "33.43",
            "revenue": 41403
        },
        "2020-12": {
            "month": "2020-12",
            "price": "32.75",
            "revenue": 42056
        },
        "2021-01": {
            "month": "2021-01",
            "price": "32.11",
            "revenue": 50670
        },
        "2021-02": {
            "month": "2021-02",
            "price": "34.72",
            "revenue": 24984
        },
        "2021-03": {
            "month": "2021-03",
            "price": "36.49",
            "revenue": 38642
        },
        "2021-04": {
            "month": "2021-04",
            "price": "35.28",
            "revenue": 53306
        },
        "2021-05": {
            "month": "2021-05",
            "price": "31.41",
            "revenue": 71228
        },
        "2021-06": {
            "month": "2021-06",
            "price": "35.80",
            "revenue": 64046
        },
        "2021-07": {
            "month": "2021-07",
            "price": "53.10",
            "revenue": 71603
        },
        "2021-08": {
            "month": "2021-08",
            "price": "48.49",
            "revenue": 66368
        },
        "2021-09": {
            "month": "2021-09",
            "price": "49.90",
            "revenue": 103128
        },
        "2021-10": {
            "month": "2021-10",
            "price": "55.37",
            "revenue": 78669
        },
        "2021-11": {
            "month": "2021-11",
            "price": "53.97",
            "revenue": 60002
        },
        "2021-12": {
            "month": "2021-12",
            "price": "51.17",
            "revenue": 129531
        },
        "2022-01": {
            "month": "2022-01",
            "price": "51.34",
            "revenue": 95189
        },
        "2022-02": {
            "month": "2022-02",
            "price": "57.60",
            "revenue": 62147
        },
        "2022-03": {
            "month": "2022-03",
            "price": "56.66",
            "revenue": 79422
        },
        "2022-04": {
            "month": "2022-04",
            "price": "54.16",
            "revenue": 79721
        },
        "2022-05": {
            "month": "2022-05",
            "price": "52.64",
            "revenue": 58275
        },
        "2022-06": {
            "month": "2022-06",
            "price": "53.97",
            "revenue": 65304
        },
        "2022-07": {
            "month": "2022-07",
            "price": "53.40",
            "revenue": 92817
        },
        "2022-08": {
            "month": "2022-08",
            "price": "51.05",
            "revenue": 61832
        },
        "2022-09": {
            "month": "2022-09",
            "price": "46.89",
            "revenue": 55410
        },
        "2022-10": {
            "month": "2022-10",
            "price": "46.74",
            "revenue": 48045
        },
        "2022-11": {
            "month": "2022-11",
            "price": "45.46",
            "revenue": 55591
        },
        "2022-12": {
            "month": "2022-12",
            "price": "49.40",
            "revenue": 66862
        },
        "2023-01": {
            "month": "2023-01",
            "price": "48.08",
            "revenue": 47832
        },
        "2023-02": {
            "month": "2023-02",
            "price": "45.63",
            "revenue": 42020
        },
        "2023-03": {
            "month": "2023-03",
            "price": "44.57",
            "revenue": 67508
        },
        "2023-04": {
            "month": "2023-04",
            "price": "42.96",
            "revenue": 47038
        },
        "2023-05": {
            "month": "2023-05",
            "price": "46.18",
            "revenue": 46724
        },
        "2023-06": {
            "month": "2023-06",
            "price": "45.66",
            "revenue": 39321
        },
        "2023-07": {
            "month": "2023-07",
            "price": "43.81",
            "revenue": 82224
        },
        "2023-08": {
            "month": "2023-08",
            "price": "44.29",
            "revenue": 62930
        },
        "2023-09": {
            "month": "2023-09",
            "price": "42.98",
            "revenue": 34753
        },
        "2023-10": {
            "month": "2023-10",
            "price": "40.86",
            "revenue": 34981
        },
        "2023-11": {
            "month": "2023-11",
            "price": "37.12",
            "revenue": 32822
        },
        "2023-12": {
            "month": "2023-12",
            "price": "33.63",
            "revenue": 87908
        }
    }
}
