{
    "summary": {
        "stock_name": "鼎翰",
        "stock_id": "3611",
        "category": "電腦及週邊設備",
        "main_business": "條碼印表機及其零配件",
        "website_url": "http://www.tscprinters.com",
        "ceo": "陳明義",
        "pe_ratio": 11,
        "report_year_from": 2007,
        "report_year_to": 2023,
        "age": 17,
        "eps_negative_percentage": 0,
        "eps_growth_avg": {
            "last_all": 12.95,
            "last_2y": 2.09,
            "last_4y": 0.15,
            "last_8y": 2.5,
            "last_12y": 7.98,
            "last_16y": null,
            "last_20y": null,
            "at_2006_last_3y": null,
            "at_2007_last_3y": null,
            "at_2008_last_3y": null,
            "at_2009_last_3y": null,
            "at_2010_last_3y": null,
            "at_2011_last_3y": 32.77,
            "at_2012_last_3y": 22.84,
            "at_2013_last_3y": 21.79,
            "at_2014_last_3y": 20.3,
            "at_2015_last_3y": 14.74,
            "at_2016_last_3y": 14.08,
            "at_2017_last_3y": 5.68,
            "at_2018_last_3y": 5.45,
            "at_2019_last_3y": 4.75,
            "at_2020_last_3y": 4.78,
            "at_2021_last_3y": 3.91,
            "at_2022_last_3y": 6.78,
            "at_2023_last_3y": -0.44,
            "at_2024_last_3y": -0.44,
            "at_2006_last_all": null,
            "at_2007_last_all": null,
            "at_2008_last_all": null,
            "at_2009_last_all": 42.59,
            "at_2010_last_all": 34.5,
            "at_2011_last_all": 32.77,
            "at_2012_last_all": 25.11,
            "at_2013_last_all": 28.72,
            "at_2014_last_all": 26.39,
            "at_2015_last_all": 23.75,
            "at_2016_last_all": 20.21,
            "at_2017_last_all": 19.51,
            "at_2018_last_all": 18.77,
            "at_2019_last_all": 17.42,
            "at_2020_last_all": 15.46,
            "at_2021_last_all": 15.05,
            "at_2022_last_all": 15.58,
            "at_2023_last_all": 12.95,
            "at_2024_last_all": 12.95
        },
        "latest_eps": 21.81,
        "latest_price": 238,
        "latest_roe": 20.63,
        "latest_gross_margin": 34.89,
        "latest_equity": 5287874,
        "latest_revenue": 2107692,
        "latest_gross_profit": 735360,
        "latest_net_income": 229533,
        "latest_debt_ratio": 43.75,
        "latest_current_ratio": 166.65,
        "latest_account_receivable_turnover_ratio": 1.43,
        "latest_inventory_turnover_ratio": 0.81,
        "latest_reinvestment_rate": 4.33,
        "latest_research_to_sale_ratio": 2.88
    },
    "eps_dividends": {
        "2001": {
            "cash": 0,
            "stock": 0,
            "eps": 0
        },
        "2002": {
            "cash": 0,
            "stock": 0,
            "eps": 0
        },
        "2003": {
            "cash": 0,
            "stock": 0,
            "eps": 0
        },
        "2004": {
            "cash": 0,
            "stock": 0,
            "eps": 0
        },
        "2005": {
            "cash": 0,
            "stock": 0,
            "eps": 0
        },
        "2006": {
            "cash": 0,
            "stock": 0,
            "eps": 0
        },
        "2007": {
            "cash": 0,
            "stock": 0,
            "eps": 3.07
        },
        "2008": {
            "cash": 0.5,
            "stock": 0,
            "eps": 4.12
        },
        "2009": {
            "cash": 3,
            "stock": 0,
            "eps": 6.22
        },
        "2010": {
            "cash": 4.98,
            "stock": 0,
            "eps": 7.36
        },
        "2011": {
            "cash": 5,
            "stock": 1,
            "eps": 9.39
        },
        "2012": {
            "cash": 7,
            "stock": 0,
            "eps": 8.87
        },
        "2013": {
            "cash": 7,
            "stock": 0,
            "eps": 13.02
        },
        "2014": {
            "cash": 10,
            "stock": 0,
            "eps": 14.63
        },
        "2015": {
            "cash": 9,
            "stock": 1,
            "eps": 15.41
        },
        "2016": {
            "cash": 10,
            "stock": 0,
            "eps": 14.15
        },
        "2017": {
            "cash": 10,
            "stock": 0,
            "eps": 16.02
        },
        "2018": {
            "cash": 10,
            "stock": 0,
            "eps": 17.85
        },
        "2019": {
            "cash": 10,
            "stock": 1,
            "eps": 18.3
        },
        "2020": {
            "cash": 10,
            "stock": 0,
            "eps": 16.83
        },
        "2021": {
            "cash": 10,
            "stock": 0,
            "eps": 18.47
        },
        "2022": {
            "cash": 11,
            "stock": 0,
            "eps": 22.7
        },
        "2023": {
            "cash": 13,
            "stock": 1,
            "eps": 16.71
        }
    },
    "dividends": {
        "2008-04-02": {
            "cash": 0.5,
            "stock": 0
        },
        "2009-02-19": {
            "cash": 3,
            "stock": 0
        },
        "2010-03-25": {
            "cash": 4.98,
            "stock": 0
        },
        "2011-03-21": {
            "cash": 5,
            "stock": 1
        },
        "2012-06-19": {
            "cash": 7,
            "stock": 0
        },
        "2013-06-13": {
            "cash": 7,
            "stock": 0
        },
        "2014-06-13": {
            "cash": 10,
            "stock": 0
        },
        "2015-08-20": {
            "cash": 9,
            "stock": 1
        },
        "2016-08-10": {
            "cash": 10,
            "stock": 0
        },
        "2017-08-04": {
            "cash": 10,
            "stock": 0
        },
        "2018-08-03": {
            "cash": 10,
            "stock": 0
        },
        "2019-08-16": {
            "cash": 10,
            "stock": 1
        },
        "2020-08-12": {
            "cash": 10,
            "stock": 0
        },
        "2021-09-10": {
            "cash": 10,
            "stock": 0
        },
        "2022-08-17": {
            "cash": 11,
            "stock": 0
        },
        "2023-08-16": {
            "cash": 13,
            "stock": 1
        }
    },
    "prices": {
        "200101": "無",
        "200102": "無",
        "200103": "無",
        "200104": "無",
        "200105": "無",
        "200106": "無",
        "200107": "無",
        "200108": "無",
        "200109": "無",
        "200110": "無",
        "200111": "無",
        "200112": "無",
        "200201": "無",
        "200202": "無",
        "200203": "無",
        "200204": "無",
        "200205": "無",
        "200206": "無",
        "200207": "無",
        "200208": "無",
        "200209": "無",
        "200210": "無",
        "200211": "無",
        "200212": "無",
        "200301": "無",
        "200302": "無",
        "200303": "無",
        "200304": "無",
        "200305": "無",
        "200306": "無",
        "200307": "無",
        "200308": "無",
        "200309": "無",
        "200310": "無",
        "200311": "無",
        "200312": "無",
        "200401": "無",
        "200402": "無",
        "200403": "無",
        "200404": "無",
        "200405": "無",
        "200406": "無",
        "200407": "無",
        "200408": "無",
        "200409": "無",
        "200410": "無",
        "200411": "無",
        "200412": "無",
        "200501": "無",
        "200502": "無",
        "200503": "無",
        "200504": "無",
        "200505": "無",
        "200506": "無",
        "200507": "無",
        "200508": "無",
        "200509": "無",
        "200510": "無",
        "200511": "無",
        "200512": "無",
        "200601": "無",
        "200602": "無",
        "200603": "無",
        "200604": "無",
        "200605": "無",
        "200606": "無",
        "200607": "無",
        "200608": "無",
        "200609": "無",
        "200610": "無",
        "200611": "無",
        "200612": "無",
        "200701": "無",
        "200702": "無",
        "200703": "無",
        "200704": "無",
        "200705": "無",
        "200706": "無",
        "200707": "無",
        "200708": "無",
        "200709": "無",
        "200710": "無",
        "200711": "無",
        "200712": "無",
        "200801": "無",
        "200802": "無",
        "200803": "無",
        "200804": "無",
        "200805": "無",
        "200806": "無",
        "200807": "無",
        "200808": "無",
        "200809": "無",
        "200810": "無",
        "200811": "25.15",
        "200812": "25.23",
        "200901": "27.49",
        "200902": "31.59",
        "200903": "40.25",
        "200904": "46.95",
        "200905": "65.19",
        "200906": "59.92",
        "200907": "63.32",
        "200908": "66.74",
        "200909": "68.64",
        "200910": "65.15",
        "200911": "65.39",
        "200912": "71.37",
        "201001": "75.94",
        "201002": "72.46",
        "201003": "79.15",
        "201004": "82.80",
        "201005": "78.92",
        "201006": "81.19",
        "201007": "83.55",
        "201008": "86.30",
        "201009": "87.13",
        "201010": "84.47",
        "201011": "81.08",
        "201012": "79.46",
        "201101": "83.48",
        "201102": "80.49",
        "201103": "81.51",
        "201104": "83.78",
        "201105": "109.04",
        "201106": "119.33",
        "201107": "115.93",
        "201108": "92.59",
        "201109": "88.70",
        "201110": "93.70",
        "201111": "89.27",
        "201112": "82.36",
        "201201": "87.13",
        "201202": "97.92",
        "201203": "103.29",
        "201204": "95.76",
        "201205": "90.37",
        "201206": "90.12",
        "201207": "93.76",
        "201208": "92.71",
        "201209": "91.68",
        "201210": "88.71",
        "201211": "83.48",
        "201212": "83.20",
        "201301": "84.64",
        "201302": "90.52",
        "201303": "102.68",
        "201304": "121.35",
        "201305": "134.48",
        "201306": "133.92",
        "201307": "154.07",
        "201308": "165.00",
        "201309": "160.38",
        "201310": "174.41",
        "201311": "193.64",
        "201312": "221.16",
        "201401": "219.14",
        "201402": "242.97",
        "201403": "286.07",
        "201404": "268.45",
        "201405": "247.50",
        "201406": "281.80",
        "201407": "292.70",
        "201408": "284.76",
        "201409": "257.76",
        "201410": "228.20",
        "201411": "233.50",
        "201412": "246.12",
        "201501": "263.40",
        "201502": "252.77",
        "201503": "255.18",
        "201504": "265.25",
        "201505": "242.30",
        "201506": "266.21",
        "201507": "258.50",
        "201508": "240.07",
        "201509": "227.70",
        "201510": "236.52",
        "201511": "303.07",
        "201512": "314.48",
        "201601": "278.19",
        "201602": "288.08",
        "201603": "293.39",
        "201604": "302.11",
        "201605": "272.60",
        "201606": "260.45",
        "201607": "252.62",
        "201608": "243.15",
        "201609": "238.00",
        "201610": "231.30",
        "201611": "213.52",
        "201612": "230.07",
        "201701": "247.53",
        "201702": "256.86",
        "201703": "244.46",
        "201704": "224.42",
        "201705": "229.80",
        "201706": "226.46",
        "201707": "210.98",
        "201708": "208.74",
        "201709": "238.86",
        "201710": "233.53",
        "201711": "224.23",
        "201712": "232.67",
        "201801": "250.89",
        "201802": "241.81",
        "201803": "244.11",
        "201804": "233.33",
        "201805": "227.77",
        "201806": "226.95",
        "201807": "224.11",
        "201808": "241.15",
        "201809": "240.92",
        "201810": "192.02",
        "201811": "189.05",
        "201812": "196.88",
        "201901": "224.62",
        "201902": "247.12",
        "201903": "250.50",
        "201904": "275.80",
        "201905": "260.50",
        "201906": "255.50",
        "201907": "278.24",
        "201908": "252.17",
        "201909": "247.76",
        "201910": "246.48",
        "201911": "253.24",
        "201912": "248.09",
        "202001": "235.90",
        "202002": "218.13",
        "202003": "186.20",
        "202004": "187.25",
        "202005": "196.02",
        "202006": "195.15",
        "202007": "185.70",
        "202008": "174.69",
        "202009": "178.36",
        "202010": "179.47",
        "202011": "193.02",
        "202012": "194.09",
        "202101": "196.85",
        "202102": "194.15",
        "202103": "204.18",
        "202104": "223.32",
        "202105": "208.10",
        "202106": "217.29",
        "202107": "233.34",
        "202108": "220.43",
        "202109": "213.20",
        "202110": "204.30",
        "202111": "205.98",
        "202112": "200.05",
        "202201": "200.44",
        "202202": "205.20",
        "202203": "199.35",
        "202204": "195.53",
        "202205": "180.69",
        "202206": "180.05",
        "202207": "175.86",
        "202208": "188.67",
        "202209": "192.33",
        "202210": "184.98",
        "202211": "189.05",
        "202212": "192.55",
        "202301": "195.77",
        "202302": "204.44",
        "202303": "230.78",
        "202304": "238.21",
        "202305": "235.52",
        "202306": "241.02",
        "202307": "275.67",
        "202308": "244.52",
        "202309": "246.45",
        "202310": "237.22",
        "202311": "236.89",
        "202312": "237.43"
    },
    "quarters": {
        "20011": {
            "year_quarter": 20011,
            "year": 2001,
            "quarter": 1,
            "eps": null,
            "eps_growth_year": null,
            "eps_4q": null,
            "eps_4q_growth_year": null,
            "roe": null,
            "roe_4q": 0,
            "gross_profit": null,
            "gross_margin": null,
            "gross_margin_4q_avg": 0,
            "net_income": null,
            "net_income_4q": null,
            "revenue": null,
            "revenue_4q": null,
            "common_shares": null,
            "book_valuer_per_share": null,
            "book_valuer_per_share_4q_avg": 0,
            "equity": null,
            "current_ratio": null,
            "debt_ratio": null,
            "inventory_turnover_ratio": null,
            "account_receivable_turnover_ratio": null,
            "reinvestment_rate": null,
            "research_to_sale_ratio": null,
            "price_fair": 0,
            "eps_avg_yearly": 0,
            "eps_latest_yearly": 0,
            "eps_growth_yearly": 0
        },
        "20012": {
            "year_quarter": 20012,
            "year": 2001,
            "quarter": 2,
            "eps": null,
            "eps_growth_year": null,
            "eps_4q": null,
            "eps_4q_growth_year": null,
            "roe": null,
            "roe_4q": 0,
            "gross_profit": null,
            "gross_margin": null,
            "gross_margin_4q_avg": 0,
            "net_income": null,
            "net_income_4q": null,
            "revenue": null,
            "revenue_4q": null,
            "common_shares": null,
            "book_valuer_per_share": null,
            "book_valuer_per_share_4q_avg": 0,
            "equity": null,
            "current_ratio": null,
            "debt_ratio": null,
            "inventory_turnover_ratio": null,
            "account_receivable_turnover_ratio": null,
            "reinvestment_rate": null,
            "research_to_sale_ratio": null,
            "price_fair": 0,
            "eps_avg_yearly": 0,
            "eps_latest_yearly": 0,
            "eps_growth_yearly": 0
        },
        "20013": {
            "year_quarter": 20013,
            "year": 2001,
            "quarter": 3,
            "eps": null,
            "eps_growth_year": null,
            "eps_4q": null,
            "eps_4q_growth_year": null,
            "roe": null,
            "roe_4q": 0,
            "gross_profit": null,
            "gross_margin": null,
            "gross_margin_4q_avg": 0,
            "net_income": null,
            "net_income_4q": null,
            "revenue": null,
            "revenue_4q": null,
            "common_shares": null,
            "book_valuer_per_share": null,
            "book_valuer_per_share_4q_avg": 0,
            "equity": null,
            "current_ratio": null,
            "debt_ratio": null,
            "inventory_turnover_ratio": null,
            "account_receivable_turnover_ratio": null,
            "reinvestment_rate": null,
            "research_to_sale_ratio": null,
            "price_fair": 0,
            "eps_avg_yearly": 0,
            "eps_latest_yearly": 0,
            "eps_growth_yearly": 0
        },
        "20014": {
            "year_quarter": 20014,
            "year": 2001,
            "quarter": 4,
            "eps": null,
            "eps_growth_year": null,
            "eps_4q": null,
            "eps_4q_growth_year": null,
            "roe": null,
            "roe_4q": 0,
            "gross_profit": null,
            "gross_margin": null,
            "gross_margin_4q_avg": 0,
            "net_income": null,
            "net_income_4q": null,
            "revenue": null,
            "revenue_4q": null,
            "common_shares": null,
            "book_valuer_per_share": null,
            "book_valuer_per_share_4q_avg": 0,
            "equity": null,
            "current_ratio": null,
            "debt_ratio": null,
            "inventory_turnover_ratio": null,
            "account_receivable_turnover_ratio": null,
            "reinvestment_rate": null,
            "research_to_sale_ratio": null,
            "price_fair": 0,
            "eps_avg_yearly": 0,
            "eps_latest_yearly": 0,
            "eps_growth_yearly": 0
        },
        "20021": {
            "year_quarter": 20021,
            "year": 2002,
            "quarter": 1,
            "eps": null,
            "eps_growth_year": null,
            "eps_4q": null,
            "eps_4q_growth_year": null,
            "roe": null,
            "roe_4q": 0,
            "gross_profit": null,
            "gross_margin": null,
            "gross_margin_4q_avg": 0,
            "net_income": null,
            "net_income_4q": null,
            "revenue": null,
            "revenue_4q": null,
            "common_shares": null,
            "book_valuer_per_share": null,
            "book_valuer_per_share_4q_avg": 0,
            "equity": null,
            "current_ratio": null,
            "debt_ratio": null,
            "inventory_turnover_ratio": null,
            "account_receivable_turnover_ratio": null,
            "reinvestment_rate": null,
            "research_to_sale_ratio": null,
            "price_fair": 0,
            "eps_avg_yearly": 0,
            "eps_latest_yearly": 0,
            "eps_growth_yearly": 0
        },
        "20022": {
            "year_quarter": 20022,
            "year": 2002,
            "quarter": 2,
            "eps": null,
            "eps_growth_year": null,
            "eps_4q": null,
            "eps_4q_growth_year": null,
            "roe": null,
            "roe_4q": 0,
            "gross_profit": null,
            "gross_margin": null,
            "gross_margin_4q_avg": 0,
            "net_income": null,
            "net_income_4q": null,
            "revenue": null,
            "revenue_4q": null,
            "common_shares": null,
            "book_valuer_per_share": null,
            "book_valuer_per_share_4q_avg": 0,
            "equity": null,
            "current_ratio": null,
            "debt_ratio": null,
            "inventory_turnover_ratio": null,
            "account_receivable_turnover_ratio": null,
            "reinvestment_rate": null,
            "research_to_sale_ratio": null,
            "price_fair": 0,
            "eps_avg_yearly": 0,
            "eps_latest_yearly": 0,
            "eps_growth_yearly": 0
        },
        "20023": {
            "year_quarter": 20023,
            "year": 2002,
            "quarter": 3,
            "eps": null,
            "eps_growth_year": null,
            "eps_4q": null,
            "eps_4q_growth_year": null,
            "roe": null,
            "roe_4q": 0,
            "gross_profit": null,
            "gross_margin": null,
            "gross_margin_4q_avg": 0,
            "net_income": null,
            "net_income_4q": null,
            "revenue": null,
            "revenue_4q": null,
            "common_shares": null,
            "book_valuer_per_share": null,
            "book_valuer_per_share_4q_avg": 0,
            "equity": null,
            "current_ratio": null,
            "debt_ratio": null,
            "inventory_turnover_ratio": null,
            "account_receivable_turnover_ratio": null,
            "reinvestment_rate": null,
            "research_to_sale_ratio": null,
            "price_fair": 0,
            "eps_avg_yearly": 0,
            "eps_latest_yearly": 0,
            "eps_growth_yearly": 0
        },
        "20024": {
            "year_quarter": 20024,
            "year": 2002,
            "quarter": 4,
            "eps": null,
            "eps_growth_year": null,
            "eps_4q": null,
            "eps_4q_growth_year": null,
            "roe": null,
            "roe_4q": 0,
            "gross_profit": null,
            "gross_margin": null,
            "gross_margin_4q_avg": 0,
            "net_income": null,
            "net_income_4q": null,
            "revenue": null,
            "revenue_4q": null,
            "common_shares": null,
            "book_valuer_per_share": null,
            "book_valuer_per_share_4q_avg": 0,
            "equity": null,
            "current_ratio": null,
            "debt_ratio": null,
            "inventory_turnover_ratio": null,
            "account_receivable_turnover_ratio": null,
            "reinvestment_rate": null,
            "research_to_sale_ratio": null,
            "price_fair": 0,
            "eps_avg_yearly": 0,
            "eps_latest_yearly": 0,
            "eps_growth_yearly": 0
        },
        "20031": {
            "year_quarter": 20031,
            "year": 2003,
            "quarter": 1,
            "eps": null,
            "eps_growth_year": null,
            "eps_4q": null,
            "eps_4q_growth_year": null,
            "roe": null,
            "roe_4q": 0,
            "gross_profit": null,
            "gross_margin": null,
            "gross_margin_4q_avg": 0,
            "net_income": null,
            "net_income_4q": null,
            "revenue": null,
            "revenue_4q": null,
            "common_shares": null,
            "book_valuer_per_share": null,
            "book_valuer_per_share_4q_avg": 0,
            "equity": null,
            "current_ratio": null,
            "debt_ratio": null,
            "inventory_turnover_ratio": null,
            "account_receivable_turnover_ratio": null,
            "reinvestment_rate": null,
            "research_to_sale_ratio": null,
            "price_fair": 0,
            "eps_avg_yearly": 0,
            "eps_latest_yearly": 0,
            "eps_growth_yearly": 0
        },
        "20032": {
            "year_quarter": 20032,
            "year": 2003,
            "quarter": 2,
            "eps": null,
            "eps_growth_year": null,
            "eps_4q": null,
            "eps_4q_growth_year": null,
            "roe": null,
            "roe_4q": 0,
            "gross_profit": null,
            "gross_margin": null,
            "gross_margin_4q_avg": 0,
            "net_income": null,
            "net_income_4q": null,
            "revenue": null,
            "revenue_4q": null,
            "common_shares": null,
            "book_valuer_per_share": null,
            "book_valuer_per_share_4q_avg": 0,
            "equity": null,
            "current_ratio": null,
            "debt_ratio": null,
            "inventory_turnover_ratio": null,
            "account_receivable_turnover_ratio": null,
            "reinvestment_rate": null,
            "research_to_sale_ratio": null,
            "price_fair": 0,
            "eps_avg_yearly": 0,
            "eps_latest_yearly": 0,
            "eps_growth_yearly": 0
        },
        "20033": {
            "year_quarter": 20033,
            "year": 2003,
            "quarter": 3,
            "eps": null,
            "eps_growth_year": null,
            "eps_4q": null,
            "eps_4q_growth_year": null,
            "roe": null,
            "roe_4q": 0,
            "gross_profit": null,
            "gross_margin": null,
            "gross_margin_4q_avg": 0,
            "net_income": null,
            "net_income_4q": null,
            "revenue": null,
            "revenue_4q": null,
            "common_shares": null,
            "book_valuer_per_share": null,
            "book_valuer_per_share_4q_avg": 0,
            "equity": null,
            "current_ratio": null,
            "debt_ratio": null,
            "inventory_turnover_ratio": null,
            "account_receivable_turnover_ratio": null,
            "reinvestment_rate": null,
            "research_to_sale_ratio": null,
            "price_fair": 0,
            "eps_avg_yearly": 0,
            "eps_latest_yearly": 0,
            "eps_growth_yearly": 0
        },
        "20034": {
            "year_quarter": 20034,
            "year": 2003,
            "quarter": 4,
            "eps": null,
            "eps_growth_year": null,
            "eps_4q": null,
            "eps_4q_growth_year": null,
            "roe": null,
            "roe_4q": 0,
            "gross_profit": null,
            "gross_margin": null,
            "gross_margin_4q_avg": 0,
            "net_income": null,
            "net_income_4q": null,
            "revenue": null,
            "revenue_4q": null,
            "common_shares": null,
            "book_valuer_per_share": null,
            "book_valuer_per_share_4q_avg": 0,
            "equity": null,
            "current_ratio": null,
            "debt_ratio": null,
            "inventory_turnover_ratio": null,
            "account_receivable_turnover_ratio": null,
            "reinvestment_rate": null,
            "research_to_sale_ratio": null,
            "price_fair": 0,
            "eps_avg_yearly": 0,
            "eps_latest_yearly": 0,
            "eps_growth_yearly": 0
        },
        "20041": {
            "year_quarter": 20041,
            "year": 2004,
            "quarter": 1,
            "eps": null,
            "eps_growth_year": null,
            "eps_4q": null,
            "eps_4q_growth_year": null,
            "roe": null,
            "roe_4q": 0,
            "gross_profit": null,
            "gross_margin": null,
            "gross_margin_4q_avg": 0,
            "net_income": null,
            "net_income_4q": null,
            "revenue": null,
            "revenue_4q": null,
            "common_shares": null,
            "book_valuer_per_share": null,
            "book_valuer_per_share_4q_avg": 0,
            "equity": null,
            "current_ratio": null,
            "debt_ratio": null,
            "inventory_turnover_ratio": null,
            "account_receivable_turnover_ratio": null,
            "reinvestment_rate": null,
            "research_to_sale_ratio": null,
            "price_fair": 0,
            "eps_avg_yearly": 0,
            "eps_latest_yearly": 0,
            "eps_growth_yearly": 0
        },
        "20042": {
            "year_quarter": 20042,
            "year": 2004,
            "quarter": 2,
            "eps": null,
            "eps_growth_year": null,
            "eps_4q": null,
            "eps_4q_growth_year": null,
            "roe": null,
            "roe_4q": 0,
            "gross_profit": null,
            "gross_margin": null,
            "gross_margin_4q_avg": 0,
            "net_income": null,
            "net_income_4q": null,
            "revenue": null,
            "revenue_4q": null,
            "common_shares": null,
            "book_valuer_per_share": null,
            "book_valuer_per_share_4q_avg": 0,
            "equity": null,
            "current_ratio": null,
            "debt_ratio": null,
            "inventory_turnover_ratio": null,
            "account_receivable_turnover_ratio": null,
            "reinvestment_rate": null,
            "research_to_sale_ratio": null,
            "price_fair": 0,
            "eps_avg_yearly": 0,
            "eps_latest_yearly": 0,
            "eps_growth_yearly": 0
        },
        "20043": {
            "year_quarter": 20043,
            "year": 2004,
            "quarter": 3,
            "eps": null,
            "eps_growth_year": null,
            "eps_4q": null,
            "eps_4q_growth_year": null,
            "roe": null,
            "roe_4q": 0,
            "gross_profit": null,
            "gross_margin": null,
            "gross_margin_4q_avg": 0,
            "net_income": null,
            "net_income_4q": null,
            "revenue": null,
            "revenue_4q": null,
            "common_shares": null,
            "book_valuer_per_share": null,
            "book_valuer_per_share_4q_avg": 0,
            "equity": null,
            "current_ratio": null,
            "debt_ratio": null,
            "inventory_turnover_ratio": null,
            "account_receivable_turnover_ratio": null,
            "reinvestment_rate": null,
            "research_to_sale_ratio": null,
            "price_fair": 0,
            "eps_avg_yearly": 0,
            "eps_latest_yearly": 0,
            "eps_growth_yearly": 0
        },
        "20044": {
            "year_quarter": 20044,
            "year": 2004,
            "quarter": 4,
            "eps": null,
            "eps_growth_year": null,
            "eps_4q": null,
            "eps_4q_growth_year": null,
            "roe": null,
            "roe_4q": 0,
            "gross_profit": null,
            "gross_margin": null,
            "gross_margin_4q_avg": 0,
            "net_income": null,
            "net_income_4q": null,
            "revenue": null,
            "revenue_4q": null,
            "common_shares": null,
            "book_valuer_per_share": null,
            "book_valuer_per_share_4q_avg": 0,
            "equity": null,
            "current_ratio": null,
            "debt_ratio": null,
            "inventory_turnover_ratio": null,
            "account_receivable_turnover_ratio": null,
            "reinvestment_rate": null,
            "research_to_sale_ratio": null,
            "price_fair": 0,
            "eps_avg_yearly": 0,
            "eps_latest_yearly": 0,
            "eps_growth_yearly": 0
        },
        "20051": {
            "year_quarter": 20051,
            "year": 2005,
            "quarter": 1,
            "eps": null,
            "eps_growth_year": null,
            "eps_4q": null,
            "eps_4q_growth_year": null,
            "roe": null,
            "roe_4q": 0,
            "gross_profit": null,
            "gross_margin": null,
            "gross_margin_4q_avg": 0,
            "net_income": null,
            "net_income_4q": null,
            "revenue": null,
            "revenue_4q": null,
            "common_shares": null,
            "book_valuer_per_share": null,
            "book_valuer_per_share_4q_avg": 0,
            "equity": null,
            "current_ratio": null,
            "debt_ratio": null,
            "inventory_turnover_ratio": null,
            "account_receivable_turnover_ratio": null,
            "reinvestment_rate": null,
            "research_to_sale_ratio": null,
            "price_fair": 0,
            "eps_avg_yearly": 0,
            "eps_latest_yearly": 0,
            "eps_growth_yearly": 0
        },
        "20052": {
            "year_quarter": 20052,
            "year": 2005,
            "quarter": 2,
            "eps": null,
            "eps_growth_year": null,
            "eps_4q": null,
            "eps_4q_growth_year": null,
            "roe": null,
            "roe_4q": 0,
            "gross_profit": null,
            "gross_margin": null,
            "gross_margin_4q_avg": 0,
            "net_income": null,
            "net_income_4q": null,
            "revenue": null,
            "revenue_4q": null,
            "common_shares": null,
            "book_valuer_per_share": null,
            "book_valuer_per_share_4q_avg": 0,
            "equity": null,
            "current_ratio": null,
            "debt_ratio": null,
            "inventory_turnover_ratio": null,
            "account_receivable_turnover_ratio": null,
            "reinvestment_rate": null,
            "research_to_sale_ratio": null,
            "price_fair": 0,
            "eps_avg_yearly": 0,
            "eps_latest_yearly": 0,
            "eps_growth_yearly": 0
        },
        "20053": {
            "year_quarter": 20053,
            "year": 2005,
            "quarter": 3,
            "eps": null,
            "eps_growth_year": null,
            "eps_4q": null,
            "eps_4q_growth_year": null,
            "roe": null,
            "roe_4q": 0,
            "gross_profit": null,
            "gross_margin": null,
            "gross_margin_4q_avg": 0,
            "net_income": null,
            "net_income_4q": null,
            "revenue": null,
            "revenue_4q": null,
            "common_shares": null,
            "book_valuer_per_share": null,
            "book_valuer_per_share_4q_avg": 0,
            "equity": null,
            "current_ratio": null,
            "debt_ratio": null,
            "inventory_turnover_ratio": null,
            "account_receivable_turnover_ratio": null,
            "reinvestment_rate": null,
            "research_to_sale_ratio": null,
            "price_fair": 0,
            "eps_avg_yearly": 0,
            "eps_latest_yearly": 0,
            "eps_growth_yearly": 0
        },
        "20054": {
            "year_quarter": 20054,
            "year": 2005,
            "quarter": 4,
            "eps": null,
            "eps_growth_year": null,
            "eps_4q": null,
            "eps_4q_growth_year": null,
            "roe": null,
            "roe_4q": 0,
            "gross_profit": null,
            "gross_margin": null,
            "gross_margin_4q_avg": 0,
            "net_income": null,
            "net_income_4q": null,
            "revenue": null,
            "revenue_4q": null,
            "common_shares": null,
            "book_valuer_per_share": null,
            "book_valuer_per_share_4q_avg": 0,
            "equity": null,
            "current_ratio": null,
            "debt_ratio": null,
            "inventory_turnover_ratio": null,
            "account_receivable_turnover_ratio": null,
            "reinvestment_rate": null,
            "research_to_sale_ratio": null,
            "price_fair": 0,
            "eps_avg_yearly": 0,
            "eps_latest_yearly": 0,
            "eps_growth_yearly": 0
        },
        "20061": {
            "year_quarter": 20061,
            "year": 2006,
            "quarter": 1,
            "eps": null,
            "eps_growth_year": null,
            "eps_4q": null,
            "eps_4q_growth_year": null,
            "roe": null,
            "roe_4q": 0,
            "gross_profit": null,
            "gross_margin": null,
            "gross_margin_4q_avg": 0,
            "net_income": null,
            "net_income_4q": null,
            "revenue": null,
            "revenue_4q": null,
            "common_shares": null,
            "book_valuer_per_share": null,
            "book_valuer_per_share_4q_avg": 0,
            "equity": null,
            "current_ratio": null,
            "debt_ratio": null,
            "inventory_turnover_ratio": null,
            "account_receivable_turnover_ratio": null,
            "reinvestment_rate": null,
            "research_to_sale_ratio": null,
            "price_fair": 0,
            "eps_avg_yearly": 0,
            "eps_latest_yearly": 0,
            "eps_growth_yearly": 0
        },
        "20062": {
            "year_quarter": 20062,
            "year": 2006,
            "quarter": 2,
            "eps": null,
            "eps_growth_year": null,
            "eps_4q": null,
            "eps_4q_growth_year": null,
            "roe": null,
            "roe_4q": 0,
            "gross_profit": null,
            "gross_margin": null,
            "gross_margin_4q_avg": 0,
            "net_income": null,
            "net_income_4q": null,
            "revenue": null,
            "revenue_4q": null,
            "common_shares": null,
            "book_valuer_per_share": null,
            "book_valuer_per_share_4q_avg": 0,
            "equity": null,
            "current_ratio": null,
            "debt_ratio": null,
            "inventory_turnover_ratio": null,
            "account_receivable_turnover_ratio": null,
            "reinvestment_rate": null,
            "research_to_sale_ratio": null,
            "price_fair": 0,
            "eps_avg_yearly": 0,
            "eps_latest_yearly": 0,
            "eps_growth_yearly": 0
        },
        "20063": {
            "year_quarter": 20063,
            "year": 2006,
            "quarter": 3,
            "eps": null,
            "eps_growth_year": null,
            "eps_4q": null,
            "eps_4q_growth_year": null,
            "roe": null,
            "roe_4q": 0,
            "gross_profit": null,
            "gross_margin": null,
            "gross_margin_4q_avg": 0,
            "net_income": null,
            "net_income_4q": null,
            "revenue": null,
            "revenue_4q": null,
            "common_shares": null,
            "book_valuer_per_share": null,
            "book_valuer_per_share_4q_avg": 0,
            "equity": null,
            "current_ratio": null,
            "debt_ratio": null,
            "inventory_turnover_ratio": null,
            "account_receivable_turnover_ratio": null,
            "reinvestment_rate": null,
            "research_to_sale_ratio": null,
            "price_fair": 0,
            "eps_avg_yearly": 0,
            "eps_latest_yearly": 0,
            "eps_growth_yearly": 0
        },
        "20064": {
            "year_quarter": 20064,
            "year": 2006,
            "quarter": 4,
            "eps": null,
            "eps_growth_year": null,
            "eps_4q": null,
            "eps_4q_growth_year": null,
            "roe": null,
            "roe_4q": 0,
            "gross_profit": null,
            "gross_margin": null,
            "gross_margin_4q_avg": 0,
            "net_income": null,
            "net_income_4q": null,
            "revenue": null,
            "revenue_4q": null,
            "common_shares": null,
            "book_valuer_per_share": null,
            "book_valuer_per_share_4q_avg": 0,
            "equity": null,
            "current_ratio": null,
            "debt_ratio": null,
            "inventory_turnover_ratio": null,
            "account_receivable_turnover_ratio": null,
            "reinvestment_rate": null,
            "research_to_sale_ratio": null,
            "price_fair": 0,
            "eps_avg_yearly": 0,
            "eps_latest_yearly": 0,
            "eps_growth_yearly": 0
        },
        "20071": {
            "year_quarter": 20071,
            "year": 2007,
            "quarter": 1,
            "eps": null,
            "eps_growth_year": null,
            "eps_4q": null,
            "eps_4q_growth_year": null,
            "roe": null,
            "roe_4q": 0,
            "gross_profit": null,
            "gross_margin": null,
            "gross_margin_4q_avg": 0,
            "net_income": null,
            "net_income_4q": null,
            "revenue": null,
            "revenue_4q": null,
            "common_shares": null,
            "book_valuer_per_share": null,
            "book_valuer_per_share_4q_avg": 0,
            "equity": null,
            "current_ratio": null,
            "debt_ratio": null,
            "inventory_turnover_ratio": null,
            "account_receivable_turnover_ratio": null,
            "reinvestment_rate": null,
            "research_to_sale_ratio": null,
            "price_fair": 0,
            "eps_avg_yearly": 0,
            "eps_latest_yearly": 0,
            "eps_growth_yearly": 0
        },
        "20072": {
            "year_quarter": 20072,
            "year": 2007,
            "quarter": 2,
            "eps": null,
            "eps_growth_year": null,
            "eps_4q": null,
            "eps_4q_growth_year": null,
            "roe": null,
            "roe_4q": 0,
            "gross_profit": null,
            "gross_margin": null,
            "gross_margin_4q_avg": 0,
            "net_income": null,
            "net_income_4q": null,
            "revenue": null,
            "revenue_4q": null,
            "common_shares": null,
            "book_valuer_per_share": null,
            "book_valuer_per_share_4q_avg": 0,
            "equity": null,
            "current_ratio": null,
            "debt_ratio": null,
            "inventory_turnover_ratio": null,
            "account_receivable_turnover_ratio": null,
            "reinvestment_rate": null,
            "research_to_sale_ratio": null,
            "price_fair": 0,
            "eps_avg_yearly": 0,
            "eps_latest_yearly": 0,
            "eps_growth_yearly": 0
        },
        "20073": {
            "year_quarter": 20073,
            "year": 2007,
            "quarter": 3,
            "eps": 1.73,
            "eps_growth_year": null,
            "eps_4q": null,
            "eps_4q_growth_year": null,
            "roe": 4.73,
            "roe_4q": 4.73,
            "gross_profit": 31500,
            "gross_margin": 29.52,
            "gross_margin_4q_avg": 7.38,
            "net_income": 9959,
            "net_income_4q": null,
            "revenue": 106693,
            "revenue_4q": null,
            "common_shares": 201000,
            "book_valuer_per_share": 10.48,
            "book_valuer_per_share_4q_avg": 2.62,
            "equity": 210693,
            "current_ratio": 111.21,
            "debt_ratio": 68.12,
            "inventory_turnover_ratio": 0.5,
            "account_receivable_turnover_ratio": null,
            "reinvestment_rate": null,
            "research_to_sale_ratio": null,
            "price_fair": 0,
            "eps_avg_yearly": 0,
            "eps_latest_yearly": 0,
            "eps_growth_yearly": 0
        },
        "20074": {
            "year_quarter": 20074,
            "year": 2007,
            "quarter": 4,
            "eps": 1.34,
            "eps_growth_year": null,
            "eps_4q": null,
            "eps_4q_growth_year": null,
            "roe": 5.29,
            "roe_4q": 10.02,
            "gross_profit": 41554,
            "gross_margin": 25.87,
            "gross_margin_4q_avg": 13.85,
            "net_income": 14703,
            "net_income_4q": null,
            "revenue": 160620,
            "revenue_4q": null,
            "common_shares": 231000,
            "book_valuer_per_share": 14.95,
            "book_valuer_per_share_4q_avg": 6.36,
            "equity": 345440,
            "current_ratio": 183.51,
            "debt_ratio": 46.18,
            "inventory_turnover_ratio": 0.91,
            "account_receivable_turnover_ratio": null,
            "reinvestment_rate": null,
            "research_to_sale_ratio": null,
            "price_fair": 16.08,
            "eps_avg_yearly": 5.36,
            "eps_latest_yearly": 5.36,
            "eps_growth_yearly": -90.17
        },
        "20081": {
            "year_quarter": 20081,
            "year": 2008,
            "quarter": 1,
            "eps": 0.51,
            "eps_growth_year": null,
            "eps_4q": null,
            "eps_4q_growth_year": null,
            "roe": 3.35,
            "roe_4q": 13.370000000000001,
            "gross_profit": 53676,
            "gross_margin": 32.96,
            "gross_margin_4q_avg": 22.09,
            "net_income": 11737,
            "net_income_4q": null,
            "revenue": 162851,
            "revenue_4q": null,
            "common_shares": 231000,
            "book_valuer_per_share": 15.42,
            "book_valuer_per_share_4q_avg": 10.21,
            "equity": 356165,
            "current_ratio": 183.48,
            "debt_ratio": 48.28,
            "inventory_turnover_ratio": 0.92,
            "account_receivable_turnover_ratio": null,
            "reinvestment_rate": null,
            "research_to_sale_ratio": null,
            "price_fair": 11.1,
            "eps_avg_yearly": 3.7,
            "eps_latest_yearly": 2.04,
            "eps_growth_yearly": -168.97
        },
        "20082": {
            "year_quarter": 20082,
            "year": 2008,
            "quarter": 2,
            "eps": 1.13,
            "eps_growth_year": null,
            "eps_4q": 2.7,
            "eps_4q_growth_year": null,
            "roe": 7.22,
            "roe_4q": 20.59,
            "gross_profit": 65967,
            "gross_margin": 31.48,
            "gross_margin_4q_avg": 29.96,
            "net_income": 26188,
            "net_income_4q": null,
            "revenue": 209582,
            "revenue_4q": null,
            "common_shares": 231000,
            "book_valuer_per_share": 15.98,
            "book_valuer_per_share_4q_avg": 14.21,
            "equity": 369121,
            "current_ratio": 152.49,
            "debt_ratio": 53.12,
            "inventory_turnover_ratio": 1.1,
            "account_receivable_turnover_ratio": null,
            "reinvestment_rate": null,
            "research_to_sale_ratio": null,
            "price_fair": 139.07,
            "eps_avg_yearly": 3.97,
            "eps_latest_yearly": 4.52,
            "eps_growth_yearly": 49.45
        },
        "20083": {
            "year_quarter": 20083,
            "year": 2008,
            "quarter": 3,
            "eps": 1.49,
            "eps_growth_year": -13.87,
            "eps_4q": 3.77,
            "eps_4q_growth_year": null,
            "roe": 8.84,
            "roe_4q": 24.7,
            "gross_profit": 84624,
            "gross_margin": 35.33,
            "gross_margin_4q_avg": 31.41,
            "net_income": 34355,
            "net_income_4q": null,
            "revenue": 239514,
            "revenue_4q": null,
            "common_shares": 231000,
            "book_valuer_per_share": 17.67,
            "book_valuer_per_share_4q_avg": 16.01,
            "equity": 408252,
            "current_ratio": 150.43,
            "debt_ratio": 55.25,
            "inventory_turnover_ratio": 0.9,
            "account_receivable_turnover_ratio": null,
            "reinvestment_rate": null,
            "research_to_sale_ratio": null,
            "price_fair": 156.45,
            "eps_avg_yearly": 4.47,
            "eps_latest_yearly": 5.96,
            "eps_growth_yearly": 68.94
        },
        "20084": {
            "year_quarter": 20084,
            "year": 2008,
            "quarter": 4,
            "eps": 0.99,
            "eps_growth_year": -26.12,
            "eps_4q": 4.08,
            "eps_4q_growth_year": null,
            "roe": 5.06,
            "roe_4q": 24.47,
            "gross_profit": 79723,
            "gross_margin": 36.6,
            "gross_margin_4q_avg": 34.09,
            "net_income": 23170,
            "net_income_4q": null,
            "revenue": 217830,
            "revenue_4q": null,
            "common_shares": 261800,
            "book_valuer_per_share": 19.38,
            "book_valuer_per_share_4q_avg": 17.11,
            "equity": 507495,
            "current_ratio": 225.6,
            "debt_ratio": 41.47,
            "inventory_turnover_ratio": 0.68,
            "account_receivable_turnover_ratio": 3.56,
            "reinvestment_rate": null,
            "research_to_sale_ratio": null,
            "price_fair": 152.88,
            "eps_avg_yearly": 4.37,
            "eps_latest_yearly": 3.96,
            "eps_growth_yearly": 28.31
        },
        "20091": {
            "year_quarter": 20091,
            "year": 2009,
            "quarter": 1,
            "eps": 2.22,
            "eps_growth_year": 335.29,
            "eps_4q": 5.42,
            "eps_4q_growth_year": null,
            "roe": 10.8,
            "roe_4q": 31.919999999999998,
            "gross_profit": 71092,
            "gross_margin": 37.89,
            "gross_margin_4q_avg": 35.33,
            "net_income": 57994,
            "net_income_4q": null,
            "revenue": 187626,
            "revenue_4q": null,
            "common_shares": 261800,
            "book_valuer_per_share": 21.64,
            "book_valuer_per_share_4q_avg": 18.67,
            "equity": 566580,
            "current_ratio": 299.16,
            "debt_ratio": 33.6,
            "inventory_turnover_ratio": 0.61,
            "account_receivable_turnover_ratio": 1.7,
            "reinvestment_rate": null,
            "research_to_sale_ratio": null,
            "price_fair": 179.2,
            "eps_avg_yearly": 5.12,
            "eps_latest_yearly": 8.88,
            "eps_growth_yearly": 106.42
        },
        "20092": {
            "year_quarter": 20092,
            "year": 2009,
            "quarter": 2,
            "eps": 1.35,
            "eps_growth_year": 19.47,
            "eps_4q": 5.75,
            "eps_4q_growth_year": 113,
            "roe": 6.52,
            "roe_4q": 31.22,
            "gross_profit": 98884,
            "gross_margin": 40.22,
            "gross_margin_4q_avg": 37.51,
            "net_income": 35424,
            "net_income_4q": null,
            "revenue": 245848,
            "revenue_4q": null,
            "common_shares": 261800,
            "book_valuer_per_share": 19.86,
            "book_valuer_per_share_4q_avg": 19.64,
            "equity": 520053,
            "current_ratio": 208.4,
            "debt_ratio": 42.9,
            "inventory_turnover_ratio": 0.81,
            "account_receivable_turnover_ratio": 2.21,
            "reinvestment_rate": null,
            "research_to_sale_ratio": null,
            "price_fair": 180.6,
            "eps_avg_yearly": 5.16,
            "eps_latest_yearly": 5.4,
            "eps_growth_yearly": 68.82
        },
        "20093": {
            "year_quarter": 20093,
            "year": 2009,
            "quarter": 3,
            "eps": 1.63,
            "eps_growth_year": 9.4,
            "eps_4q": 6.08,
            "eps_4q_growth_year": 61.28,
            "roe": 7.88,
            "roe_4q": 30.259999999999998,
            "gross_profit": 112343,
            "gross_margin": 42.44,
            "gross_margin_4q_avg": 39.29,
            "net_income": 42665,
            "net_income_4q": null,
            "revenue": 264709,
            "revenue_4q": null,
            "common_shares": 261800,
            "book_valuer_per_share": 21.5,
            "book_valuer_per_share_4q_avg": 20.6,
            "equity": 562955,
            "current_ratio": 264.41,
            "debt_ratio": 36.81,
            "inventory_turnover_ratio": 0.86,
            "account_receivable_turnover_ratio": 2.15,
            "reinvestment_rate": null,
            "research_to_sale_ratio": null,
            "price_fair": 186.55,
            "eps_avg_yearly": 5.33,
            "eps_latest_yearly": 6.52,
            "eps_growth_yearly": 70.59
        },
        "20094": {
            "year_quarter": 20094,
            "year": 2009,
            "quarter": 4,
            "eps": 1.02,
            "eps_growth_year": 3.03,
            "eps_4q": 6.13,
            "eps_4q_growth_year": 50.25,
            "roe": 4.61,
            "roe_4q": 29.81,
            "gross_profit": 103820,
            "gross_margin": 38.1,
            "gross_margin_4q_avg": 39.66,
            "net_income": 26668,
            "net_income_4q": null,
            "revenue": 272506,
            "revenue_4q": null,
            "common_shares": 265600,
            "book_valuer_per_share": 22.39,
            "book_valuer_per_share_4q_avg": 21.35,
            "equity": 594595,
            "current_ratio": 260.78,
            "debt_ratio": 37.31,
            "inventory_turnover_ratio": 0.97,
            "account_receivable_turnover_ratio": 3.98,
            "reinvestment_rate": null,
            "research_to_sale_ratio": null,
            "price_fair": 181.69,
            "eps_avg_yearly": 5.19,
            "eps_latest_yearly": 4.08,
            "eps_growth_yearly": 46.11
        },
        "20101": {
            "year_quarter": 20101,
            "year": 2010,
            "quarter": 1,
            "eps": 1.72,
            "eps_growth_year": -22.52,
            "eps_4q": 5.58,
            "eps_4q_growth_year": 2.78,
            "roe": 7.39,
            "roe_4q": 26.4,
            "gross_profit": 124325,
            "gross_margin": 41.1,
            "gross_margin_4q_avg": 40.47,
            "net_income": 45808,
            "net_income_4q": null,
            "revenue": 302505,
            "revenue_4q": null,
            "common_shares": 270050,
            "book_valuer_per_share": 23.92,
            "book_valuer_per_share_4q_avg": 21.92,
            "equity": 645960,
            "current_ratio": 267.71,
            "debt_ratio": 37.59,
            "inventory_turnover_ratio": 0.99,
            "account_receivable_turnover_ratio": 2.06,
            "reinvestment_rate": null,
            "research_to_sale_ratio": 3,
            "price_fair": 187.6,
            "eps_avg_yearly": 5.36,
            "eps_latest_yearly": 6.88,
            "eps_growth_yearly": 68.95
        },
        "20102": {
            "year_quarter": 20102,
            "year": 2010,
            "quarter": 2,
            "eps": 2.78,
            "eps_growth_year": 105.56,
            "eps_4q": 7.02,
            "eps_4q_growth_year": 22.12,
            "roe": 12.17,
            "roe_4q": 32.05,
            "gross_profit": 163772,
            "gross_margin": 41.13,
            "gross_margin_4q_avg": 40.69,
            "net_income": 75191,
            "net_income_4q": null,
            "revenue": 398134,
            "revenue_4q": null,
            "common_shares": 270950,
            "book_valuer_per_share": 21.75,
            "book_valuer_per_share_4q_avg": 22.39,
            "equity": 589397,
            "current_ratio": 181.24,
            "debt_ratio": 51.2,
            "inventory_turnover_ratio": 1.12,
            "account_receivable_turnover_ratio": 2.16,
            "reinvestment_rate": null,
            "research_to_sale_ratio": 2.64,
            "price_fair": 205.93,
            "eps_avg_yearly": 5.88,
            "eps_latest_yearly": 11.12,
            "eps_growth_yearly": 85.1
        },
        "20103": {
            "year_quarter": 20103,
            "year": 2010,
            "quarter": 3,
            "eps": 2.06,
            "eps_growth_year": 26.08,
            "eps_4q": 6.95,
            "eps_4q_growth_year": 14.16,
            "roe": 8.63,
            "roe_4q": 32.800000000000004,
            "gross_profit": 159982,
            "gross_margin": 41.38,
            "gross_margin_4q_avg": 40.43,
            "net_income": 62055,
            "net_income_4q": null,
            "revenue": 386659,
            "revenue_4q": null,
            "common_shares": 301950,
            "book_valuer_per_share": 28.13,
            "book_valuer_per_share_4q_avg": 24.05,
            "equity": 849446,
            "current_ratio": 259.28,
            "debt_ratio": 44.02,
            "inventory_turnover_ratio": 0.92,
            "account_receivable_turnover_ratio": 1.87,
            "reinvestment_rate": null,
            "research_to_sale_ratio": 3.44,
            "price_fair": 212.8,
            "eps_avg_yearly": 6.08,
            "eps_latest_yearly": 8.24,
            "eps_growth_yearly": 69.37
        },
        "20104": {
            "year_quarter": 20104,
            "year": 2010,
            "quarter": 4,
            "eps": 0.8,
            "eps_growth_year": -21.83,
            "eps_4q": 6.86,
            "eps_4q_growth_year": 11.95,
            "roe": 2.81,
            "roe_4q": 31,
            "gross_profit": 135870,
            "gross_margin": 42.59,
            "gross_margin_4q_avg": 41.55,
            "net_income": 24077,
            "net_income_4q": null,
            "revenue": 319000,
            "revenue_4q": null,
            "common_shares": 301950,
            "book_valuer_per_share": 28.6,
            "book_valuer_per_share_4q_avg": 25.6,
            "equity": 863445,
            "current_ratio": 305.82,
            "debt_ratio": 40.48,
            "inventory_turnover_ratio": 0.77,
            "account_receivable_turnover_ratio": 1.81,
            "reinvestment_rate": null,
            "research_to_sale_ratio": 3.61,
            "price_fair": 205.05,
            "eps_avg_yearly": 5.86,
            "eps_latest_yearly": 3.2,
            "eps_growth_yearly": 45.21
        },
        "20111": {
            "year_quarter": 20111,
            "year": 2011,
            "quarter": 1,
            "eps": 2.33,
            "eps_growth_year": 35.47,
            "eps_4q": 7.59,
            "eps_4q_growth_year": 36.06,
            "roe": 7.8,
            "roe_4q": 31.410000000000004,
            "gross_profit": 152473,
            "gross_margin": 42.97,
            "gross_margin_4q_avg": 42.02,
            "net_income": 70421,
            "net_income_4q": null,
            "revenue": 354854,
            "revenue_4q": null,
            "common_shares": 305500,
            "book_valuer_per_share": 30.88,
            "book_valuer_per_share_4q_avg": 27.34,
            "equity": 943311,
            "current_ratio": 309.78,
            "debt_ratio": 39.39,
            "inventory_turnover_ratio": 0.91,
            "account_receivable_turnover_ratio": 2.16,
            "reinvestment_rate": null,
            "research_to_sale_ratio": 2.75,
            "price_fair": 213.7,
            "eps_avg_yearly": 6.11,
            "eps_latest_yearly": 9.32,
            "eps_growth_yearly": 96.63
        },
        "20112": {
            "year_quarter": 20112,
            "year": 2011,
            "quarter": 2,
            "eps": 2.43,
            "eps_growth_year": -12.46,
            "eps_4q": 7.09,
            "eps_4q_growth_year": 0.9,
            "roe": 9,
            "roe_4q": 28.240000000000002,
            "gross_profit": 184632,
            "gross_margin": 42.6,
            "gross_margin_4q_avg": 42.39,
            "net_income": 81634,
            "net_income_4q": null,
            "revenue": 433421,
            "revenue_4q": null,
            "common_shares": 305500,
            "book_valuer_per_share": 28.47,
            "book_valuer_per_share_4q_avg": 29.02,
            "equity": 869833,
            "current_ratio": 196.95,
            "debt_ratio": 51.43,
            "inventory_turnover_ratio": 0.93,
            "account_receivable_turnover_ratio": 1.3,
            "reinvestment_rate": 77.81,
            "research_to_sale_ratio": 2.84,
            "price_fair": 222.13,
            "eps_avg_yearly": 6.35,
            "eps_latest_yearly": 9.72,
            "eps_growth_yearly": 91.33
        },
        "20113": {
            "year_quarter": 20113,
            "year": 2011,
            "quarter": 3,
            "eps": 2.8,
            "eps_growth_year": 36.48,
            "eps_4q": 8.05,
            "eps_4q_growth_year": 15.84,
            "roe": 10.17,
            "roe_4q": 29.78,
            "gross_profit": 193174,
            "gross_margin": 40.79,
            "gross_margin_4q_avg": 42.24,
            "net_income": 94254,
            "net_income_4q": null,
            "revenue": 473568,
            "revenue_4q": null,
            "common_shares": 336050,
            "book_valuer_per_share": 29.25,
            "book_valuer_per_share_4q_avg": 29.3,
            "equity": 983027,
            "current_ratio": 263.35,
            "debt_ratio": 41.97,
            "inventory_turnover_ratio": 0.88,
            "account_receivable_turnover_ratio": 1.27,
            "reinvestment_rate": 38.41,
            "research_to_sale_ratio": 2.65,
            "price_fair": 232.75,
            "eps_avg_yearly": 6.65,
            "eps_latest_yearly": 11.2,
            "eps_growth_yearly": 89.43
        },
        "20114": {
            "year_quarter": 20114,
            "year": 2011,
            "quarter": 4,
            "eps": 1.83,
            "eps_growth_year": 129.79,
            "eps_4q": 9.15,
            "eps_4q_growth_year": 33.38,
            "roe": 6.08,
            "roe_4q": 33.05,
            "gross_profit": 172782,
            "gross_margin": 41.7,
            "gross_margin_4q_avg": 42.02,
            "net_income": 61681,
            "net_income_4q": null,
            "revenue": 414389,
            "revenue_4q": null,
            "common_shares": 336625,
            "book_valuer_per_share": 31.06,
            "book_valuer_per_share_4q_avg": 29.92,
            "equity": 1045563,
            "current_ratio": 283.39,
            "debt_ratio": 39.93,
            "inventory_turnover_ratio": 0.8,
            "account_receivable_turnover_ratio": 1.24,
            "reinvestment_rate": 34.95,
            "research_to_sale_ratio": 3.57,
            "price_fair": 237.04,
            "eps_avg_yearly": 6.77,
            "eps_latest_yearly": 7.32,
            "eps_growth_yearly": 86.4
        },
        "20121": {
            "year_quarter": 20121,
            "year": 2012,
            "quarter": 1,
            "eps": 1.55,
            "eps_growth_year": -33.48,
            "eps_4q": 8.54,
            "eps_4q_growth_year": 12.56,
            "roe": 4.88,
            "roe_4q": 30.130000000000003,
            "gross_profit": 166178,
            "gross_margin": 43.9,
            "gross_margin_4q_avg": 42.25,
            "net_income": 52236,
            "net_income_4q": null,
            "revenue": 378533,
            "revenue_4q": null,
            "common_shares": 339425,
            "book_valuer_per_share": 32.3,
            "book_valuer_per_share_4q_avg": 30.27,
            "equity": 1096182,
            "current_ratio": 311.09,
            "debt_ratio": 37.39,
            "inventory_turnover_ratio": 0.81,
            "account_receivable_turnover_ratio": 0.95,
            "reinvestment_rate": 32.41,
            "research_to_sale_ratio": 3.26,
            "price_fair": 246.14,
            "eps_avg_yearly": 7.03,
            "eps_latest_yearly": 6.2,
            "eps_growth_yearly": 98.06
        },
        "20122": {
            "year_quarter": 20122,
            "year": 2012,
            "quarter": 2,
            "eps": 2.8,
            "eps_growth_year": 15.09,
            "eps_4q": 8.9,
            "eps_4q_growth_year": 25.64,
            "roe": 9.28,
            "roe_4q": 30.410000000000004,
            "gross_profit": 222105,
            "gross_margin": 44.56,
            "gross_margin_4q_avg": 42.74,
            "net_income": 95263,
            "net_income_4q": null,
            "revenue": 498437,
            "revenue_4q": null,
            "common_shares": 340750,
            "book_valuer_per_share": 28.08,
            "book_valuer_per_share_4q_avg": 30.17,
            "equity": 956794,
            "current_ratio": 191.77,
            "debt_ratio": 51.14,
            "inventory_turnover_ratio": 1.15,
            "account_receivable_turnover_ratio": 1.03,
            "reinvestment_rate": 28.17,
            "research_to_sale_ratio": 2.78,
            "price_fair": 260.75,
            "eps_avg_yearly": 7.45,
            "eps_latest_yearly": 11.2,
            "eps_growth_yearly": 87.83
        },
        "20123": {
            "year_quarter": 20123,
            "year": 2012,
            "quarter": 3,
            "eps": 2.24,
            "eps_growth_year": -20.31,
            "eps_4q": 8.37,
            "eps_4q_growth_year": 4.08,
            "roe": 7.66,
            "roe_4q": 27.9,
            "gross_profit": 208280,
            "gross_margin": 43.32,
            "gross_margin_4q_avg": 43.37,
            "net_income": 76165,
            "net_income_4q": null,
            "revenue": 480757,
            "revenue_4q": null,
            "common_shares": 340750,
            "book_valuer_per_share": 30.27,
            "book_valuer_per_share_4q_avg": 30.43,
            "equity": 1031464,
            "current_ratio": 237.05,
            "debt_ratio": 44.27,
            "inventory_turnover_ratio": 1.06,
            "account_receivable_turnover_ratio": 0.84,
            "reinvestment_rate": 25.42,
            "research_to_sale_ratio": 3.26,
            "price_fair": 267.31,
            "eps_avg_yearly": 7.64,
            "eps_latest_yearly": 8.96,
            "eps_growth_yearly": 74.87
        },
        "20124": {
            "year_quarter": 20124,
            "year": 2012,
            "quarter": 4,
            "eps": 2.28,
            "eps_growth_year": 24.5,
            "eps_4q": 8.85,
            "eps_4q_growth_year": -3.32,
            "roe": 7.27,
            "roe_4q": 29.09,
            "gross_profit": 183078,
            "gross_margin": 40.79,
            "gross_margin_4q_avg": 43.14,
            "net_income": 77736,
            "net_income_4q": null,
            "revenue": 448815,
            "revenue_4q": null,
            "common_shares": 340750,
            "book_valuer_per_share": 32.51,
            "book_valuer_per_share_4q_avg": 30.79,
            "equity": 1107803,
            "current_ratio": 282.98,
            "debt_ratio": 39.68,
            "inventory_turnover_ratio": 1.07,
            "account_receivable_turnover_ratio": 0.89,
            "reinvestment_rate": 23.82,
            "research_to_sale_ratio": 3,
            "price_fair": 278.6,
            "eps_avg_yearly": 7.96,
            "eps_latest_yearly": 9.12,
            "eps_growth_yearly": 83.7
        },
        "20131": {
            "year_quarter": 20131,
            "year": 2013,
            "quarter": 1,
            "eps": 3.37,
            "eps_growth_year": 117.42,
            "eps_4q": 10.68,
            "eps_4q_growth_year": 25.09,
            "roe": 9.84,
            "roe_4q": 34.05,
            "gross_profit": 221681,
            "gross_margin": 44.17,
            "gross_margin_4q_avg": 43.21,
            "net_income": 114775,
            "net_income_4q": null,
            "revenue": 501846,
            "revenue_4q": null,
            "common_shares": 340750,
            "book_valuer_per_share": 35.95,
            "book_valuer_per_share_4q_avg": 31.7,
            "equity": 1225024,
            "current_ratio": 282.82,
            "debt_ratio": 39.49,
            "inventory_turnover_ratio": 1.24,
            "account_receivable_turnover_ratio": 1.38,
            "reinvestment_rate": 21.53,
            "research_to_sale_ratio": 2.53,
            "price_fair": 288.66,
            "eps_avg_yearly": 8.25,
            "eps_latest_yearly": 13.48,
            "eps_growth_yearly": 64.6
        },
        "20132": {
            "year_quarter": 20132,
            "year": 2013,
            "quarter": 2,
            "eps": 3.45,
            "eps_growth_year": 23.4,
            "eps_4q": 11.33,
            "eps_4q_growth_year": 27.27,
            "roe": 10.05,
            "roe_4q": 34.82,
            "gross_profit": 243617,
            "gross_margin": 44.56,
            "gross_margin_4q_avg": 43.21,
            "net_income": 117500,
            "net_income_4q": null,
            "revenue": 546737,
            "revenue_4q": null,
            "common_shares": 340750,
            "book_valuer_per_share": 32.65,
            "book_valuer_per_share_4q_avg": 32.85,
            "equity": 1112528,
            "current_ratio": 194.75,
            "debt_ratio": 51.11,
            "inventory_turnover_ratio": 1.23,
            "account_receivable_turnover_ratio": 1.88,
            "reinvestment_rate": 20.23,
            "research_to_sale_ratio": 2.92,
            "price_fair": 307.04,
            "eps_avg_yearly": 8.77,
            "eps_latest_yearly": 13.8,
            "eps_growth_yearly": 74.99
        },
        "20133": {
            "year_quarter": 20133,
            "year": 2013,
            "quarter": 3,
            "eps": 3.4,
            "eps_growth_year": 52.11,
            "eps_4q": 12.39,
            "eps_4q_growth_year": 47.94,
            "roe": 9.8,
            "roe_4q": 36.96,
            "gross_profit": 246728,
            "gross_margin": 44.13,
            "gross_margin_4q_avg": 43.41,
            "net_income": 116065,
            "net_income_4q": null,
            "revenue": 559068,
            "revenue_4q": null,
            "common_shares": 340750,
            "book_valuer_per_share": 36.49,
            "book_valuer_per_share_4q_avg": 34.4,
            "equity": 1254989,
            "current_ratio": 250.45,
            "debt_ratio": 39.22,
            "inventory_turnover_ratio": 1.18,
            "account_receivable_turnover_ratio": 1.87,
            "reinvestment_rate": 27.58,
            "research_to_sale_ratio": 2.97,
            "price_fair": 322.53,
            "eps_avg_yearly": 9.22,
            "eps_latest_yearly": 13.6,
            "eps_growth_yearly": 69.44
        },
        "20134": {
            "year_quarter": 20134,
            "year": 2013,
            "quarter": 4,
            "eps": 2.8,
            "eps_growth_year": 22.59,
            "eps_4q": 12.91,
            "eps_4q_growth_year": 46.01,
            "roe": 7.28,
            "roe_4q": 36.97,
            "gross_profit": 219622,
            "gross_margin": 44.24,
            "gross_margin_4q_avg": 44.28,
            "net_income": 96287,
            "net_income_4q": null,
            "revenue": 496484,
            "revenue_4q": null,
            "common_shares": 344280,
            "book_valuer_per_share": 40.34,
            "book_valuer_per_share_4q_avg": 36.36,
            "equity": 1388853,
            "current_ratio": 279.29,
            "debt_ratio": 34.56,
            "inventory_turnover_ratio": 1.1,
            "account_receivable_turnover_ratio": 1.8,
            "reinvestment_rate": 31.19,
            "research_to_sale_ratio": 4,
            "price_fair": 338.1,
            "eps_avg_yearly": 9.66,
            "eps_latest_yearly": 11.2,
            "eps_growth_yearly": 74.38
        },
        "20141": {
            "year_quarter": 20141,
            "year": 2014,
            "quarter": 1,
            "eps": 3.29,
            "eps_growth_year": -2.37,
            "eps_4q": 12.87,
            "eps_4q_growth_year": 20.47,
            "roe": 7.7,
            "roe_4q": 34.83,
            "gross_profit": 231723,
            "gross_margin": 44.28,
            "gross_margin_4q_avg": 44.3,
            "net_income": 113114,
            "net_income_4q": null,
            "revenue": 523275,
            "revenue_4q": null,
            "common_shares": 344280,
            "book_valuer_per_share": 44.97,
            "book_valuer_per_share_4q_avg": 38.61,
            "equity": 1548216,
            "current_ratio": 267.56,
            "debt_ratio": 35.11,
            "inventory_turnover_ratio": 1.14,
            "account_receivable_turnover_ratio": 1.87,
            "reinvestment_rate": 32.71,
            "research_to_sale_ratio": 3.22,
            "price_fair": 351.84,
            "eps_avg_yearly": 10.05,
            "eps_latest_yearly": 13.16,
            "eps_growth_yearly": 61.6
        },
        "20142": {
            "year_quarter": 20142,
            "year": 2014,
            "quarter": 2,
            "eps": 3.57,
            "eps_growth_year": 3.48,
            "eps_4q": 13.01,
            "eps_4q_growth_year": 14.81,
            "roe": 8.56,
            "roe_4q": 33.34,
            "gross_profit": 287460,
            "gross_margin": 43.91,
            "gross_margin_4q_avg": 44.14,
            "net_income": 122929,
            "net_income_4q": null,
            "revenue": 654678,
            "revenue_4q": null,
            "common_shares": 344600,
            "book_valuer_per_share": 38.4,
            "book_valuer_per_share_4q_avg": 40.05,
            "equity": 1323415,
            "current_ratio": 175.59,
            "debt_ratio": 49.07,
            "inventory_turnover_ratio": 1.2,
            "account_receivable_turnover_ratio": 1.97,
            "reinvestment_rate": 31.65,
            "research_to_sale_ratio": 2.68,
            "price_fair": 358.75,
            "eps_avg_yearly": 10.25,
            "eps_latest_yearly": 14.28,
            "eps_growth_yearly": 48.32
        },
        "20143": {
            "year_quarter": 20143,
            "year": 2014,
            "quarter": 3,
            "eps": 3.56,
            "eps_growth_year": 4.71,
            "eps_4q": 13.21,
            "eps_4q_growth_year": 6.61,
            "roe": 8.91,
            "roe_4q": 32.449999999999996,
            "gross_profit": 274398,
            "gross_margin": 43.72,
            "gross_margin_4q_avg": 44.04,
            "net_income": 124133,
            "net_income_4q": null,
            "revenue": 627652,
            "revenue_4q": null,
            "common_shares": 344600,
            "book_valuer_per_share": 42.3,
            "book_valuer_per_share_4q_avg": 41.5,
            "equity": 1462063,
            "current_ratio": 260.26,
            "debt_ratio": 35.73,
            "inventory_turnover_ratio": 1.05,
            "account_receivable_turnover_ratio": 1.73,
            "reinvestment_rate": 16.62,
            "research_to_sale_ratio": 3.11,
            "price_fair": 371.88,
            "eps_avg_yearly": 10.63,
            "eps_latest_yearly": 14.24,
            "eps_growth_yearly": 54.73
        },
        "20144": {
            "year_quarter": 20144,
            "year": 2014,
            "quarter": 4,
            "eps": 4.21,
            "eps_growth_year": 50.46,
            "eps_4q": 14.63,
            "eps_4q_growth_year": 13.25,
            "roe": 9.53,
            "roe_4q": 34.7,
            "gross_profit": 287907,
            "gross_margin": 45.33,
            "gross_margin_4q_avg": 44.31,
            "net_income": 145477,
            "net_income_4q": null,
            "revenue": 635082,
            "revenue_4q": null,
            "common_shares": 345715,
            "book_valuer_per_share": 45.99,
            "book_valuer_per_share_4q_avg": 42.92,
            "equity": 1589847,
            "current_ratio": 278.94,
            "debt_ratio": 33.18,
            "inventory_turnover_ratio": 1.12,
            "account_receivable_turnover_ratio": 1.73,
            "reinvestment_rate": 13.99,
            "research_to_sale_ratio": 3.11,
            "price_fair": 401.71,
            "eps_avg_yearly": 11.48,
            "eps_latest_yearly": 16.84,
            "eps_growth_yearly": 74.58
        },
        "20151": {
            "year_quarter": 20151,
            "year": 2015,
            "quarter": 1,
            "eps": 2.94,
            "eps_growth_year": -10.64,
            "eps_4q": 14.14,
            "eps_4q_growth_year": 9.89,
            "roe": 6.2,
            "roe_4q": 33.2,
            "gross_profit": 272667,
            "gross_margin": 47.81,
            "gross_margin_4q_avg": 45.19,
            "net_income": 101805,
            "net_income_4q": null,
            "revenue": 570317,
            "revenue_4q": null,
            "common_shares": 345715,
            "book_valuer_per_share": 48.94,
            "book_valuer_per_share_4q_avg": 43.91,
            "equity": 1694897,
            "current_ratio": 243.09,
            "debt_ratio": 32.18,
            "inventory_turnover_ratio": 1.01,
            "account_receivable_turnover_ratio": 1.63,
            "reinvestment_rate": 25.62,
            "research_to_sale_ratio": 2.83,
            "price_fair": 339.92,
            "eps_avg_yearly": 11.63,
            "eps_latest_yearly": 11.76,
            "eps_growth_yearly": 19.23
        },
        "20152": {
            "year_quarter": 20152,
            "year": 2015,
            "quarter": 2,
            "eps": 4.46,
            "eps_growth_year": 24.93,
            "eps_4q": 14.21,
            "eps_4q_growth_year": 9.19,
            "roe": 10.56,
            "roe_4q": 35.2,
            "gross_profit": 348814,
            "gross_margin": 46.79,
            "gross_margin_4q_avg": 45.91,
            "net_income": 169780,
            "net_income_4q": null,
            "revenue": 745474,
            "revenue_4q": null,
            "common_shares": 346290,
            "book_valuer_per_share": 43.9,
            "book_valuer_per_share_4q_avg": 45.28,
            "equity": 1520237,
            "current_ratio": 169.64,
            "debt_ratio": 46.41,
            "inventory_turnover_ratio": 1.17,
            "account_receivable_turnover_ratio": 1.87,
            "reinvestment_rate": 21.4,
            "research_to_sale_ratio": 3.51,
            "price_fair": 424.81,
            "eps_avg_yearly": 12.14,
            "eps_latest_yearly": 17.84,
            "eps_growth_yearly": 31.08
        },
        "20153": {
            "year_quarter": 20153,
            "year": 2015,
            "quarter": 3,
            "eps": 4.61,
            "eps_growth_year": 29.49,
            "eps_4q": 15.52,
            "eps_4q_growth_year": 17.51,
            "roe": 11.02,
            "roe_4q": 37.309999999999995,
            "gross_profit": 300390,
            "gross_margin": 45.29,
            "gross_margin_4q_avg": 46.31,
            "net_income": 175532,
            "net_income_4q": null,
            "revenue": 663205,
            "revenue_4q": null,
            "common_shares": 381854,
            "book_valuer_per_share": 43.64,
            "book_valuer_per_share_4q_avg": 45.62,
            "equity": 1666341,
            "current_ratio": 231.53,
            "debt_ratio": 36.55,
            "inventory_turnover_ratio": 0.89,
            "account_receivable_turnover_ratio": 1.57,
            "reinvestment_rate": 15.39,
            "research_to_sale_ratio": 2.01,
            "price_fair": 440.65,
            "eps_avg_yearly": 12.59,
            "eps_latest_yearly": 18.44,
            "eps_growth_yearly": 28.11
        },
        "20154": {
            "year_quarter": 20154,
            "year": 2015,
            "quarter": 4,
            "eps": 3.4,
            "eps_growth_year": -19.17,
            "eps_4q": 15.11,
            "eps_4q_growth_year": 3.28,
            "roe": 7.24,
            "roe_4q": 35.02,
            "gross_profit": 320184,
            "gross_margin": 47.1,
            "gross_margin_4q_avg": 46.75,
            "net_income": 129925,
            "net_income_4q": null,
            "revenue": 679837,
            "revenue_4q": null,
            "common_shares": 382004,
            "book_valuer_per_share": 50.28,
            "book_valuer_per_share_4q_avg": 46.69,
            "equity": 1920898,
            "current_ratio": 354.4,
            "debt_ratio": 52.97,
            "inventory_turnover_ratio": 0.87,
            "account_receivable_turnover_ratio": 1.74,
            "reinvestment_rate": 19.5,
            "research_to_sale_ratio": 4.02,
            "price_fair": 454.39,
            "eps_avg_yearly": 12.98,
            "eps_latest_yearly": 13.6,
            "eps_growth_yearly": 30.21
        },
        "20161": {
            "year_quarter": 20161,
            "year": 2016,
            "quarter": 1,
            "eps": 2.65,
            "eps_growth_year": -9.86,
            "eps_4q": 14.98,
            "eps_4q_growth_year": 5.92,
            "roe": 5.04,
            "roe_4q": 33.86,
            "gross_profit": 311837,
            "gross_margin": 44.68,
            "gross_margin_4q_avg": 45.97,
            "net_income": 101868,
            "net_income_4q": null,
            "revenue": 697971,
            "revenue_4q": null,
            "common_shares": 382354,
            "book_valuer_per_share": 54.96,
            "book_valuer_per_share_4q_avg": 48.2,
            "equity": 2117849,
            "current_ratio": 214.74,
            "debt_ratio": 55.18,
            "inventory_turnover_ratio": 0.84,
            "account_receivable_turnover_ratio": 1.49,
            "reinvestment_rate": 22.74,
            "research_to_sale_ratio": 4.18,
            "price_fair": 464.01,
            "eps_avg_yearly": 13.26,
            "eps_latest_yearly": 10.6,
            "eps_growth_yearly": 28.52
        },
        "20162": {
            "year_quarter": 20162,
            "year": 2016,
            "quarter": 2,
            "eps": 4.15,
            "eps_growth_year": -6.95,
            "eps_4q": 14.72,
            "eps_4q_growth_year": 3.61,
            "roe": 8.04,
            "roe_4q": 31.34,
            "gross_profit": 420911,
            "gross_margin": 45.65,
            "gross_margin_4q_avg": 45.68,
            "net_income": 159959,
            "net_income_4q": null,
            "revenue": 922112,
            "revenue_4q": null,
            "common_shares": 385354,
            "book_valuer_per_share": 48.3,
            "book_valuer_per_share_4q_avg": 49.3,
            "equity": 1861328,
            "current_ratio": 143.73,
            "debt_ratio": 62.85,
            "inventory_turnover_ratio": 0.87,
            "account_receivable_turnover_ratio": 1.56,
            "reinvestment_rate": 24.23,
            "research_to_sale_ratio": 3.9,
            "price_fair": 442.02,
            "eps_avg_yearly": 13.6,
            "eps_latest_yearly": 16.6,
            "eps_growth_yearly": 22.51
        },
        "20163": {
            "year_quarter": 20163,
            "year": 2016,
            "quarter": 3,
            "eps": 3.11,
            "eps_growth_year": -32.54,
            "eps_4q": 13.27,
            "eps_4q_growth_year": -14.52,
            "roe": 6.31,
            "roe_4q": 26.629999999999995,
            "gross_profit": 383599,
            "gross_margin": 44.46,
            "gross_margin_4q_avg": 45.47,
            "net_income": 119698,
            "net_income_4q": null,
            "revenue": 862775,
            "revenue_4q": null,
            "common_shares": 385554,
            "book_valuer_per_share": 50.14,
            "book_valuer_per_share_4q_avg": 50.92,
            "equity": 1933107,
            "current_ratio": 168.27,
            "debt_ratio": 58.16,
            "inventory_turnover_ratio": 0.74,
            "account_receivable_turnover_ratio": 1.43,
            "reinvestment_rate": 22.5,
            "research_to_sale_ratio": 2.64,
            "price_fair": 431.62,
            "eps_avg_yearly": 13.81,
            "eps_latest_yearly": 12.44,
            "eps_growth_yearly": 21.25
        },
        "20164": {
            "year_quarter": 20164,
            "year": 2016,
            "quarter": 4,
            "eps": 4.24,
            "eps_growth_year": 24.78,
            "eps_4q": 14.14,
            "eps_4q_growth_year": -6.4,
            "roe": 8.11,
            "roe_4q": 27.499999999999996,
            "gross_profit": 443506,
            "gross_margin": 46.46,
            "gross_margin_4q_avg": 45.31,
            "net_income": 163621,
            "net_income_4q": null,
            "revenue": 954595,
            "revenue_4q": null,
            "common_shares": 385554,
            "book_valuer_per_share": 54.56,
            "book_valuer_per_share_4q_avg": 51.99,
            "equity": 2103678,
            "current_ratio": 178.74,
            "debt_ratio": 56.26,
            "inventory_turnover_ratio": 0.79,
            "account_receivable_turnover_ratio": 1.64,
            "reinvestment_rate": 21.6,
            "research_to_sale_ratio": 8.11,
            "price_fair": 500.59,
            "eps_avg_yearly": 14.3,
            "eps_latest_yearly": 16.96,
            "eps_growth_yearly": 29.89
        },
        "20171": {
            "year_quarter": 20171,
            "year": 2017,
            "quarter": 1,
            "eps": 2.98,
            "eps_growth_year": 12.45,
            "eps_4q": 14.48,
            "eps_4q_growth_year": -3.32,
            "roe": 5.4,
            "roe_4q": 27.86,
            "gross_profit": 399685,
            "gross_margin": 46.81,
            "gross_margin_4q_avg": 45.85,
            "net_income": 114938,
            "net_income_4q": null,
            "revenue": 853831,
            "revenue_4q": null,
            "common_shares": 385554,
            "book_valuer_per_share": 55.82,
            "book_valuer_per_share_4q_avg": 52.21,
            "equity": 2152192,
            "current_ratio": 192.05,
            "debt_ratio": 55.74,
            "inventory_turnover_ratio": 0.73,
            "account_receivable_turnover_ratio": 1.39,
            "reinvestment_rate": 22.45,
            "research_to_sale_ratio": 4.86,
            "price_fair": 291.27,
            "eps_avg_yearly": 14.21,
            "eps_latest_yearly": 11.92,
            "eps_growth_yearly": 10.5
        },
        "20172": {
            "year_quarter": 20172,
            "year": 2017,
            "quarter": 2,
            "eps": 4.37,
            "eps_growth_year": 5.3,
            "eps_4q": 14.7,
            "eps_4q_growth_year": -0.13,
            "roe": 8.09,
            "roe_4q": 27.91,
            "gross_profit": 404887,
            "gross_margin": 44.46,
            "gross_margin_4q_avg": 45.55,
            "net_income": 168570,
            "net_income_4q": null,
            "revenue": 910591,
            "revenue_4q": null,
            "common_shares": 385554,
            "book_valuer_per_share": 52.22,
            "book_valuer_per_share_4q_avg": 53.19,
            "equity": 2013237,
            "current_ratio": 151.53,
            "debt_ratio": 60.32,
            "inventory_turnover_ratio": 0.75,
            "account_receivable_turnover_ratio": 1.4,
            "reinvestment_rate": 24.51,
            "research_to_sale_ratio": 4.83,
            "price_fair": 455.75,
            "eps_avg_yearly": 14.44,
            "eps_latest_yearly": 17.48,
            "eps_growth_yearly": 21.57
        },
        "20173": {
            "year_quarter": 20173,
            "year": 2017,
            "quarter": 3,
            "eps": 4.11,
            "eps_growth_year": 32.15,
            "eps_4q": 15.71,
            "eps_4q_growth_year": 18.42,
            "roe": 7.29,
            "roe_4q": 28.89,
            "gross_profit": 418573,
            "gross_margin": 44.45,
            "gross_margin_4q_avg": 45.55,
            "net_income": 158544,
            "net_income_4q": null,
            "revenue": 941678,
            "revenue_4q": null,
            "common_shares": 385554,
            "book_valuer_per_share": 60.54,
            "book_valuer_per_share_4q_avg": 55.79,
            "equity": 2334280,
            "current_ratio": 179.84,
            "debt_ratio": 52.43,
            "inventory_turnover_ratio": 0.7,
            "account_receivable_turnover_ratio": 1.45,
            "reinvestment_rate": 29.87,
            "research_to_sale_ratio": 4.82,
            "price_fair": 444.91,
            "eps_avg_yearly": 14.61,
            "eps_latest_yearly": 16.44,
            "eps_growth_yearly": 20.45
        },
        "20174": {
            "year_quarter": 20174,
            "year": 2017,
            "quarter": 4,
            "eps": 4.56,
            "eps_growth_year": 7.39,
            "eps_4q": 16.02,
            "eps_4q_growth_year": 13.32,
            "roe": 7.03,
            "roe_4q": 27.810000000000002,
            "gross_profit": 450335,
            "gross_margin": 45.04,
            "gross_margin_4q_avg": 45.19,
            "net_income": 175707,
            "net_income_4q": null,
            "revenue": 999800,
            "revenue_4q": null,
            "common_shares": 385554,
            "book_valuer_per_share": 69.04,
            "book_valuer_per_share_4q_avg": 59.41,
            "equity": 2661955,
            "current_ratio": 95.51,
            "debt_ratio": 51.08,
            "inventory_turnover_ratio": 0.75,
            "account_receivable_turnover_ratio": 1.54,
            "reinvestment_rate": 33.59,
            "research_to_sale_ratio": 4.67,
            "price_fair": 526.84,
            "eps_avg_yearly": 15.05,
            "eps_latest_yearly": 18.24,
            "eps_growth_yearly": 27.6
        },
        "20181": {
            "year_quarter": 20181,
            "year": 2018,
            "quarter": 1,
            "eps": 3.51,
            "eps_growth_year": 17.79,
            "eps_4q": 16.55,
            "eps_4q_growth_year": 14.29,
            "roe": 4.85,
            "roe_4q": 27.259999999999998,
            "gross_profit": 397280,
            "gross_margin": 43.39,
            "gross_margin_4q_avg": 44.34,
            "net_income": 135163,
            "net_income_4q": null,
            "revenue": 915674,
            "revenue_4q": null,
            "common_shares": 385554,
            "book_valuer_per_share": 75.55,
            "book_valuer_per_share_4q_avg": 64.34,
            "equity": 2912998,
            "current_ratio": 103.6,
            "debt_ratio": 47.22,
            "inventory_turnover_ratio": 0.77,
            "account_receivable_turnover_ratio": 1.33,
            "reinvestment_rate": -3.78,
            "research_to_sale_ratio": 5.04,
            "price_fair": 414.92,
            "eps_avg_yearly": 15.11,
            "eps_latest_yearly": 14.04,
            "eps_growth_yearly": 17.46
        },
        "20182": {
            "year_quarter": 20182,
            "year": 2018,
            "quarter": 2,
            "eps": 5.01,
            "eps_growth_year": 14.65,
            "eps_4q": 17.18,
            "eps_4q_growth_year": 16.89,
            "roe": 6.71,
            "roe_4q": 25.88,
            "gross_profit": 463209,
            "gross_margin": 45.4,
            "gross_margin_4q_avg": 44.57,
            "net_income": 193153,
            "net_income_4q": null,
            "revenue": 1020365,
            "revenue_4q": null,
            "common_shares": 385554,
            "book_valuer_per_share": 73.75,
            "book_valuer_per_share_4q_avg": 69.72,
            "equity": 2843430,
            "current_ratio": 96.08,
            "debt_ratio": 53.82,
            "inventory_turnover_ratio": 0.85,
            "account_receivable_turnover_ratio": 1.41,
            "reinvestment_rate": -3.87,
            "research_to_sale_ratio": 4.53,
            "price_fair": 541.36,
            "eps_avg_yearly": 15.47,
            "eps_latest_yearly": 20.04,
            "eps_growth_yearly": 26.02
        },
        "20183": {
            "year_quarter": 20183,
            "year": 2018,
            "quarter": 3,
            "eps": 4.16,
            "eps_growth_year": 1.22,
            "eps_4q": 17.23,
            "eps_4q_growth_year": 9.68,
            "roe": 5.79,
            "roe_4q": 24.380000000000003,
            "gross_profit": 435589,
            "gross_margin": 46.96,
            "gross_margin_4q_avg": 45.2,
            "net_income": 160295,
            "net_income_4q": null,
            "revenue": 927597,
            "revenue_4q": null,
            "common_shares": 385554,
            "book_valuer_per_share": 69.82,
            "book_valuer_per_share_4q_avg": 72.04,
            "equity": 2691881,
            "current_ratio": 100.79,
            "debt_ratio": 52.62,
            "inventory_turnover_ratio": 0.76,
            "account_receivable_turnover_ratio": 1.27,
            "reinvestment_rate": -4.05,
            "research_to_sale_ratio": 5.26,
            "price_fair": 497.41,
            "eps_avg_yearly": 15.62,
            "eps_latest_yearly": 16.64,
            "eps_growth_yearly": 21.85
        },
        "20184": {
            "year_quarter": 20184,
            "year": 2018,
            "quarter": 4,
            "eps": 5.17,
            "eps_growth_year": 13.39,
            "eps_4q": 17.84,
            "eps_4q_growth_year": 11.34,
            "roe": 7.25,
            "roe_4q": 24.6,
            "gross_profit": 517547,
            "gross_margin": 48.77,
            "gross_margin_4q_avg": 46.13,
            "net_income": 199232,
            "net_income_4q": null,
            "revenue": 1061123,
            "revenue_4q": null,
            "common_shares": 385554,
            "book_valuer_per_share": 72.64,
            "book_valuer_per_share_4q_avg": 72.94,
            "equity": 2800487,
            "current_ratio": 108,
            "debt_ratio": 50.14,
            "inventory_turnover_ratio": 0.85,
            "account_receivable_turnover_ratio": 1.41,
            "reinvestment_rate": -2.6,
            "research_to_sale_ratio": 5.09,
            "price_fair": 528.92,
            "eps_avg_yearly": 15.86,
            "eps_latest_yearly": 20.68,
            "eps_growth_yearly": 23.35
        },
        "20191": {
            "year_quarter": 20191,
            "year": 2019,
            "quarter": 1,
            "eps": 4.29,
            "eps_growth_year": 22.22,
            "eps_4q": 18.63,
            "eps_4q_growth_year": 12.58,
            "roe": 5.68,
            "roe_4q": 25.43,
            "gross_profit": 497080,
            "gross_margin": 38.51,
            "gross_margin_4q_avg": 44.91,
            "net_income": 165564,
            "net_income_4q": null,
            "revenue": 1290942,
            "revenue_4q": null,
            "common_shares": 385554,
            "book_valuer_per_share": 78.66,
            "book_valuer_per_share_4q_avg": 73.72,
            "equity": 3032754,
            "current_ratio": 167.75,
            "debt_ratio": 57.95,
            "inventory_turnover_ratio": 1.07,
            "account_receivable_turnover_ratio": 1.41,
            "reinvestment_rate": 3.26,
            "research_to_sale_ratio": 3.86,
            "price_fair": 566.83,
            "eps_avg_yearly": 16.2,
            "eps_latest_yearly": 17.16,
            "eps_growth_yearly": 26.64
        },
        "20192": {
            "year_quarter": 20192,
            "year": 2019,
            "quarter": 2,
            "eps": 4.84,
            "eps_growth_year": -3.39,
            "eps_4q": 17.22,
            "eps_4q_growth_year": 0.23,
            "roe": 7.05,
            "roe_4q": 25.77,
            "gross_profit": 555520,
            "gross_margin": 37.1,
            "gross_margin_4q_avg": 42.84,
            "net_income": 205417,
            "net_income_4q": null,
            "revenue": 1497343,
            "revenue_4q": null,
            "common_shares": 385554,
            "book_valuer_per_share": 72.4,
            "book_valuer_per_share_4q_avg": 73.38,
            "equity": 2791461,
            "current_ratio": 159.33,
            "debt_ratio": 60.16,
            "inventory_turnover_ratio": 1.13,
            "account_receivable_turnover_ratio": 1.42,
            "reinvestment_rate": 6.03,
            "research_to_sale_ratio": 3.98,
            "price_fair": 438.54,
            "eps_avg_yearly": 16.29,
            "eps_latest_yearly": 19.36,
            "eps_growth_yearly": 16.92
        },
        "20193": {
            "year_quarter": 20193,
            "year": 2019,
            "quarter": 3,
            "eps": 4.26,
            "eps_growth_year": 2.4,
            "eps_4q": 17.7,
            "eps_4q_growth_year": 2.72,
            "roe": 6.34,
            "roe_4q": 26.32,
            "gross_profit": 558095,
            "gross_margin": 37.76,
            "gross_margin_4q_avg": 40.54,
            "net_income": 180813,
            "net_income_4q": null,
            "revenue": 1478086,
            "revenue_4q": null,
            "common_shares": 424109,
            "book_valuer_per_share": 68.67,
            "book_valuer_per_share_4q_avg": 73.09,
            "equity": 2914001,
            "current_ratio": 145.81,
            "debt_ratio": 55.82,
            "inventory_turnover_ratio": 1.06,
            "account_receivable_turnover_ratio": 1.44,
            "reinvestment_rate": 8.35,
            "research_to_sale_ratio": 3.62,
            "price_fair": 374.02,
            "eps_avg_yearly": 16.2,
            "eps_latest_yearly": 17.04,
            "eps_growth_yearly": 13.08
        },
        "20194": {
            "year_quarter": 20194,
            "year": 2019,
            "quarter": 4,
            "eps": 4.91,
            "eps_growth_year": -4.9,
            "eps_4q": 17.9,
            "eps_4q_growth_year": 0.36,
            "roe": 6.87,
            "roe_4q": 25.94,
            "gross_profit": 591161,
            "gross_margin": 37.17,
            "gross_margin_4q_avg": 37.64,
            "net_income": 208730,
            "net_income_4q": null,
            "revenue": 1590517,
            "revenue_4q": null,
            "common_shares": 424369,
            "book_valuer_per_share": 74.51,
            "book_valuer_per_share_4q_avg": 73.56,
            "equity": 3165034,
            "current_ratio": 138.41,
            "debt_ratio": 53.38,
            "inventory_turnover_ratio": 1.12,
            "account_receivable_turnover_ratio": 1.55,
            "reinvestment_rate": 4.19,
            "research_to_sale_ratio": 3.75,
            "price_fair": 554.77,
            "eps_avg_yearly": 16.58,
            "eps_latest_yearly": 19.64,
            "eps_growth_yearly": 23.46
        },
        "20201": {
            "year_quarter": 20201,
            "year": 2020,
            "quarter": 1,
            "eps": 3.04,
            "eps_growth_year": -29.14,
            "eps_4q": 17.05,
            "eps_4q_growth_year": -8.47,
            "roe": 4.17,
            "roe_4q": 24.43,
            "gross_profit": 459208,
            "gross_margin": 35.63,
            "gross_margin_4q_avg": 36.92,
            "net_income": 129288,
            "net_income_4q": null,
            "revenue": 1288833,
            "revenue_4q": null,
            "common_shares": 424769,
            "book_valuer_per_share": 71.53,
            "book_valuer_per_share_4q_avg": 71.78,
            "equity": 3038411,
            "current_ratio": 147.86,
            "debt_ratio": 52.79,
            "inventory_turnover_ratio": 0.92,
            "account_receivable_turnover_ratio": 1.29,
            "reinvestment_rate": 1.31,
            "research_to_sale_ratio": 4.13,
            "price_fair": 491.21,
            "eps_avg_yearly": 16.68,
            "eps_latest_yearly": 12.16,
            "eps_growth_yearly": 19.45
        },
        "20202": {
            "year_quarter": 20202,
            "year": 2020,
            "quarter": 2,
            "eps": 3.28,
            "eps_growth_year": -32.23,
            "eps_4q": 15.5,
            "eps_4q_growth_year": -10.03,
            "roe": 4.75,
            "roe_4q": 22.13,
            "gross_profit": 429600,
            "gross_margin": 33.77,
            "gross_margin_4q_avg": 36.08,
            "net_income": 139465,
            "net_income_4q": null,
            "revenue": 1271961,
            "revenue_4q": null,
            "common_shares": 424769,
            "book_valuer_per_share": 66.7,
            "book_valuer_per_share_4q_avg": 70.35,
            "equity": 2833136,
            "current_ratio": 127.17,
            "debt_ratio": 57.63,
            "inventory_turnover_ratio": 0.88,
            "account_receivable_turnover_ratio": 1.36,
            "reinvestment_rate": -0.34,
            "research_to_sale_ratio": 3.63,
            "price_fair": 284.37,
            "eps_avg_yearly": 16.46,
            "eps_latest_yearly": 13.12,
            "eps_growth_yearly": 7.28
        },
        "20203": {
            "year_quarter": 20203,
            "year": 2020,
            "quarter": 3,
            "eps": 4.51,
            "eps_growth_year": 5.87,
            "eps_4q": 15.75,
            "eps_4q_growth_year": -10.99,
            "roe": 6.55,
            "roe_4q": 22.34,
            "gross_profit": 532651,
            "gross_margin": 36.52,
            "gross_margin_4q_avg": 35.77,
            "net_income": 191682,
            "net_income_4q": null,
            "revenue": 1458422,
            "revenue_4q": null,
            "common_shares": 424769,
            "book_valuer_per_share": 71.01,
            "book_valuer_per_share_4q_avg": 70.94,
            "equity": 3016169,
            "current_ratio": 171.68,
            "debt_ratio": 54.67,
            "inventory_turnover_ratio": 1.03,
            "account_receivable_turnover_ratio": 1.59,
            "reinvestment_rate": 0.25,
            "research_to_sale_ratio": 3.23,
            "price_fair": 553.32,
            "eps_avg_yearly": 16.81,
            "eps_latest_yearly": 18.04,
            "eps_growth_yearly": 22.92
        },
        "20204": {
            "year_quarter": 20204,
            "year": 2020,
            "quarter": 4,
            "eps": 6,
            "eps_growth_year": 22.13,
            "eps_4q": 16.84,
            "eps_4q_growth_year": -5.94,
            "roe": 7.76,
            "roe_4q": 23.229999999999997,
            "gross_profit": 601364,
            "gross_margin": 36.13,
            "gross_margin_4q_avg": 35.51,
            "net_income": 254917,
            "net_income_4q": null,
            "revenue": 1664592,
            "revenue_4q": null,
            "common_shares": 424769,
            "book_valuer_per_share": 83.6,
            "book_valuer_per_share_4q_avg": 73.21,
            "equity": 3551215,
            "current_ratio": 164.46,
            "debt_ratio": 50.01,
            "inventory_turnover_ratio": 1.31,
            "account_receivable_turnover_ratio": 1.64,
            "reinvestment_rate": -0.09,
            "research_to_sale_ratio": 3.5,
            "price_fair": 553.59,
            "eps_avg_yearly": 17.25,
            "eps_latest_yearly": 24,
            "eps_growth_yearly": 22.09
        },
        "20211": {
            "year_quarter": 20211,
            "year": 2021,
            "quarter": 1,
            "eps": 4.13,
            "eps_growth_year": 35.86,
            "eps_4q": 17.93,
            "eps_4q_growth_year": 5.14,
            "roe": 4.86,
            "roe_4q": 23.92,
            "gross_profit": 525728,
            "gross_margin": 34.47,
            "gross_margin_4q_avg": 35.22,
            "net_income": 175443,
            "net_income_4q": null,
            "revenue": 1524983,
            "revenue_4q": null,
            "common_shares": 424769,
            "book_valuer_per_share": 86.26,
            "book_valuer_per_share_4q_avg": 76.89,
            "equity": 3664137,
            "current_ratio": 152.88,
            "debt_ratio": 48.71,
            "inventory_turnover_ratio": 1.18,
            "account_receivable_turnover_ratio": 1.38,
            "reinvestment_rate": 0.17,
            "research_to_sale_ratio": 3.4,
            "price_fair": 556.46,
            "eps_avg_yearly": 17.54,
            "eps_latest_yearly": 16.52,
            "eps_growth_yearly": 21.73
        },
        "20212": {
            "year_quarter": 20212,
            "year": 2021,
            "quarter": 2,
            "eps": 5.01,
            "eps_growth_year": 52.74,
            "eps_4q": 19.65,
            "eps_4q_growth_year": 26.79,
            "roe": 5.9,
            "roe_4q": 25.070000000000004,
            "gross_profit": 578524,
            "gross_margin": 33.33,
            "gross_margin_4q_avg": 35.11,
            "net_income": 212609,
            "net_income_4q": null,
            "revenue": 1735886,
            "revenue_4q": null,
            "common_shares": 424769,
            "book_valuer_per_share": 83.39,
            "book_valuer_per_share_4q_avg": 81.07,
            "equity": 3542081,
            "current_ratio": 134.15,
            "debt_ratio": 53.25,
            "inventory_turnover_ratio": 1.19,
            "account_receivable_turnover_ratio": 1.44,
            "reinvestment_rate": -1.44,
            "research_to_sale_ratio": 2.85,
            "price_fair": 449.44,
            "eps_avg_yearly": 17.7,
            "eps_latest_yearly": 20.04,
            "eps_growth_yearly": 15.4
        },
        "20213": {
            "year_quarter": 20213,
            "year": 2021,
            "quarter": 3,
            "eps": 4.98,
            "eps_growth_year": 10.42,
            "eps_4q": 20.12,
            "eps_4q_growth_year": 27.73,
            "roe": 5.83,
            "roe_4q": 24.35,
            "gross_profit": 578851,
            "gross_margin": 32.57,
            "gross_margin_4q_avg": 34.13,
            "net_income": 211742,
            "net_income_4q": null,
            "revenue": 1777174,
            "revenue_4q": null,
            "common_shares": 424769,
            "book_valuer_per_share": 87.64,
            "book_valuer_per_share_4q_avg": 85.22,
            "equity": 3722533,
            "current_ratio": 141.05,
            "debt_ratio": 51.45,
            "inventory_turnover_ratio": 1.12,
            "account_receivable_turnover_ratio": 1.35,
            "reinvestment_rate": -8.79,
            "research_to_sale_ratio": 2.99,
            "price_fair": 478.93,
            "eps_avg_yearly": 17.92,
            "eps_latest_yearly": 19.92,
            "eps_growth_yearly": 16.73
        },
        "20214": {
            "year_quarter": 20214,
            "year": 2021,
            "quarter": 4,
            "eps": 4.35,
            "eps_growth_year": -27.55,
            "eps_4q": 18.47,
            "eps_4q_growth_year": 9.66,
            "roe": 4.73,
            "roe_4q": 21.32,
            "gross_profit": 592274,
            "gross_margin": 32.71,
            "gross_margin_4q_avg": 33.27,
            "net_income": 184692,
            "net_income_4q": null,
            "revenue": 1810765,
            "revenue_4q": null,
            "common_shares": 424769,
            "book_valuer_per_share": 96.24,
            "book_valuer_per_share_4q_avg": 88.38,
            "equity": 4088143,
            "current_ratio": 167.97,
            "debt_ratio": 46.7,
            "inventory_turnover_ratio": 1.07,
            "account_receivable_turnover_ratio": 1.4,
            "reinvestment_rate": -14.14,
            "research_to_sale_ratio": 3.23,
            "price_fair": 372.14,
            "eps_avg_yearly": 17.86,
            "eps_latest_yearly": 17.4,
            "eps_growth_yearly": 10.83
        },
        "20221": {
            "year_quarter": 20221,
            "year": 2022,
            "quarter": 1,
            "eps": 3.66,
            "eps_growth_year": -11.38,
            "eps_4q": 18,
            "eps_4q_growth_year": 0.41,
            "roe": 3.65,
            "roe_4q": 20.11,
            "gross_profit": 524703,
            "gross_margin": 29.78,
            "gross_margin_4q_avg": 32.1,
            "net_income": 155554,
            "net_income_4q": null,
            "revenue": 1762091,
            "revenue_4q": null,
            "common_shares": 424769,
            "book_valuer_per_share": 104.66,
            "book_valuer_per_share_4q_avg": 92.98,
            "equity": 4445753,
            "current_ratio": 173.46,
            "debt_ratio": 43.94,
            "inventory_turnover_ratio": 0.97,
            "account_receivable_turnover_ratio": 1.36,
            "reinvestment_rate": 13.52,
            "research_to_sale_ratio": 3.24,
            "price_fair": 404.98,
            "eps_avg_yearly": 17.9,
            "eps_latest_yearly": 14.64,
            "eps_growth_yearly": 12.62
        },
        "20222": {
            "year_quarter": 20222,
            "year": 2022,
            "quarter": 2,
            "eps": 7.02,
            "eps_growth_year": 40.12,
            "eps_4q": 20.02,
            "eps_4q_growth_year": 1.88,
            "roe": 6.97,
            "roe_4q": 21.18,
            "gross_profit": 700579,
            "gross_margin": 34.3,
            "gross_margin_4q_avg": 32.34,
            "net_income": 298368,
            "net_income_4q": null,
            "revenue": 2042284,
            "revenue_4q": null,
            "common_shares": 424769,
            "book_valuer_per_share": 96.87,
            "book_valuer_per_share_4q_avg": 96.35,
            "equity": 4114597,
            "current_ratio": 149.16,
            "debt_ratio": 49.49,
            "inventory_turnover_ratio": 0.91,
            "account_receivable_turnover_ratio": 1.5,
            "reinvestment_rate": 13.72,
            "research_to_sale_ratio": 3.06,
            "price_fair": 642.09,
            "eps_avg_yearly": 18.4,
            "eps_latest_yearly": 28.08,
            "eps_growth_yearly": 24.89
        },
        "20223": {
            "year_quarter": 20223,
            "year": 2022,
            "quarter": 3,
            "eps": 5.77,
            "eps_growth_year": 15.86,
            "eps_4q": 20.79,
            "eps_4q_growth_year": 3.34,
            "roe": 5.58,
            "roe_4q": 20.93,
            "gross_profit": 656178,
            "gross_margin": 33.14,
            "gross_margin_4q_avg": 32.48,
            "net_income": 245376,
            "net_income_4q": null,
            "revenue": 1980110,
            "revenue_4q": null,
            "common_shares": 424769,
            "book_valuer_per_share": 109.93,
            "book_valuer_per_share_4q_avg": 101.93,
            "equity": 4673525,
            "current_ratio": 144.67,
            "debt_ratio": 43.79,
            "inventory_turnover_ratio": 0.8,
            "account_receivable_turnover_ratio": 1.45,
            "reinvestment_rate": 14.17,
            "research_to_sale_ratio": 2.8,
            "price_fair": 652.19,
            "eps_avg_yearly": 18.81,
            "eps_latest_yearly": 23.08,
            "eps_growth_yearly": 24.68
        },
        "20224": {
            "year_quarter": 20224,
            "year": 2022,
            "quarter": 4,
            "eps": 6.25,
            "eps_growth_year": 43.67,
            "eps_4q": 22.69,
            "eps_4q_growth_year": 22.88,
            "roe": 5.64,
            "roe_4q": 21.839999999999996,
            "gross_profit": 765999,
            "gross_margin": 35.1,
            "gross_margin_4q_avg": 33.08,
            "net_income": 265611,
            "net_income_4q": null,
            "revenue": 2182433,
            "revenue_4q": null,
            "common_shares": 425129,
            "book_valuer_per_share": 111.59,
            "book_valuer_per_share_4q_avg": 105.76,
            "equity": 4750725,
            "current_ratio": 175.37,
            "debt_ratio": 42.73,
            "inventory_turnover_ratio": 0.84,
            "account_receivable_turnover_ratio": 1.64,
            "reinvestment_rate": 13.05,
            "research_to_sale_ratio": 2.51,
            "price_fair": 585.44,
            "eps_avg_yearly": 19.08,
            "eps_latest_yearly": 25,
            "eps_growth_yearly": 20.69
        },
        "20231": {
            "year_quarter": 20231,
            "year": 2023,
            "quarter": 1,
            "eps": 4.81,
            "eps_growth_year": 31.42,
            "eps_4q": 23.84,
            "eps_4q_growth_year": 32.44,
            "roe": 4.03,
            "roe_4q": 22.22,
            "gross_profit": 625643,
            "gross_margin": 32.79,
            "gross_margin_4q_avg": 33.83,
            "net_income": 204329,
            "net_income_4q": null,
            "revenue": 1908049,
            "revenue_4q": null,
            "common_shares": 425189,
            "book_valuer_per_share": 126.66,
            "book_valuer_per_share_4q_avg": 111.26,
            "equity": 5385777,
            "current_ratio": 194.35,
            "debt_ratio": 37.7,
            "inventory_turnover_ratio": 0.78,
            "account_receivable_turnover_ratio": 1.47,
            "reinvestment_rate": 2.82,
            "research_to_sale_ratio": 2.69,
            "price_fair": 560.53,
            "eps_avg_yearly": 19.21,
            "eps_latest_yearly": 19.24,
            "eps_growth_yearly": 19.19
        },
        "20232": {
            "year_quarter": 20232,
            "year": 2023,
            "quarter": 2,
            "eps": 7.01,
            "eps_growth_year": -0.14,
            "eps_4q": 22.26,
            "eps_4q_growth_year": 11.19,
            "roe": 6.24,
            "roe_4q": 21.490000000000002,
            "gross_profit": 776868,
            "gross_margin": 35.4,
            "gross_margin_4q_avg": 34.11,
            "net_income": 327839,
            "net_income_4q": null,
            "revenue": 2194641,
            "revenue_4q": null,
            "common_shares": 425219,
            "book_valuer_per_share": 120.03,
            "book_valuer_per_share_4q_avg": 117.05,
            "equity": 5114823,
            "current_ratio": 159.77,
            "debt_ratio": 44.84,
            "inventory_turnover_ratio": 0.85,
            "account_receivable_turnover_ratio": 1.59,
            "reinvestment_rate": 3.91,
            "research_to_sale_ratio": 2.76,
            "price_fair": 691.16,
            "eps_avg_yearly": 19.75,
            "eps_latest_yearly": 28.04,
            "eps_growth_yearly": 27.42
        },
        "20233": {
            "year_quarter": 20233,
            "year": 2023,
            "quarter": 3,
            "eps": 4.89,
            "eps_growth_year": -15.25,
            "eps_4q": 21.81,
            "eps_4q_growth_year": 4.88,
            "roe": 4.41,
            "roe_4q": 20.32,
            "gross_profit": 735360,
            "gross_margin": 34.89,
            "gross_margin_4q_avg": 34.55,
            "net_income": 229533,
            "net_income_4q": null,
            "revenue": 2107692,
            "revenue_4q": null,
            "common_shares": 468641,
            "book_valuer_per_share": 112.25,
            "book_valuer_per_share_4q_avg": 117.63,
            "equity": 5287874,
            "current_ratio": 166.65,
            "debt_ratio": 43.75,
            "inventory_turnover_ratio": 0.81,
            "account_receivable_turnover_ratio": 1.43,
            "reinvestment_rate": 4.33,
            "research_to_sale_ratio": 2.88,
            "price_fair": 653.91,
            "eps_avg_yearly": 19.91,
            "eps_latest_yearly": 19.56,
            "eps_growth_yearly": 22.85
        }
    },
    "months": {
        "2008-11": {
            "month": "2008-11",
            "price": "25.15",
            "revenue": 67627
        },
        "2008-12": {
            "month": "2008-12",
            "price": "25.23",
            "revenue": 60690
        },
        "2009-01": {
            "month": "2009-01",
            "price": "27.49",
            "revenue": 48551
        },
        "2009-02": {
            "month": "2009-02",
            "price": "31.59",
            "revenue": 53126
        },
        "2009-03": {
            "month": "2009-03",
            "price": "40.25",
            "revenue": 60470
        },
        "2009-04": {
            "month": "2009-04",
            "price": "46.95",
            "revenue": 70049
        },
        "2009-05": {
            "month": "2009-05",
            "price": "65.19",
            "revenue": 65120
        },
        "2009-06": {
            "month": "2009-06",
            "price": "59.92",
            "revenue": 73995
        },
        "2009-07": {
            "month": "2009-07",
            "price": "63.32",
            "revenue": 70753
        },
        "2009-08": {
            "month": "2009-08",
            "price": "66.74",
            "revenue": 77273
        },
        "2009-09": {
            "month": "2009-09",
            "price": "68.64",
            "revenue": 74108
        },
        "2009-10": {
            "month": "2009-10",
            "price": "65.15",
            "revenue": 70733
        },
        "2009-11": {
            "month": "2009-11",
            "price": "65.39",
            "revenue": 70744
        },
        "2009-12": {
            "month": "2009-12",
            "price": "71.37",
            "revenue": 81858
        },
        "2010-01": {
            "month": "2010-01",
            "price": "75.94",
            "revenue": 95820
        },
        "2010-02": {
            "month": "2010-02",
            "price": "72.46",
            "revenue": 91029
        },
        "2010-03": {
            "month": "2010-03",
            "price": "79.15",
            "revenue": 115407
        },
        "2010-04": {
            "month": "2010-04",
            "price": "82.80",
            "revenue": 122043
        },
        "2010-05": {
            "month": "2010-05",
            "price": "78.92",
            "revenue": 121138
        },
        "2010-06": {
            "month": "2010-06",
            "price": "81.19",
            "revenue": 154225
        },
        "2010-07": {
            "month": "2010-07",
            "price": "83.55",
            "revenue": 125255
        },
        "2010-08": {
            "month": "2010-08",
            "price": "86.30",
            "revenue": 132765
        },
        "2010-09": {
            "month": "2010-09",
            "price": "87.13",
            "revenue": 129420
        },
        "2010-10": {
            "month": "2010-10",
            "price": "84.47",
            "revenue": 110373
        },
        "2010-11": {
            "month": "2010-11",
            "price": "81.08",
            "revenue": 107972
        },
        "2010-12": {
            "month": "2010-12",
            "price": "79.46",
            "revenue": 99175
        },
        "2011-01": {
            "month": "2011-01",
            "price": "83.48",
            "revenue": 104086
        },
        "2011-02": {
            "month": "2011-02",
            "price": "80.49",
            "revenue": 102041
        },
        "2011-03": {
            "month": "2011-03",
            "price": "81.51",
            "revenue": 148936
        },
        "2011-04": {
            "month": "2011-04",
            "price": "83.78",
            "revenue": 128118
        },
        "2011-05": {
            "month": "2011-05",
            "price": "109.04",
            "revenue": 162227
        },
        "2011-06": {
            "month": "2011-06",
            "price": "119.33",
            "revenue": 143383
        },
        "2011-07": {
            "month": "2011-07",
            "price": "115.93",
            "revenue": 147595
        },
        "2011-08": {
            "month": "2011-08",
            "price": "92.59",
            "revenue": 164498
        },
        "2011-09": {
            "month": "2011-09",
            "price": "88.70",
            "revenue": 161092
        },
        "2011-10": {
            "month": "2011-10",
            "price": "93.70",
            "revenue": 124308
        },
        "2011-11": {
            "month": "2011-11",
            "price": "89.27",
            "revenue": 142719
        },
        "2011-12": {
            "month": "2011-12",
            "price": "82.36",
            "revenue": 143623
        },
        "2012-01": {
            "month": "2012-01",
            "price": "87.13",
            "revenue": 90307
        },
        "2012-02": {
            "month": "2012-02",
            "price": "97.92",
            "revenue": 134400
        },
        "2012-03": {
            "month": "2012-03",
            "price": "103.29",
            "revenue": 153845
        },
        "2012-04": {
            "month": "2012-04",
            "price": "95.76",
            "revenue": 152448
        },
        "2012-05": {
            "month": "2012-05",
            "price": "90.37",
            "revenue": 157122
        },
        "2012-06": {
            "month": "2012-06",
            "price": "90.12",
            "revenue": 188951
        },
        "2012-07": {
            "month": "2012-07",
            "price": "93.76",
            "revenue": 147182
        },
        "2012-08": {
            "month": "2012-08",
            "price": "92.71",
            "revenue": 165247
        },
        "2012-09": {
            "month": "2012-09",
            "price": "91.68",
            "revenue": 168329
        },
        "2012-10": {
            "month": "2012-10",
            "price": "88.71",
            "revenue": 147725
        },
        "2012-11": {
            "month": "2012-11",
            "price": "83.48",
            "revenue": 152964
        },
        "2012-12": {
            "month": "2012-12",
            "price": "83.20",
            "revenue": 147897
        },
        "2013-01": {
            "month": "2013-01",
            "price": "84.64",
            "revenue": 163742
        },
        "2013-02": {
            "month": "2013-02",
            "price": "90.52",
            "revenue": 132593
        },
        "2013-03": {
            "month": "2013-03",
            "price": "102.68",
            "revenue": 202576
        },
        "2013-04": {
            "month": "2013-04",
            "price": "121.35",
            "revenue": 183959
        },
        "2013-05": {
            "month": "2013-05",
            "price": "134.48",
            "revenue": 185901
        },
        "2013-06": {
            "month": "2013-06",
            "price": "133.92",
            "revenue": 180076
        },
        "2013-07": {
            "month": "2013-07",
            "price": "154.07",
            "revenue": 181572
        },
        "2013-08": {
            "month": "2013-08",
            "price": "165.00",
            "revenue": 174148
        },
        "2013-09": {
            "month": "2013-09",
            "price": "160.38",
            "revenue": 202809
        },
        "2013-10": {
            "month": "2013-10",
            "price": "174.41",
            "revenue": 172819
        },
        "2013-11": {
            "month": "2013-11",
            "price": "193.64",
            "revenue": 165141
        },
        "2013-12": {
            "month": "2013-12",
            "price": "221.16",
            "revenue": 158854
        },
        "2014-01": {
            "month": "2014-01",
            "price": "219.14",
            "revenue": 162139
        },
        "2014-02": {
            "month": "2014-02",
            "price": "242.97",
            "revenue": 139704
        },
        "2014-03": {
            "month": "2014-03",
            "price": "286.07",
            "revenue": 221528
        },
        "2014-04": {
            "month": "2014-04",
            "price": "268.45",
            "revenue": 213090
        },
        "2014-05": {
            "month": "2014-05",
            "price": "247.50",
            "revenue": 237132
        },
        "2014-06": {
            "month": "2014-06",
            "price": "281.80",
            "revenue": 204387
        },
        "2014-07": {
            "month": "2014-07",
            "price": "292.70",
            "revenue": 220876
        },
        "2014-08": {
            "month": "2014-08",
            "price": "284.76",
            "revenue": 207172
        },
        "2014-09": {
            "month": "2014-09",
            "price": "257.76",
            "revenue": 199608
        },
        "2014-10": {
            "month": "2014-10",
            "price": "228.20",
            "revenue": 203679
        },
        "2014-11": {
            "month": "2014-11",
            "price": "233.50",
            "revenue": 192089
        },
        "2014-12": {
            "month": "2014-12",
            "price": "246.12",
            "revenue": 239292
        },
        "2015-01": {
            "month": "2015-01",
            "price": "263.40",
            "revenue": 184261
        },
        "2015-02": {
            "month": "2015-02",
            "price": "252.77",
            "revenue": 143566
        },
        "2015-03": {
            "month": "2015-03",
            "price": "255.18",
            "revenue": 242490
        },
        "2015-04": {
            "month": "2015-04",
            "price": "265.25",
            "revenue": 223861
        },
        "2015-05": {
            "month": "2015-05",
            "price": "242.30",
            "revenue": 259849
        },
        "2015-06": {
            "month": "2015-06",
            "price": "266.21",
            "revenue": 261764
        },
        "2015-07": {
            "month": "2015-07",
            "price": "258.50",
            "revenue": 244020
        },
        "2015-08": {
            "month": "2015-08",
            "price": "240.07",
            "revenue": 212461
        },
        "2015-09": {
            "month": "2015-09",
            "price": "227.70",
            "revenue": 206724
        },
        "2015-10": {
            "month": "2015-10",
            "price": "236.52",
            "revenue": 246217
        },
        "2015-11": {
            "month": "2015-11",
            "price": "303.07",
            "revenue": 214039
        },
        "2015-12": {
            "month": "2015-12",
            "price": "314.48",
            "revenue": 219581
        },
        "2016-01": {
            "month": "2016-01",
            "price": "278.19",
            "revenue": 188591
        },
        "2016-02": {
            "month": "2016-02",
            "price": "288.08",
            "revenue": 189822
        },
        "2016-03": {
            "month": "2016-03",
            "price": "293.39",
            "revenue": 319558
        },
        "2016-04": {
            "month": "2016-04",
            "price": "302.11",
            "revenue": 301023
        },
        "2016-05": {
            "month": "2016-05",
            "price": "272.60",
            "revenue": 308099
        },
        "2016-06": {
            "month": "2016-06",
            "price": "260.45",
            "revenue": 312990
        },
        "2016-07": {
            "month": "2016-07",
            "price": "252.62",
            "revenue": 270117
        },
        "2016-08": {
            "month": "2016-08",
            "price": "243.15",
            "revenue": 295667
        },
        "2016-09": {
            "month": "2016-09",
            "price": "238.00",
            "revenue": 296991
        },
        "2016-10": {
            "month": "2016-10",
            "price": "231.30",
            "revenue": 285681
        },
        "2016-11": {
            "month": "2016-11",
            "price": "213.52",
            "revenue": 333980
        },
        "2016-12": {
            "month": "2016-12",
            "price": "230.07",
            "revenue": 334934
        },
        "2017-01": {
            "month": "2017-01",
            "price": "247.53",
            "revenue": 245214
        },
        "2017-02": {
            "month": "2017-02",
            "price": "256.86",
            "revenue": 266195
        },
        "2017-03": {
            "month": "2017-03",
            "price": "244.46",
            "revenue": 342422
        },
        "2017-04": {
            "month": "2017-04",
            "price": "224.42",
            "revenue": 264357
        },
        "2017-05": {
            "month": "2017-05",
            "price": "229.80",
            "revenue": 327847
        },
        "2017-06": {
            "month": "2017-06",
            "price": "226.46",
            "revenue": 318387
        },
        "2017-07": {
            "month": "2017-07",
            "price": "210.98",
            "revenue": 303185
        },
        "2017-08": {
            "month": "2017-08",
            "price": "208.74",
            "revenue": 320535
        },
        "2017-09": {
            "month": "2017-09",
            "price": "238.86",
            "revenue": 317958
        },
        "2017-10": {
            "month": "2017-10",
            "price": "233.53",
            "revenue": 311280
        },
        "2017-11": {
            "month": "2017-11",
            "price": "224.23",
            "revenue": 376337
        },
        "2017-12": {
            "month": "2017-12",
            "price": "232.67",
            "revenue": 312183
        },
        "2018-01": {
            "month": "2018-01",
            "price": "250.89",
            "revenue": 305057
        },
        "2018-02": {
            "month": "2018-02",
            "price": "241.81",
            "revenue": 232672
        },
        "2018-03": {
            "month": "2018-03",
            "price": "244.11",
            "revenue": 377945
        },
        "2018-04": {
            "month": "2018-04",
            "price": "233.33",
            "revenue": 342920
        },
        "2018-05": {
            "month": "2018-05",
            "price": "227.77",
            "revenue": 324683
        },
        "2018-06": {
            "month": "2018-06",
            "price": "226.95",
            "revenue": 352762
        },
        "2018-07": {
            "month": "2018-07",
            "price": "224.11",
            "revenue": 326102
        },
        "2018-08": {
            "month": "2018-08",
            "price": "241.15",
            "revenue": 316435
        },
        "2018-09": {
            "month": "2018-09",
            "price": "240.92",
            "revenue": 285060
        },
        "2018-10": {
            "month": "2018-10",
            "price": "192.02",
            "revenue": 361238
        },
        "2018-11": {
            "month": "2018-11",
            "price": "189.05",
            "revenue": 345234
        },
        "2018-12": {
            "month": "2018-12",
            "price": "196.88",
            "revenue": 354651
        },
        "2019-01": {
            "month": "2019-01",
            "price": "224.62",
            "revenue": 336169
        },
        "2019-02": {
            "month": "2019-02",
            "price": "247.12",
            "revenue": 394413
        },
        "2019-03": {
            "month": "2019-03",
            "price": "250.50",
            "revenue": 560359
        },
        "2019-04": {
            "month": "2019-04",
            "price": "275.80",
            "revenue": 489421
        },
        "2019-05": {
            "month": "2019-05",
            "price": "260.50",
            "revenue": 523620
        },
        "2019-06": {
            "month": "2019-06",
            "price": "255.50",
            "revenue": 484302
        },
        "2019-07": {
            "month": "2019-07",
            "price": "278.24",
            "revenue": 486676
        },
        "2019-08": {
            "month": "2019-08",
            "price": "252.17",
            "revenue": 491396
        },
        "2019-09": {
            "month": "2019-09",
            "price": "247.76",
            "revenue": 500014
        },
        "2019-10": {
            "month": "2019-10",
            "price": "246.48",
            "revenue": 533117
        },
        "2019-11": {
            "month": "2019-11",
            "price": "253.24",
            "revenue": 532400
        },
        "2019-12": {
            "month": "2019-12",
            "price": "248.09",
            "revenue": 525000
        },
        "2020-01": {
            "month": "2020-01",
            "price": "235.90",
            "revenue": 418535
        },
        "2020-02": {
            "month": "2020-02",
            "price": "218.13",
            "revenue": 386217
        },
        "2020-03": {
            "month": "2020-03",
            "price": "186.20",
            "revenue": 484081
        },
        "2020-04": {
            "month": "2020-04",
            "price": "187.25",
            "revenue": 473829
        },
        "2020-05": {
            "month": "2020-05",
            "price": "196.02",
            "revenue": 364297
        },
        "2020-06": {
            "month": "2020-06",
            "price": "195.15",
            "revenue": 433835
        },
        "2020-07": {
            "month": "2020-07",
            "price": "185.70",
            "revenue": 461600
        },
        "2020-08": {
            "month": "2020-08",
            "price": "174.69",
            "revenue": 481095
        },
        "2020-09": {
            "month": "2020-09",
            "price": "178.36",
            "revenue": 515492
        },
        "2020-10": {
            "month": "2020-10",
            "price": "179.47",
            "revenue": 529755
        },
        "2020-11": {
            "month": "2020-11",
            "price": "193.02",
            "revenue": 514161
        },
        "2020-12": {
            "month": "2020-12",
            "price": "194.09",
            "revenue": 625326
        },
        "2021-01": {
            "month": "2021-01",
            "price": "196.85",
            "revenue": 498128
        },
        "2021-02": {
            "month": "2021-02",
            "price": "194.15",
            "revenue": 423625
        },
        "2021-03": {
            "month": "2021-03",
            "price": "204.18",
            "revenue": 603678
        },
        "2021-04": {
            "month": "2021-04",
            "price": "223.32",
            "revenue": 603712
        },
        "2021-05": {
            "month": "2021-05",
            "price": "208.10",
            "revenue": 564549
        },
        "2021-06": {
            "month": "2021-06",
            "price": "217.29",
            "revenue": 573093
        },
        "2021-07": {
            "month": "2021-07",
            "price": "233.34",
            "revenue": 557677
        },
        "2021-08": {
            "month": "2021-08",
            "price": "220.43",
            "revenue": 558180
        },
        "2021-09": {
            "month": "2021-09",
            "price": "213.20",
            "revenue": 655404
        },
        "2021-10": {
            "month": "2021-10",
            "price": "204.30",
            "revenue": 557464
        },
        "2021-11": {
            "month": "2021-11",
            "price": "205.98",
            "revenue": 570727
        },
        "2021-12": {
            "month": "2021-12",
            "price": "200.05",
            "revenue": 675559
        },
        "2022-01": {
            "month": "2022-01",
            "price": "200.44",
            "revenue": 565059
        },
        "2022-02": {
            "month": "2022-02",
            "price": "205.20",
            "revenue": 514811
        },
        "2022-03": {
            "month": "2022-03",
            "price": "199.35",
            "revenue": 682221
        },
        "2022-04": {
            "month": "2022-04",
            "price": "195.53",
            "revenue": 649771
        },
        "2022-05": {
            "month": "2022-05",
            "price": "180.69",
            "revenue": 672890
        },
        "2022-06": {
            "month": "2022-06",
            "price": "180.05",
            "revenue": 719611
        },
        "2022-07": {
            "month": "2022-07",
            "price": "175.86",
            "revenue": 661030
        },
        "2022-08": {
            "month": "2022-08",
            "price": "188.67",
            "revenue": 667525
        },
        "2022-09": {
            "month": "2022-09",
            "price": "192.33",
            "revenue": 651424
        },
        "2022-10": {
            "month": "2022-10",
            "price": "184.98",
            "revenue": 762125
        },
        "2022-11": {
            "month": "2022-11",
            "price": "189.05",
            "revenue": 713407
        },
        "2022-12": {
            "month": "2022-12",
            "price": "192.55",
            "revenue": 709661
        },
        "2023-01": {
            "month": "2023-01",
            "price": "195.77",
            "revenue": 619829
        },
        "2023-02": {
            "month": "2023-02",
            "price": "204.44",
            "revenue": 589263
        },
        "2023-03": {
            "month": "2023-03",
            "price": "230.78",
            "revenue": 698997
        },
        "2023-04": {
            "month": "2023-04",
            "price": "238.21",
            "revenue": 648347
        },
        "2023-05": {
            "month": "2023-05",
            "price": "235.52",
            "revenue": 712830
        },
        "2023-06": {
            "month": "2023-06",
            "price": "241.02",
            "revenue": 823368
        },
        "2023-07": {
            "month": "2023-07",
            "price": "275.67",
            "revenue": 651790
        },
        "2023-08": {
            "month": "2023-08",
            "price": "244.52",
            "revenue": 748755
        },
        "2023-09": {
            "month": "2023-09",
            "price": "246.45",
            "revenue": 717539
        },
        "2023-10": {
            "month": "2023-10",
            "price": "237.22",
            "revenue": 720704
        },
        "2023-11": {
            "month": "2023-11",
            "price": "236.89",
            "revenue": 762790
        },
        "2023-12": {
            "month": "2023-12",
            "price": "237.43",
            "revenue": 658224
        }
    }
}
