{
    "summary": {
        "stock_name": "安可",
        "stock_id": "3615",
        "category": "光電",
        "main_business": "導電玻璃生產與銷售",
        "website_url": "http://www.aimcore.com.tw",
        "ceo": "姜明君",
        "pe_ratio": 29,
        "report_year_from": 2007,
        "report_year_to": 2023,
        "age": 17,
        "eps_negative_percentage": 13,
        "eps_growth_avg": {
            "last_all": 1.65,
            "last_2y": 35.2,
            "last_4y": 1.4,
            "last_8y": 6.89,
            "last_12y": -10.03,
            "last_16y": null,
            "last_20y": null,
            "at_2006_last_3y": null,
            "at_2007_last_3y": null,
            "at_2008_last_3y": null,
            "at_2009_last_3y": null,
            "at_2010_last_3y": null,
            "at_2011_last_3y": null,
            "at_2012_last_3y": 41.42,
            "at_2013_last_3y": 10.36,
            "at_2014_last_3y": -39.64,
            "at_2015_last_3y": -86.18,
            "at_2016_last_3y": -56.28,
            "at_2017_last_3y": -2.03,
            "at_2018_last_3y": 14.22,
            "at_2019_last_3y": -14.34,
            "at_2020_last_3y": -27.01,
            "at_2021_last_3y": -17.08,
            "at_2022_last_3y": -31.47,
            "at_2023_last_3y": 35.2,
            "at_2024_last_3y": 35.2,
            "at_2006_last_all": null,
            "at_2007_last_all": null,
            "at_2008_last_all": null,
            "at_2009_last_all": null,
            "at_2010_last_all": 65.85,
            "at_2011_last_all": 77.24,
            "at_2012_last_all": 41.42,
            "at_2013_last_all": 14.63,
            "at_2014_last_all": -4.47,
            "at_2015_last_all": -4.47,
            "at_2016_last_all": -0.45,
            "at_2017_last_all": 8.38,
            "at_2018_last_all": 1.76,
            "at_2019_last_all": -8.42,
            "at_2020_last_all": -8.42,
            "at_2021_last_all": 1.44,
            "at_2022_last_all": -6.55,
            "at_2023_last_all": 1.65,
            "at_2024_last_all": 1.65
        },
        "latest_eps": 0.88,
        "latest_price": 25.75,
        "latest_roe": 3.43,
        "latest_gross_margin": 16.99,
        "latest_equity": 2525729,
        "latest_revenue": 272499,
        "latest_gross_profit": 46291,
        "latest_net_income": 3218,
        "latest_debt_ratio": 25.93,
        "latest_current_ratio": 453.5,
        "latest_account_receivable_turnover_ratio": 0.72,
        "latest_inventory_turnover_ratio": 1.24,
        "latest_reinvestment_rate": -57.03,
        "latest_research_to_sale_ratio": 4.29
    },
    "eps_dividends": {
        "2001": {
            "cash": 0,
            "stock": 0,
            "eps": 0
        },
        "2002": {
            "cash": 0,
            "stock": 0,
            "eps": 0
        },
        "2003": {
            "cash": 0,
            "stock": 0,
            "eps": 0
        },
        "2004": {
            "cash": 0,
            "stock": 0,
            "eps": 0
        },
        "2005": {
            "cash": 0,
            "stock": 0,
            "eps": 0
        },
        "2006": {
            "cash": 0,
            "stock": 0,
            "eps": 0
        },
        "2007": {
            "cash": 0,
            "stock": 0,
            "eps": 0
        },
        "2008": {
            "cash": 0,
            "stock": 0,
            "eps": 0.41
        },
        "2009": {
            "cash": 0,
            "stock": 0,
            "eps": 0.54
        },
        "2010": {
            "cash": 0.1,
            "stock": 0.4,
            "eps": 1.43
        },
        "2011": {
            "cash": 0.2,
            "stock": 0.8,
            "eps": 8.27
        },
        "2012": {
            "cash": 2.3,
            "stock": 1,
            "eps": 2.81
        },
        "2013": {
            "cash": 1.5,
            "stock": 0,
            "eps": 0.21
        },
        "2014": {
            "cash": 0.5,
            "stock": 0,
            "eps": -0.9
        },
        "2015": {
            "cash": 0,
            "stock": 0,
            "eps": 0.38
        },
        "2016": {
            "cash": 0.3,
            "stock": 0,
            "eps": 0.47
        },
        "2017": {
            "cash": 0.1,
            "stock": 0,
            "eps": 0.8
        },
        "2018": {
            "cash": 0.1,
            "stock": 0,
            "eps": 0.39
        },
        "2019": {
            "cash": 0.3,
            "stock": 0,
            "eps": -6.72
        },
        "2020": {
            "cash": 0,
            "stock": 0,
            "eps": 0.29
        },
        "2021": {
            "cash": 0,
            "stock": 0,
            "eps": 1.43
        },
        "2022": {
            "cash": 0.37,
            "stock": 0,
            "eps": 0.08
        },
        "2023": {
            "cash": 0,
            "stock": 0,
            "eps": 0.89
        },
        "2024": {
            "cash": 0.7,
            "stock": 0,
            "eps": 0
        }
    },
    "dividends": {
        "2010-04-23": {
            "cash": 0.1,
            "stock": 0.4
        },
        "2011-03-24": {
            "cash": 0.2,
            "stock": 0.8
        },
        "2012-06-06": {
            "cash": 2.3,
            "stock": 1
        },
        "2013-05-03": {
            "cash": 1.5,
            "stock": 0
        },
        "2014-09-26": {
            "cash": 0.5,
            "stock": 0
        },
        "2016-09-14": {
            "cash": 0.3,
            "stock": 0
        },
        "2017-08-30": {
            "cash": 0.1,
            "stock": 0
        },
        "2018-07-31": {
            "cash": 0.1,
            "stock": 0
        },
        "2019-08-02": {
            "cash": 0.3,
            "stock": 0
        },
        "2022-08-10": {
            "cash": 0.37,
            "stock": 0
        },
        "2024-03-14": {
            "cash": 0.7,
            "stock": 0
        }
    },
    "prices": {
        "200101": "無",
        "200102": "無",
        "200103": "無",
        "200104": "無",
        "200105": "無",
        "200106": "無",
        "200107": "無",
        "200108": "無",
        "200109": "無",
        "200110": "無",
        "200111": "無",
        "200112": "無",
        "200201": "無",
        "200202": "無",
        "200203": "無",
        "200204": "無",
        "200205": "無",
        "200206": "無",
        "200207": "無",
        "200208": "無",
        "200209": "無",
        "200210": "無",
        "200211": "無",
        "200212": "無",
        "200301": "無",
        "200302": "無",
        "200303": "無",
        "200304": "無",
        "200305": "無",
        "200306": "無",
        "200307": "無",
        "200308": "無",
        "200309": "無",
        "200310": "無",
        "200311": "無",
        "200312": "無",
        "200401": "無",
        "200402": "無",
        "200403": "無",
        "200404": "無",
        "200405": "無",
        "200406": "無",
        "200407": "無",
        "200408": "無",
        "200409": "無",
        "200410": "無",
        "200411": "無",
        "200412": "無",
        "200501": "無",
        "200502": "無",
        "200503": "無",
        "200504": "無",
        "200505": "無",
        "200506": "無",
        "200507": "無",
        "200508": "無",
        "200509": "無",
        "200510": "無",
        "200511": "無",
        "200512": "無",
        "200601": "無",
        "200602": "無",
        "200603": "無",
        "200604": "無",
        "200605": "無",
        "200606": "無",
        "200607": "無",
        "200608": "無",
        "200609": "無",
        "200610": "無",
        "200611": "無",
        "200612": "無",
        "200701": "無",
        "200702": "無",
        "200703": "無",
        "200704": "無",
        "200705": "無",
        "200706": "無",
        "200707": "無",
        "200708": "無",
        "200709": "無",
        "200710": "無",
        "200711": "無",
        "200712": "無",
        "200801": "無",
        "200802": "無",
        "200803": "無",
        "200804": "無",
        "200805": "無",
        "200806": "無",
        "200807": "39.00",
        "200808": "38.98",
        "200809": "35.98",
        "200810": "27.33",
        "200811": "19.10",
        "200812": "13.88",
        "200901": "15.94",
        "200902": "18.80",
        "200903": "34.89",
        "200904": "77.43",
        "200905": "70.43",
        "200906": "54.36",
        "200907": "55.78",
        "200908": "51.62",
        "200909": "53.76",
        "200910": "55.81",
        "200911": "50.62",
        "200912": "57.03",
        "201001": "59.34",
        "201002": "48.87",
        "201003": "52.23",
        "201004": "54.55",
        "201005": "48.62",
        "201006": "46.94",
        "201007": "46.69",
        "201008": "52.99",
        "201009": "52.64",
        "201010": "50.32",
        "201011": "44.92",
        "201012": "46.77",
        "201101": "56.54",
        "201102": "88.68",
        "201103": "141.63",
        "201104": "151.00",
        "201105": "138.31",
        "201106": "141.86",
        "201107": "129.69",
        "201108": "108.00",
        "201109": "97.92",
        "201110": "98.40",
        "201111": "87.97",
        "201112": "67.14",
        "201201": "74.05",
        "201202": "87.76",
        "201203": "80.68",
        "201204": "63.28",
        "201205": "51.18",
        "201206": "58.15",
        "201207": "53.46",
        "201208": "48.97",
        "201209": "55.40",
        "201210": "56.41",
        "201211": "50.91",
        "201212": "60.71",
        "201301": "59.02",
        "201302": "57.52",
        "201303": "60.30",
        "201304": "58.54",
        "201305": "65.71",
        "201306": "65.09",
        "201307": "57.68",
        "201308": "47.28",
        "201309": "48.04",
        "201310": "46.23",
        "201311": "35.29",
        "201312": "34.90",
        "201401": "38.20",
        "201402": "35.13",
        "201403": "35.20",
        "201404": "35.15",
        "201405": "30.56",
        "201406": "30.00",
        "201407": "28.20",
        "201408": "23.90",
        "201409": "31.47",
        "201410": "28.54",
        "201411": "26.42",
        "201412": "28.82",
        "201501": "27.58",
        "201502": "26.49",
        "201503": "26.55",
        "201504": "23.99",
        "201505": "19.63",
        "201506": "18.14",
        "201507": "16.98",
        "201508": "14.32",
        "201509": "15.51",
        "201510": "16.83",
        "201511": "18.99",
        "201512": "19.20",
        "201601": "18.04",
        "201602": "22.94",
        "201603": "20.85",
        "201604": "19.08",
        "201605": "17.88",
        "201606": "18.15",
        "201607": "20.45",
        "201608": "20.39",
        "201609": "20.47",
        "201610": "19.00",
        "201611": "17.85",
        "201612": "22.83",
        "201701": "24.16",
        "201702": "27.36",
        "201703": "29.82",
        "201704": "26.72",
        "201705": "23.66",
        "201706": "24.06",
        "201707": "24.60",
        "201708": "23.96",
        "201709": "26.92",
        "201710": "25.74",
        "201711": "23.82",
        "201712": "22.78",
        "201801": "23.20",
        "201802": "20.90",
        "201803": "21.38",
        "201804": "20.40",
        "201805": "21.58",
        "201806": "24.21",
        "201807": "21.20",
        "201808": "20.24",
        "201809": "18.33",
        "201810": "15.06",
        "201811": "14.69",
        "201812": "16.00",
        "201901": "15.97",
        "201902": "16.35",
        "201903": "16.50",
        "201904": "16.33",
        "201905": "15.17",
        "201906": "14.50",
        "201907": "14.29",
        "201908": "14.19",
        "201909": "14.53",
        "201910": "14.98",
        "201911": "15.34",
        "201912": "15.61",
        "202001": "15.58",
        "202002": "14.37",
        "202003": "12.38",
        "202004": "12.21",
        "202005": "13.44",
        "202006": "14.98",
        "202007": "17.02",
        "202008": "17.54",
        "202009": "19.35",
        "202010": "19.02",
        "202011": "19.86",
        "202012": "23.72",
        "202101": "22.41",
        "202102": "22.68",
        "202103": "25.69",
        "202104": "28.76",
        "202105": "23.50",
        "202106": "24.35",
        "202107": "23.23",
        "202108": "21.97",
        "202109": "21.14",
        "202110": "20.35",
        "202111": "21.94",
        "202112": "23.50",
        "202201": "24.68",
        "202202": "22.92",
        "202203": "21.00",
        "202204": "20.76",
        "202205": "19.33",
        "202206": "19.07",
        "202207": "18.08",
        "202208": "18.29",
        "202209": "17.72",
        "202210": "16.02",
        "202211": "16.97",
        "202212": "16.80",
        "202301": "16.76",
        "202302": "17.34",
        "202303": "17.57",
        "202304": "17.65",
        "202305": "18.86",
        "202306": "21.94",
        "202307": "20.99",
        "202308": "20.26",
        "202309": "23.06",
        "202310": "22.40",
        "202311": "23.32",
        "202312": "23.74",
        "202401": "25.56",
        "202402": "28.82",
        "202403": "26.19",
        "202404": "無"
    },
    "quarters": {
        "20011": {
            "year_quarter": 20011,
            "year": 2001,
            "quarter": 1,
            "eps": null,
            "eps_growth_year": null,
            "eps_4q": null,
            "eps_4q_growth_year": null,
            "roe": null,
            "roe_4q": 0,
            "gross_profit": null,
            "gross_margin": null,
            "gross_margin_4q_avg": 0,
            "net_income": null,
            "net_income_4q": null,
            "revenue": null,
            "revenue_4q": null,
            "common_shares": null,
            "book_valuer_per_share": null,
            "book_valuer_per_share_4q_avg": 0,
            "equity": null,
            "current_ratio": null,
            "debt_ratio": null,
            "inventory_turnover_ratio": null,
            "account_receivable_turnover_ratio": null,
            "reinvestment_rate": null,
            "research_to_sale_ratio": null,
            "price_fair": 0,
            "eps_avg_yearly": 0,
            "eps_latest_yearly": 0,
            "eps_growth_yearly": 0
        },
        "20012": {
            "year_quarter": 20012,
            "year": 2001,
            "quarter": 2,
            "eps": null,
            "eps_growth_year": null,
            "eps_4q": null,
            "eps_4q_growth_year": null,
            "roe": null,
            "roe_4q": 0,
            "gross_profit": null,
            "gross_margin": null,
            "gross_margin_4q_avg": 0,
            "net_income": null,
            "net_income_4q": null,
            "revenue": null,
            "revenue_4q": null,
            "common_shares": null,
            "book_valuer_per_share": null,
            "book_valuer_per_share_4q_avg": 0,
            "equity": null,
            "current_ratio": null,
            "debt_ratio": null,
            "inventory_turnover_ratio": null,
            "account_receivable_turnover_ratio": null,
            "reinvestment_rate": null,
            "research_to_sale_ratio": null,
            "price_fair": 0,
            "eps_avg_yearly": 0,
            "eps_latest_yearly": 0,
            "eps_growth_yearly": 0
        },
        "20013": {
            "year_quarter": 20013,
            "year": 2001,
            "quarter": 3,
            "eps": null,
            "eps_growth_year": null,
            "eps_4q": null,
            "eps_4q_growth_year": null,
            "roe": null,
            "roe_4q": 0,
            "gross_profit": null,
            "gross_margin": null,
            "gross_margin_4q_avg": 0,
            "net_income": null,
            "net_income_4q": null,
            "revenue": null,
            "revenue_4q": null,
            "common_shares": null,
            "book_valuer_per_share": null,
            "book_valuer_per_share_4q_avg": 0,
            "equity": null,
            "current_ratio": null,
            "debt_ratio": null,
            "inventory_turnover_ratio": null,
            "account_receivable_turnover_ratio": null,
            "reinvestment_rate": null,
            "research_to_sale_ratio": null,
            "price_fair": 0,
            "eps_avg_yearly": 0,
            "eps_latest_yearly": 0,
            "eps_growth_yearly": 0
        },
        "20014": {
            "year_quarter": 20014,
            "year": 2001,
            "quarter": 4,
            "eps": null,
            "eps_growth_year": null,
            "eps_4q": null,
            "eps_4q_growth_year": null,
            "roe": null,
            "roe_4q": 0,
            "gross_profit": null,
            "gross_margin": null,
            "gross_margin_4q_avg": 0,
            "net_income": null,
            "net_income_4q": null,
            "revenue": null,
            "revenue_4q": null,
            "common_shares": null,
            "book_valuer_per_share": null,
            "book_valuer_per_share_4q_avg": 0,
            "equity": null,
            "current_ratio": null,
            "debt_ratio": null,
            "inventory_turnover_ratio": null,
            "account_receivable_turnover_ratio": null,
            "reinvestment_rate": null,
            "research_to_sale_ratio": null,
            "price_fair": 0,
            "eps_avg_yearly": 0,
            "eps_latest_yearly": 0,
            "eps_growth_yearly": 0
        },
        "20021": {
            "year_quarter": 20021,
            "year": 2002,
            "quarter": 1,
            "eps": null,
            "eps_growth_year": null,
            "eps_4q": null,
            "eps_4q_growth_year": null,
            "roe": null,
            "roe_4q": 0,
            "gross_profit": null,
            "gross_margin": null,
            "gross_margin_4q_avg": 0,
            "net_income": null,
            "net_income_4q": null,
            "revenue": null,
            "revenue_4q": null,
            "common_shares": null,
            "book_valuer_per_share": null,
            "book_valuer_per_share_4q_avg": 0,
            "equity": null,
            "current_ratio": null,
            "debt_ratio": null,
            "inventory_turnover_ratio": null,
            "account_receivable_turnover_ratio": null,
            "reinvestment_rate": null,
            "research_to_sale_ratio": null,
            "price_fair": 0,
            "eps_avg_yearly": 0,
            "eps_latest_yearly": 0,
            "eps_growth_yearly": 0
        },
        "20022": {
            "year_quarter": 20022,
            "year": 2002,
            "quarter": 2,
            "eps": null,
            "eps_growth_year": null,
            "eps_4q": null,
            "eps_4q_growth_year": null,
            "roe": null,
            "roe_4q": 0,
            "gross_profit": null,
            "gross_margin": null,
            "gross_margin_4q_avg": 0,
            "net_income": null,
            "net_income_4q": null,
            "revenue": null,
            "revenue_4q": null,
            "common_shares": null,
            "book_valuer_per_share": null,
            "book_valuer_per_share_4q_avg": 0,
            "equity": null,
            "current_ratio": null,
            "debt_ratio": null,
            "inventory_turnover_ratio": null,
            "account_receivable_turnover_ratio": null,
            "reinvestment_rate": null,
            "research_to_sale_ratio": null,
            "price_fair": 0,
            "eps_avg_yearly": 0,
            "eps_latest_yearly": 0,
            "eps_growth_yearly": 0
        },
        "20023": {
            "year_quarter": 20023,
            "year": 2002,
            "quarter": 3,
            "eps": null,
            "eps_growth_year": null,
            "eps_4q": null,
            "eps_4q_growth_year": null,
            "roe": null,
            "roe_4q": 0,
            "gross_profit": null,
            "gross_margin": null,
            "gross_margin_4q_avg": 0,
            "net_income": null,
            "net_income_4q": null,
            "revenue": null,
            "revenue_4q": null,
            "common_shares": null,
            "book_valuer_per_share": null,
            "book_valuer_per_share_4q_avg": 0,
            "equity": null,
            "current_ratio": null,
            "debt_ratio": null,
            "inventory_turnover_ratio": null,
            "account_receivable_turnover_ratio": null,
            "reinvestment_rate": null,
            "research_to_sale_ratio": null,
            "price_fair": 0,
            "eps_avg_yearly": 0,
            "eps_latest_yearly": 0,
            "eps_growth_yearly": 0
        },
        "20024": {
            "year_quarter": 20024,
            "year": 2002,
            "quarter": 4,
            "eps": null,
            "eps_growth_year": null,
            "eps_4q": null,
            "eps_4q_growth_year": null,
            "roe": null,
            "roe_4q": 0,
            "gross_profit": null,
            "gross_margin": null,
            "gross_margin_4q_avg": 0,
            "net_income": null,
            "net_income_4q": null,
            "revenue": null,
            "revenue_4q": null,
            "common_shares": null,
            "book_valuer_per_share": null,
            "book_valuer_per_share_4q_avg": 0,
            "equity": null,
            "current_ratio": null,
            "debt_ratio": null,
            "inventory_turnover_ratio": null,
            "account_receivable_turnover_ratio": null,
            "reinvestment_rate": null,
            "research_to_sale_ratio": null,
            "price_fair": 0,
            "eps_avg_yearly": 0,
            "eps_latest_yearly": 0,
            "eps_growth_yearly": 0
        },
        "20031": {
            "year_quarter": 20031,
            "year": 2003,
            "quarter": 1,
            "eps": null,
            "eps_growth_year": null,
            "eps_4q": null,
            "eps_4q_growth_year": null,
            "roe": null,
            "roe_4q": 0,
            "gross_profit": null,
            "gross_margin": null,
            "gross_margin_4q_avg": 0,
            "net_income": null,
            "net_income_4q": null,
            "revenue": null,
            "revenue_4q": null,
            "common_shares": null,
            "book_valuer_per_share": null,
            "book_valuer_per_share_4q_avg": 0,
            "equity": null,
            "current_ratio": null,
            "debt_ratio": null,
            "inventory_turnover_ratio": null,
            "account_receivable_turnover_ratio": null,
            "reinvestment_rate": null,
            "research_to_sale_ratio": null,
            "price_fair": 0,
            "eps_avg_yearly": 0,
            "eps_latest_yearly": 0,
            "eps_growth_yearly": 0
        },
        "20032": {
            "year_quarter": 20032,
            "year": 2003,
            "quarter": 2,
            "eps": null,
            "eps_growth_year": null,
            "eps_4q": null,
            "eps_4q_growth_year": null,
            "roe": null,
            "roe_4q": 0,
            "gross_profit": null,
            "gross_margin": null,
            "gross_margin_4q_avg": 0,
            "net_income": null,
            "net_income_4q": null,
            "revenue": null,
            "revenue_4q": null,
            "common_shares": null,
            "book_valuer_per_share": null,
            "book_valuer_per_share_4q_avg": 0,
            "equity": null,
            "current_ratio": null,
            "debt_ratio": null,
            "inventory_turnover_ratio": null,
            "account_receivable_turnover_ratio": null,
            "reinvestment_rate": null,
            "research_to_sale_ratio": null,
            "price_fair": 0,
            "eps_avg_yearly": 0,
            "eps_latest_yearly": 0,
            "eps_growth_yearly": 0
        },
        "20033": {
            "year_quarter": 20033,
            "year": 2003,
            "quarter": 3,
            "eps": null,
            "eps_growth_year": null,
            "eps_4q": null,
            "eps_4q_growth_year": null,
            "roe": null,
            "roe_4q": 0,
            "gross_profit": null,
            "gross_margin": null,
            "gross_margin_4q_avg": 0,
            "net_income": null,
            "net_income_4q": null,
            "revenue": null,
            "revenue_4q": null,
            "common_shares": null,
            "book_valuer_per_share": null,
            "book_valuer_per_share_4q_avg": 0,
            "equity": null,
            "current_ratio": null,
            "debt_ratio": null,
            "inventory_turnover_ratio": null,
            "account_receivable_turnover_ratio": null,
            "reinvestment_rate": null,
            "research_to_sale_ratio": null,
            "price_fair": 0,
            "eps_avg_yearly": 0,
            "eps_latest_yearly": 0,
            "eps_growth_yearly": 0
        },
        "20034": {
            "year_quarter": 20034,
            "year": 2003,
            "quarter": 4,
            "eps": null,
            "eps_growth_year": null,
            "eps_4q": null,
            "eps_4q_growth_year": null,
            "roe": null,
            "roe_4q": 0,
            "gross_profit": null,
            "gross_margin": null,
            "gross_margin_4q_avg": 0,
            "net_income": null,
            "net_income_4q": null,
            "revenue": null,
            "revenue_4q": null,
            "common_shares": null,
            "book_valuer_per_share": null,
            "book_valuer_per_share_4q_avg": 0,
            "equity": null,
            "current_ratio": null,
            "debt_ratio": null,
            "inventory_turnover_ratio": null,
            "account_receivable_turnover_ratio": null,
            "reinvestment_rate": null,
            "research_to_sale_ratio": null,
            "price_fair": 0,
            "eps_avg_yearly": 0,
            "eps_latest_yearly": 0,
            "eps_growth_yearly": 0
        },
        "20041": {
            "year_quarter": 20041,
            "year": 2004,
            "quarter": 1,
            "eps": null,
            "eps_growth_year": null,
            "eps_4q": null,
            "eps_4q_growth_year": null,
            "roe": null,
            "roe_4q": 0,
            "gross_profit": null,
            "gross_margin": null,
            "gross_margin_4q_avg": 0,
            "net_income": null,
            "net_income_4q": null,
            "revenue": null,
            "revenue_4q": null,
            "common_shares": null,
            "book_valuer_per_share": null,
            "book_valuer_per_share_4q_avg": 0,
            "equity": null,
            "current_ratio": null,
            "debt_ratio": null,
            "inventory_turnover_ratio": null,
            "account_receivable_turnover_ratio": null,
            "reinvestment_rate": null,
            "research_to_sale_ratio": null,
            "price_fair": 0,
            "eps_avg_yearly": 0,
            "eps_latest_yearly": 0,
            "eps_growth_yearly": 0
        },
        "20042": {
            "year_quarter": 20042,
            "year": 2004,
            "quarter": 2,
            "eps": null,
            "eps_growth_year": null,
            "eps_4q": null,
            "eps_4q_growth_year": null,
            "roe": null,
            "roe_4q": 0,
            "gross_profit": null,
            "gross_margin": null,
            "gross_margin_4q_avg": 0,
            "net_income": null,
            "net_income_4q": null,
            "revenue": null,
            "revenue_4q": null,
            "common_shares": null,
            "book_valuer_per_share": null,
            "book_valuer_per_share_4q_avg": 0,
            "equity": null,
            "current_ratio": null,
            "debt_ratio": null,
            "inventory_turnover_ratio": null,
            "account_receivable_turnover_ratio": null,
            "reinvestment_rate": null,
            "research_to_sale_ratio": null,
            "price_fair": 0,
            "eps_avg_yearly": 0,
            "eps_latest_yearly": 0,
            "eps_growth_yearly": 0
        },
        "20043": {
            "year_quarter": 20043,
            "year": 2004,
            "quarter": 3,
            "eps": null,
            "eps_growth_year": null,
            "eps_4q": null,
            "eps_4q_growth_year": null,
            "roe": null,
            "roe_4q": 0,
            "gross_profit": null,
            "gross_margin": null,
            "gross_margin_4q_avg": 0,
            "net_income": null,
            "net_income_4q": null,
            "revenue": null,
            "revenue_4q": null,
            "common_shares": null,
            "book_valuer_per_share": null,
            "book_valuer_per_share_4q_avg": 0,
            "equity": null,
            "current_ratio": null,
            "debt_ratio": null,
            "inventory_turnover_ratio": null,
            "account_receivable_turnover_ratio": null,
            "reinvestment_rate": null,
            "research_to_sale_ratio": null,
            "price_fair": 0,
            "eps_avg_yearly": 0,
            "eps_latest_yearly": 0,
            "eps_growth_yearly": 0
        },
        "20044": {
            "year_quarter": 20044,
            "year": 2004,
            "quarter": 4,
            "eps": null,
            "eps_growth_year": null,
            "eps_4q": null,
            "eps_4q_growth_year": null,
            "roe": null,
            "roe_4q": 0,
            "gross_profit": null,
            "gross_margin": null,
            "gross_margin_4q_avg": 0,
            "net_income": null,
            "net_income_4q": null,
            "revenue": null,
            "revenue_4q": null,
            "common_shares": null,
            "book_valuer_per_share": null,
            "book_valuer_per_share_4q_avg": 0,
            "equity": null,
            "current_ratio": null,
            "debt_ratio": null,
            "inventory_turnover_ratio": null,
            "account_receivable_turnover_ratio": null,
            "reinvestment_rate": null,
            "research_to_sale_ratio": null,
            "price_fair": 0,
            "eps_avg_yearly": 0,
            "eps_latest_yearly": 0,
            "eps_growth_yearly": 0
        },
        "20051": {
            "year_quarter": 20051,
            "year": 2005,
            "quarter": 1,
            "eps": null,
            "eps_growth_year": null,
            "eps_4q": null,
            "eps_4q_growth_year": null,
            "roe": null,
            "roe_4q": 0,
            "gross_profit": null,
            "gross_margin": null,
            "gross_margin_4q_avg": 0,
            "net_income": null,
            "net_income_4q": null,
            "revenue": null,
            "revenue_4q": null,
            "common_shares": null,
            "book_valuer_per_share": null,
            "book_valuer_per_share_4q_avg": 0,
            "equity": null,
            "current_ratio": null,
            "debt_ratio": null,
            "inventory_turnover_ratio": null,
            "account_receivable_turnover_ratio": null,
            "reinvestment_rate": null,
            "research_to_sale_ratio": null,
            "price_fair": 0,
            "eps_avg_yearly": 0,
            "eps_latest_yearly": 0,
            "eps_growth_yearly": 0
        },
        "20052": {
            "year_quarter": 20052,
            "year": 2005,
            "quarter": 2,
            "eps": null,
            "eps_growth_year": null,
            "eps_4q": null,
            "eps_4q_growth_year": null,
            "roe": null,
            "roe_4q": 0,
            "gross_profit": null,
            "gross_margin": null,
            "gross_margin_4q_avg": 0,
            "net_income": null,
            "net_income_4q": null,
            "revenue": null,
            "revenue_4q": null,
            "common_shares": null,
            "book_valuer_per_share": null,
            "book_valuer_per_share_4q_avg": 0,
            "equity": null,
            "current_ratio": null,
            "debt_ratio": null,
            "inventory_turnover_ratio": null,
            "account_receivable_turnover_ratio": null,
            "reinvestment_rate": null,
            "research_to_sale_ratio": null,
            "price_fair": 0,
            "eps_avg_yearly": 0,
            "eps_latest_yearly": 0,
            "eps_growth_yearly": 0
        },
        "20053": {
            "year_quarter": 20053,
            "year": 2005,
            "quarter": 3,
            "eps": null,
            "eps_growth_year": null,
            "eps_4q": null,
            "eps_4q_growth_year": null,
            "roe": null,
            "roe_4q": 0,
            "gross_profit": null,
            "gross_margin": null,
            "gross_margin_4q_avg": 0,
            "net_income": null,
            "net_income_4q": null,
            "revenue": null,
            "revenue_4q": null,
            "common_shares": null,
            "book_valuer_per_share": null,
            "book_valuer_per_share_4q_avg": 0,
            "equity": null,
            "current_ratio": null,
            "debt_ratio": null,
            "inventory_turnover_ratio": null,
            "account_receivable_turnover_ratio": null,
            "reinvestment_rate": null,
            "research_to_sale_ratio": null,
            "price_fair": 0,
            "eps_avg_yearly": 0,
            "eps_latest_yearly": 0,
            "eps_growth_yearly": 0
        },
        "20054": {
            "year_quarter": 20054,
            "year": 2005,
            "quarter": 4,
            "eps": null,
            "eps_growth_year": null,
            "eps_4q": null,
            "eps_4q_growth_year": null,
            "roe": null,
            "roe_4q": 0,
            "gross_profit": null,
            "gross_margin": null,
            "gross_margin_4q_avg": 0,
            "net_income": null,
            "net_income_4q": null,
            "revenue": null,
            "revenue_4q": null,
            "common_shares": null,
            "book_valuer_per_share": null,
            "book_valuer_per_share_4q_avg": 0,
            "equity": null,
            "current_ratio": null,
            "debt_ratio": null,
            "inventory_turnover_ratio": null,
            "account_receivable_turnover_ratio": null,
            "reinvestment_rate": null,
            "research_to_sale_ratio": null,
            "price_fair": 0,
            "eps_avg_yearly": 0,
            "eps_latest_yearly": 0,
            "eps_growth_yearly": 0
        },
        "20061": {
            "year_quarter": 20061,
            "year": 2006,
            "quarter": 1,
            "eps": null,
            "eps_growth_year": null,
            "eps_4q": null,
            "eps_4q_growth_year": null,
            "roe": null,
            "roe_4q": 0,
            "gross_profit": null,
            "gross_margin": null,
            "gross_margin_4q_avg": 0,
            "net_income": null,
            "net_income_4q": null,
            "revenue": null,
            "revenue_4q": null,
            "common_shares": null,
            "book_valuer_per_share": null,
            "book_valuer_per_share_4q_avg": 0,
            "equity": null,
            "current_ratio": null,
            "debt_ratio": null,
            "inventory_turnover_ratio": null,
            "account_receivable_turnover_ratio": null,
            "reinvestment_rate": null,
            "research_to_sale_ratio": null,
            "price_fair": 0,
            "eps_avg_yearly": 0,
            "eps_latest_yearly": 0,
            "eps_growth_yearly": 0
        },
        "20062": {
            "year_quarter": 20062,
            "year": 2006,
            "quarter": 2,
            "eps": null,
            "eps_growth_year": null,
            "eps_4q": null,
            "eps_4q_growth_year": null,
            "roe": null,
            "roe_4q": 0,
            "gross_profit": null,
            "gross_margin": null,
            "gross_margin_4q_avg": 0,
            "net_income": null,
            "net_income_4q": null,
            "revenue": null,
            "revenue_4q": null,
            "common_shares": null,
            "book_valuer_per_share": null,
            "book_valuer_per_share_4q_avg": 0,
            "equity": null,
            "current_ratio": null,
            "debt_ratio": null,
            "inventory_turnover_ratio": null,
            "account_receivable_turnover_ratio": null,
            "reinvestment_rate": null,
            "research_to_sale_ratio": null,
            "price_fair": 0,
            "eps_avg_yearly": 0,
            "eps_latest_yearly": 0,
            "eps_growth_yearly": 0
        },
        "20063": {
            "year_quarter": 20063,
            "year": 2006,
            "quarter": 3,
            "eps": null,
            "eps_growth_year": null,
            "eps_4q": null,
            "eps_4q_growth_year": null,
            "roe": null,
            "roe_4q": 0,
            "gross_profit": null,
            "gross_margin": null,
            "gross_margin_4q_avg": 0,
            "net_income": null,
            "net_income_4q": null,
            "revenue": null,
            "revenue_4q": null,
            "common_shares": null,
            "book_valuer_per_share": null,
            "book_valuer_per_share_4q_avg": 0,
            "equity": null,
            "current_ratio": null,
            "debt_ratio": null,
            "inventory_turnover_ratio": null,
            "account_receivable_turnover_ratio": null,
            "reinvestment_rate": null,
            "research_to_sale_ratio": null,
            "price_fair": 0,
            "eps_avg_yearly": 0,
            "eps_latest_yearly": 0,
            "eps_growth_yearly": 0
        },
        "20064": {
            "year_quarter": 20064,
            "year": 2006,
            "quarter": 4,
            "eps": null,
            "eps_growth_year": null,
            "eps_4q": null,
            "eps_4q_growth_year": null,
            "roe": null,
            "roe_4q": 0,
            "gross_profit": null,
            "gross_margin": null,
            "gross_margin_4q_avg": 0,
            "net_income": null,
            "net_income_4q": null,
            "revenue": null,
            "revenue_4q": null,
            "common_shares": null,
            "book_valuer_per_share": null,
            "book_valuer_per_share_4q_avg": 0,
            "equity": null,
            "current_ratio": null,
            "debt_ratio": null,
            "inventory_turnover_ratio": null,
            "account_receivable_turnover_ratio": null,
            "reinvestment_rate": null,
            "research_to_sale_ratio": null,
            "price_fair": 0,
            "eps_avg_yearly": 0,
            "eps_latest_yearly": 0,
            "eps_growth_yearly": 0
        },
        "20071": {
            "year_quarter": 20071,
            "year": 2007,
            "quarter": 1,
            "eps": null,
            "eps_growth_year": null,
            "eps_4q": null,
            "eps_4q_growth_year": null,
            "roe": null,
            "roe_4q": 0,
            "gross_profit": null,
            "gross_margin": null,
            "gross_margin_4q_avg": 0,
            "net_income": null,
            "net_income_4q": null,
            "revenue": null,
            "revenue_4q": null,
            "common_shares": null,
            "book_valuer_per_share": null,
            "book_valuer_per_share_4q_avg": 0,
            "equity": null,
            "current_ratio": null,
            "debt_ratio": null,
            "inventory_turnover_ratio": null,
            "account_receivable_turnover_ratio": null,
            "reinvestment_rate": null,
            "research_to_sale_ratio": null,
            "price_fair": 0,
            "eps_avg_yearly": 0,
            "eps_latest_yearly": 0,
            "eps_growth_yearly": 0
        },
        "20072": {
            "year_quarter": 20072,
            "year": 2007,
            "quarter": 2,
            "eps": null,
            "eps_growth_year": null,
            "eps_4q": null,
            "eps_4q_growth_year": null,
            "roe": null,
            "roe_4q": 0,
            "gross_profit": null,
            "gross_margin": null,
            "gross_margin_4q_avg": 0,
            "net_income": null,
            "net_income_4q": null,
            "revenue": null,
            "revenue_4q": null,
            "common_shares": null,
            "book_valuer_per_share": null,
            "book_valuer_per_share_4q_avg": 0,
            "equity": null,
            "current_ratio": null,
            "debt_ratio": null,
            "inventory_turnover_ratio": null,
            "account_receivable_turnover_ratio": null,
            "reinvestment_rate": null,
            "research_to_sale_ratio": null,
            "price_fair": 0,
            "eps_avg_yearly": 0,
            "eps_latest_yearly": 0,
            "eps_growth_yearly": 0
        },
        "20073": {
            "year_quarter": 20073,
            "year": 2007,
            "quarter": 3,
            "eps": null,
            "eps_growth_year": null,
            "eps_4q": null,
            "eps_4q_growth_year": null,
            "roe": null,
            "roe_4q": 0,
            "gross_profit": null,
            "gross_margin": null,
            "gross_margin_4q_avg": 0,
            "net_income": null,
            "net_income_4q": null,
            "revenue": null,
            "revenue_4q": null,
            "common_shares": null,
            "book_valuer_per_share": null,
            "book_valuer_per_share_4q_avg": 0,
            "equity": null,
            "current_ratio": null,
            "debt_ratio": null,
            "inventory_turnover_ratio": null,
            "account_receivable_turnover_ratio": null,
            "reinvestment_rate": null,
            "research_to_sale_ratio": null,
            "price_fair": 0,
            "eps_avg_yearly": 0,
            "eps_latest_yearly": 0,
            "eps_growth_yearly": 0
        },
        "20074": {
            "year_quarter": 20074,
            "year": 2007,
            "quarter": 4,
            "eps": null,
            "eps_growth_year": null,
            "eps_4q": null,
            "eps_4q_growth_year": null,
            "roe": null,
            "roe_4q": 0,
            "gross_profit": null,
            "gross_margin": null,
            "gross_margin_4q_avg": 0,
            "net_income": null,
            "net_income_4q": null,
            "revenue": null,
            "revenue_4q": null,
            "common_shares": 270000,
            "book_valuer_per_share": 21.02,
            "book_valuer_per_share_4q_avg": 5.26,
            "equity": 567486,
            "current_ratio": 292.19,
            "debt_ratio": 19.23,
            "inventory_turnover_ratio": null,
            "account_receivable_turnover_ratio": null,
            "reinvestment_rate": null,
            "research_to_sale_ratio": null,
            "price_fair": 0,
            "eps_avg_yearly": 0,
            "eps_latest_yearly": 0,
            "eps_growth_yearly": 0
        },
        "20081": {
            "year_quarter": 20081,
            "year": 2008,
            "quarter": 1,
            "eps": 0.49,
            "eps_growth_year": null,
            "eps_4q": null,
            "eps_4q_growth_year": null,
            "roe": 2.31,
            "roe_4q": 2.31,
            "gross_profit": 35497,
            "gross_margin": 25.67,
            "gross_margin_4q_avg": 6.42,
            "net_income": 13275,
            "net_income_4q": null,
            "revenue": 138301,
            "revenue_4q": null,
            "common_shares": 270000,
            "book_valuer_per_share": 21.51,
            "book_valuer_per_share_4q_avg": 10.63,
            "equity": 580761,
            "current_ratio": 347.28,
            "debt_ratio": 17.18,
            "inventory_turnover_ratio": 1.72,
            "account_receivable_turnover_ratio": null,
            "reinvestment_rate": null,
            "research_to_sale_ratio": null,
            "price_fair": 0,
            "eps_avg_yearly": 0,
            "eps_latest_yearly": 0,
            "eps_growth_yearly": 0
        },
        "20082": {
            "year_quarter": 20082,
            "year": 2008,
            "quarter": 2,
            "eps": 0.22,
            "eps_growth_year": null,
            "eps_4q": null,
            "eps_4q_growth_year": null,
            "roe": 1,
            "roe_4q": 3.31,
            "gross_profit": 21838,
            "gross_margin": 20.44,
            "gross_margin_4q_avg": 11.53,
            "net_income": 5839,
            "net_income_4q": null,
            "revenue": 106837,
            "revenue_4q": null,
            "common_shares": 270000,
            "book_valuer_per_share": 21.73,
            "book_valuer_per_share_4q_avg": 16.07,
            "equity": 586600,
            "current_ratio": 279.88,
            "debt_ratio": 18.07,
            "inventory_turnover_ratio": 1.5,
            "account_receivable_turnover_ratio": null,
            "reinvestment_rate": null,
            "research_to_sale_ratio": null,
            "price_fair": 2.64,
            "eps_avg_yearly": 0.88,
            "eps_latest_yearly": 0.88,
            "eps_growth_yearly": -220.41
        },
        "20083": {
            "year_quarter": 20083,
            "year": 2008,
            "quarter": 3,
            "eps": 0.01,
            "eps_growth_year": null,
            "eps_4q": null,
            "eps_4q_growth_year": null,
            "roe": 0.03,
            "roe_4q": 3.34,
            "gross_profit": 4061,
            "gross_margin": 4.03,
            "gross_margin_4q_avg": 12.54,
            "net_income": 177,
            "net_income_4q": null,
            "revenue": 100755,
            "revenue_4q": null,
            "common_shares": 270000,
            "book_valuer_per_share": 21.73,
            "book_valuer_per_share_4q_avg": 21.5,
            "equity": 586776,
            "current_ratio": 255.89,
            "debt_ratio": 16.72,
            "inventory_turnover_ratio": 1.75,
            "account_receivable_turnover_ratio": null,
            "reinvestment_rate": null,
            "research_to_sale_ratio": null,
            "price_fair": 1.38,
            "eps_avg_yearly": 0.46,
            "eps_latest_yearly": 0.04,
            "eps_growth_yearly": -301.11
        },
        "20084": {
            "year_quarter": 20084,
            "year": 2008,
            "quarter": 4,
            "eps": -0.31,
            "eps_growth_year": null,
            "eps_4q": 0.41,
            "eps_4q_growth_year": null,
            "roe": -1.44,
            "roe_4q": 1.9000000000000001,
            "gross_profit": -2333,
            "gross_margin": -2.56,
            "gross_margin_4q_avg": 11.9,
            "net_income": -8375,
            "net_income_4q": null,
            "revenue": 91132,
            "revenue_4q": null,
            "common_shares": 270000,
            "book_valuer_per_share": 21.42,
            "book_valuer_per_share_4q_avg": 21.6,
            "equity": 578402,
            "current_ratio": 184.28,
            "debt_ratio": 26.96,
            "inventory_turnover_ratio": 1.59,
            "account_receivable_turnover_ratio": 1.64,
            "reinvestment_rate": null,
            "research_to_sale_ratio": null,
            "price_fair": 1.38,
            "eps_avg_yearly": 0.46,
            "eps_latest_yearly": 0.04,
            "eps_growth_yearly": -301.11
        },
        "20091": {
            "year_quarter": 20091,
            "year": 2009,
            "quarter": 1,
            "eps": -0.7,
            "eps_growth_year": -242.86,
            "eps_4q": -0.79,
            "eps_4q_growth_year": null,
            "roe": -3.32,
            "roe_4q": -3.7299999999999995,
            "gross_profit": -10833,
            "gross_margin": -17.92,
            "gross_margin_4q_avg": 1,
            "net_income": -18890,
            "net_income_4q": null,
            "revenue": 60466,
            "revenue_4q": null,
            "common_shares": 270000,
            "book_valuer_per_share": 20.72,
            "book_valuer_per_share_4q_avg": 21.4,
            "equity": 559511,
            "current_ratio": 162.15,
            "debt_ratio": 26.45,
            "inventory_turnover_ratio": 1.2,
            "account_receivable_turnover_ratio": 0.63,
            "reinvestment_rate": null,
            "research_to_sale_ratio": null,
            "price_fair": 1.38,
            "eps_avg_yearly": 0.46,
            "eps_latest_yearly": 0.04,
            "eps_growth_yearly": -301.11
        },
        "20092": {
            "year_quarter": 20092,
            "year": 2009,
            "quarter": 2,
            "eps": 0.27,
            "eps_growth_year": 22.73,
            "eps_4q": -0.69,
            "eps_4q_growth_year": null,
            "roe": 1.28,
            "roe_4q": -3.45,
            "gross_profit": 21713,
            "gross_margin": 21.5,
            "gross_margin_4q_avg": 1.26,
            "net_income": 7610,
            "net_income_4q": null,
            "revenue": 101008,
            "revenue_4q": null,
            "common_shares": 306000,
            "book_valuer_per_share": 20.7,
            "book_valuer_per_share_4q_avg": 21.14,
            "equity": 633451,
            "current_ratio": 258.62,
            "debt_ratio": 22.21,
            "inventory_turnover_ratio": 1.43,
            "account_receivable_turnover_ratio": 1.01,
            "reinvestment_rate": null,
            "research_to_sale_ratio": null,
            "price_fair": 1.38,
            "eps_avg_yearly": 0.46,
            "eps_latest_yearly": 0.04,
            "eps_growth_yearly": -301.11
        },
        "20093": {
            "year_quarter": 20093,
            "year": 2009,
            "quarter": 3,
            "eps": 0.8,
            "eps_growth_year": 7900,
            "eps_4q": 0.13,
            "eps_4q_growth_year": null,
            "roe": 3.63,
            "roe_4q": 0.15000000000000036,
            "gross_profit": 39741,
            "gross_margin": 23.38,
            "gross_margin_4q_avg": 6.1,
            "net_income": 23433,
            "net_income_4q": null,
            "revenue": 169952,
            "revenue_4q": null,
            "common_shares": 306000,
            "book_valuer_per_share": 21.47,
            "book_valuer_per_share_4q_avg": 21.08,
            "equity": 656884,
            "current_ratio": 208.48,
            "debt_ratio": 26.15,
            "inventory_turnover_ratio": 2.34,
            "account_receivable_turnover_ratio": 1.03,
            "reinvestment_rate": null,
            "research_to_sale_ratio": null,
            "price_fair": 48.07,
            "eps_avg_yearly": 1.37,
            "eps_latest_yearly": 3.2,
            "eps_growth_yearly": 60.99
        },
        "20094": {
            "year_quarter": 20094,
            "year": 2009,
            "quarter": 4,
            "eps": 0.17,
            "eps_growth_year": null,
            "eps_4q": 0.48,
            "eps_4q_growth_year": 17.13,
            "roe": 0.64,
            "roe_4q": 2.23,
            "gross_profit": 21443,
            "gross_margin": 13.71,
            "gross_margin_4q_avg": 10.17,
            "net_income": 4943,
            "net_income_4q": null,
            "revenue": 156446,
            "revenue_4q": null,
            "common_shares": 356000,
            "book_valuer_per_share": 24.8,
            "book_valuer_per_share_4q_avg": 21.92,
            "equity": 882814,
            "current_ratio": 304.64,
            "debt_ratio": 22.79,
            "inventory_turnover_ratio": 1.99,
            "account_receivable_turnover_ratio": 1.33,
            "reinvestment_rate": null,
            "research_to_sale_ratio": null,
            "price_fair": 3.6,
            "eps_avg_yearly": 1.2,
            "eps_latest_yearly": 0.68,
            "eps_growth_yearly": -33.01
        },
        "20101": {
            "year_quarter": 20101,
            "year": 2010,
            "quarter": 1,
            "eps": 0.08,
            "eps_growth_year": null,
            "eps_4q": 1.09,
            "eps_4q_growth_year": null,
            "roe": 0.31,
            "roe_4q": 5.86,
            "gross_profit": 15416,
            "gross_margin": 10.36,
            "gross_margin_4q_avg": 17.24,
            "net_income": 2766,
            "net_income_4q": null,
            "revenue": 148759,
            "revenue_4q": null,
            "common_shares": 356000,
            "book_valuer_per_share": 24.88,
            "book_valuer_per_share_4q_avg": 22.96,
            "equity": 885580,
            "current_ratio": 288.35,
            "debt_ratio": 21.05,
            "inventory_turnover_ratio": 1.71,
            "account_receivable_turnover_ratio": 0.7,
            "reinvestment_rate": null,
            "research_to_sale_ratio": 3.11,
            "price_fair": 3.07,
            "eps_avg_yearly": 1.02,
            "eps_latest_yearly": 0.32,
            "eps_growth_yearly": -68.76
        },
        "20102": {
            "year_quarter": 20102,
            "year": 2010,
            "quarter": 2,
            "eps": 0.34,
            "eps_growth_year": 26.73,
            "eps_4q": 1.18,
            "eps_4q_growth_year": null,
            "roe": 1.42,
            "roe_4q": 6,
            "gross_profit": 34021,
            "gross_margin": 12.07,
            "gross_margin_4q_avg": 14.88,
            "net_income": 12669,
            "net_income_4q": null,
            "revenue": 281949,
            "revenue_4q": null,
            "common_shares": 356000,
            "book_valuer_per_share": 25.13,
            "book_valuer_per_share_4q_avg": 24.07,
            "equity": 894689,
            "current_ratio": 180.75,
            "debt_ratio": 33.83,
            "inventory_turnover_ratio": 3.25,
            "account_receivable_turnover_ratio": 1.13,
            "reinvestment_rate": null,
            "research_to_sale_ratio": 3.36,
            "price_fair": 37.8,
            "eps_avg_yearly": 1.08,
            "eps_latest_yearly": 1.36,
            "eps_growth_yearly": 159.37
        },
        "20103": {
            "year_quarter": 20103,
            "year": 2010,
            "quarter": 3,
            "eps": 0.71,
            "eps_growth_year": -11.17,
            "eps_4q": 1.26,
            "eps_4q_growth_year": 877.73,
            "roe": 2.9,
            "roe_4q": 5.27,
            "gross_profit": 52472,
            "gross_margin": 20.99,
            "gross_margin_4q_avg": 14.28,
            "net_income": 26312,
            "net_income_4q": null,
            "revenue": 250036,
            "revenue_4q": null,
            "common_shares": 370240,
            "book_valuer_per_share": 24.88,
            "book_valuer_per_share_4q_avg": 24.92,
            "equity": 921001,
            "current_ratio": 211.55,
            "debt_ratio": 34.12,
            "inventory_turnover_ratio": 2.12,
            "account_receivable_turnover_ratio": 0.85,
            "reinvestment_rate": null,
            "research_to_sale_ratio": 4.07,
            "price_fair": 46.6,
            "eps_avg_yearly": 1.33,
            "eps_latest_yearly": 2.84,
            "eps_growth_yearly": 198.78
        },
        "20104": {
            "year_quarter": 20104,
            "year": 2010,
            "quarter": 4,
            "eps": 0.3,
            "eps_growth_year": 75.04,
            "eps_4q": 1.43,
            "eps_4q_growth_year": 196.76,
            "roe": 1.19,
            "roe_4q": 5.819999999999999,
            "gross_profit": 53948,
            "gross_margin": 21.44,
            "gross_margin_4q_avg": 16.22,
            "net_income": 11017,
            "net_income_4q": null,
            "revenue": 251627,
            "revenue_4q": null,
            "common_shares": 370240,
            "book_valuer_per_share": 25.17,
            "book_valuer_per_share_4q_avg": 25.02,
            "equity": 932018,
            "current_ratio": 204.07,
            "debt_ratio": 29.19,
            "inventory_turnover_ratio": 2.09,
            "account_receivable_turnover_ratio": 0.91,
            "reinvestment_rate": null,
            "research_to_sale_ratio": 6.21,
            "price_fair": 46.03,
            "eps_avg_yearly": 1.32,
            "eps_latest_yearly": 1.2,
            "eps_growth_yearly": 145.06
        },
        "20111": {
            "year_quarter": 20111,
            "year": 2011,
            "quarter": 1,
            "eps": 2.91,
            "eps_growth_year": 3537.5,
            "eps_4q": 4.26,
            "eps_4q_growth_year": 291.3,
            "roe": 10.92,
            "roe_4q": 16.43,
            "gross_profit": 142218,
            "gross_margin": 34.26,
            "gross_margin_4q_avg": 22.19,
            "net_income": 107705,
            "net_income_4q": null,
            "revenue": 415059,
            "revenue_4q": null,
            "common_shares": 370240,
            "book_valuer_per_share": 28.08,
            "book_valuer_per_share_4q_avg": 25.82,
            "equity": 1039724,
            "current_ratio": 152.01,
            "debt_ratio": 35.81,
            "inventory_turnover_ratio": 2.61,
            "account_receivable_turnover_ratio": 1.17,
            "reinvestment_rate": null,
            "research_to_sale_ratio": 1.43,
            "price_fair": 86.18,
            "eps_avg_yearly": 2.46,
            "eps_latest_yearly": 11.64,
            "eps_growth_yearly": 515.61
        },
        "20112": {
            "year_quarter": 20112,
            "year": 2011,
            "quarter": 2,
            "eps": 2.7,
            "eps_growth_year": 689.4,
            "eps_4q": 5.86,
            "eps_4q_growth_year": 394.8,
            "roe": 8.65,
            "roe_4q": 23.66,
            "gross_profit": 179058,
            "gross_margin": 35.52,
            "gross_margin_4q_avg": 28.05,
            "net_income": 124217,
            "net_income_4q": null,
            "revenue": 504117,
            "revenue_4q": null,
            "common_shares": 459859,
            "book_valuer_per_share": 39.81,
            "book_valuer_per_share_4q_avg": 29.49,
            "equity": 1830786,
            "current_ratio": 310.75,
            "debt_ratio": 24.03,
            "inventory_turnover_ratio": 2.33,
            "account_receivable_turnover_ratio": 1.09,
            "reinvestment_rate": null,
            "research_to_sale_ratio": 1.65,
            "price_fair": 115.36,
            "eps_avg_yearly": 3.3,
            "eps_latest_yearly": 10.8,
            "eps_growth_yearly": 461.16
        },
        "20113": {
            "year_quarter": 20113,
            "year": 2011,
            "quarter": 3,
            "eps": 1.91,
            "eps_growth_year": 169.4,
            "eps_4q": 7.2,
            "eps_4q_growth_year": 470.74,
            "roe": 4.77,
            "roe_4q": 25.53,
            "gross_profit": 101785,
            "gross_margin": 25.6,
            "gross_margin_4q_avg": 29.21,
            "net_income": 88043,
            "net_income_4q": null,
            "revenue": 397668,
            "revenue_4q": null,
            "common_shares": 459859,
            "book_valuer_per_share": 40.51,
            "book_valuer_per_share_4q_avg": 33.39,
            "equity": 1863081,
            "current_ratio": 361.9,
            "debt_ratio": 21.83,
            "inventory_turnover_ratio": 2.05,
            "account_receivable_turnover_ratio": 0.81,
            "reinvestment_rate": null,
            "research_to_sale_ratio": 0.95,
            "price_fair": 129.18,
            "eps_avg_yearly": 3.69,
            "eps_latest_yearly": 7.64,
            "eps_growth_yearly": 408.6
        },
        "20114": {
            "year_quarter": 20114,
            "year": 2011,
            "quarter": 4,
            "eps": 0.75,
            "eps_growth_year": 151.93,
            "eps_4q": 7.71,
            "eps_4q_growth_year": 440.83,
            "roe": 1.83,
            "roe_4q": 26.17,
            "gross_profit": 82820,
            "gross_margin": 24.18,
            "gross_margin_4q_avg": 29.89,
            "net_income": 34473,
            "net_income_4q": null,
            "revenue": 342567,
            "revenue_4q": null,
            "common_shares": 459859,
            "book_valuer_per_share": 41.22,
            "book_valuer_per_share_4q_avg": 37.41,
            "equity": 1895630,
            "current_ratio": 390.81,
            "debt_ratio": 22.75,
            "inventory_turnover_ratio": 1.96,
            "account_receivable_turnover_ratio": 0.71,
            "reinvestment_rate": 140.15,
            "research_to_sale_ratio": 2.5,
            "price_fair": 127.17,
            "eps_avg_yearly": 3.63,
            "eps_latest_yearly": 3,
            "eps_growth_yearly": 354.31
        },
        "20121": {
            "year_quarter": 20121,
            "year": 2012,
            "quarter": 1,
            "eps": 0.13,
            "eps_growth_year": -95.53,
            "eps_4q": 5.49,
            "eps_4q_growth_year": 28.99,
            "roe": 0.31,
            "roe_4q": 15.56,
            "gross_profit": 26745,
            "gross_margin": 14.17,
            "gross_margin_4q_avg": 24.87,
            "net_income": 5934,
            "net_income_4q": null,
            "revenue": 188799,
            "revenue_4q": null,
            "common_shares": 459859,
            "book_valuer_per_share": 41.35,
            "book_valuer_per_share_4q_avg": 40.72,
            "equity": 1901564,
            "current_ratio": 500,
            "debt_ratio": 18.2,
            "inventory_turnover_ratio": 1.4,
            "account_receivable_turnover_ratio": 0.47,
            "reinvestment_rate": 153.4,
            "research_to_sale_ratio": 2.15,
            "price_fair": 118.78,
            "eps_avg_yearly": 3.39,
            "eps_latest_yearly": 0.52,
            "eps_growth_yearly": 301.62
        },
        "20122": {
            "year_quarter": 20122,
            "year": 2012,
            "quarter": 2,
            "eps": 0.05,
            "eps_growth_year": -98.09,
            "eps_4q": 2.59,
            "eps_4q_growth_year": -55.75,
            "roe": 0.14,
            "roe_4q": 7.05,
            "gross_profit": 48686,
            "gross_margin": 20.03,
            "gross_margin_4q_avg": 21,
            "net_income": 2614,
            "net_income_4q": null,
            "revenue": 243115,
            "revenue_4q": null,
            "common_shares": 459859,
            "book_valuer_per_share": 39.09,
            "book_valuer_per_share_4q_avg": 40.54,
            "equity": 1797578,
            "current_ratio": 331.59,
            "debt_ratio": 22.02,
            "inventory_turnover_ratio": 1.98,
            "account_receivable_turnover_ratio": 0.7,
            "reinvestment_rate": 169.92,
            "research_to_sale_ratio": 2.4,
            "price_fair": 116.95,
            "eps_avg_yearly": 3.34,
            "eps_latest_yearly": 0.2,
            "eps_growth_yearly": 299.64
        },
        "20123": {
            "year_quarter": 20123,
            "year": 2012,
            "quarter": 3,
            "eps": 1.05,
            "eps_growth_year": -45.34,
            "eps_4q": 1.9,
            "eps_4q_growth_year": -73.64,
            "roe": 2.9,
            "roe_4q": 5.18,
            "gross_profit": 104800,
            "gross_margin": 29.35,
            "gross_margin_4q_avg": 21.93,
            "net_income": 52936,
            "net_income_4q": null,
            "revenue": 357031,
            "revenue_4q": null,
            "common_shares": 505845,
            "book_valuer_per_share": 36.71,
            "book_valuer_per_share_4q_avg": 39.59,
            "equity": 1857094,
            "current_ratio": 397.14,
            "debt_ratio": 19.61,
            "inventory_turnover_ratio": 2.43,
            "account_receivable_turnover_ratio": 0.97,
            "reinvestment_rate": 130.79,
            "research_to_sale_ratio": 1.01,
            "price_fair": 128.15,
            "eps_avg_yearly": 3.66,
            "eps_latest_yearly": 4.2,
            "eps_growth_yearly": 944.39
        },
        "20124": {
            "year_quarter": 20124,
            "year": 2012,
            "quarter": 4,
            "eps": 1.58,
            "eps_growth_year": 110.87,
            "eps_4q": 2.6,
            "eps_4q_growth_year": -66.32,
            "roe": 4.49,
            "roe_4q": 7.84,
            "gross_profit": 136497,
            "gross_margin": 27.43,
            "gross_margin_4q_avg": 22.75,
            "net_income": 95771,
            "net_income_4q": null,
            "revenue": 497582,
            "revenue_4q": null,
            "common_shares": 605845,
            "book_valuer_per_share": 39.84,
            "book_valuer_per_share_4q_avg": 39.25,
            "equity": 2413569,
            "current_ratio": 339.85,
            "debt_ratio": 20.03,
            "inventory_turnover_ratio": 3.28,
            "account_receivable_turnover_ratio": 1.01,
            "reinvestment_rate": 152.48,
            "research_to_sale_ratio": 0.8,
            "price_fair": 134.8,
            "eps_avg_yearly": 3.85,
            "eps_latest_yearly": 6.32,
            "eps_growth_yearly": 891.36
        },
        "20131": {
            "year_quarter": 20131,
            "year": 2013,
            "quarter": 1,
            "eps": 0.77,
            "eps_growth_year": 492.31,
            "eps_4q": 3.26,
            "eps_4q_growth_year": -40.6,
            "roe": 1.9,
            "roe_4q": 9.430000000000001,
            "gross_profit": 55795,
            "gross_margin": 18.88,
            "gross_margin_4q_avg": 23.92,
            "net_income": 46410,
            "net_income_4q": null,
            "revenue": 295532,
            "revenue_4q": null,
            "common_shares": 605845,
            "book_valuer_per_share": 40.63,
            "book_valuer_per_share_4q_avg": 39.07,
            "equity": 2461256,
            "current_ratio": 330.43,
            "debt_ratio": 17.36,
            "inventory_turnover_ratio": 2.24,
            "account_receivable_turnover_ratio": 0.57,
            "reinvestment_rate": 162.98,
            "research_to_sale_ratio": 0.61,
            "price_fair": 133,
            "eps_avg_yearly": 3.8,
            "eps_latest_yearly": 3.08,
            "eps_growth_yearly": 818.26
        },
        "20132": {
            "year_quarter": 20132,
            "year": 2013,
            "quarter": 2,
            "eps": 0.27,
            "eps_growth_year": 422.49,
            "eps_4q": 3.49,
            "eps_4q_growth_year": 34.59,
            "roe": 0.67,
            "roe_4q": 9.96,
            "gross_profit": 44248,
            "gross_margin": 14.14,
            "gross_margin_4q_avg": 22.45,
            "net_income": 16153,
            "net_income_4q": null,
            "revenue": 312972,
            "revenue_4q": null,
            "common_shares": 605845,
            "book_valuer_per_share": 39.42,
            "book_valuer_per_share_4q_avg": 39.15,
            "equity": 2388338,
            "current_ratio": 239.2,
            "debt_ratio": 20.97,
            "inventory_turnover_ratio": 2.47,
            "account_receivable_turnover_ratio": 0.68,
            "reinvestment_rate": 188.21,
            "research_to_sale_ratio": 0.67,
            "price_fair": 127.05,
            "eps_avg_yearly": 3.63,
            "eps_latest_yearly": 1.08,
            "eps_growth_yearly": 750.89
        },
        "20133": {
            "year_quarter": 20133,
            "year": 2013,
            "quarter": 3,
            "eps": -0.17,
            "eps_growth_year": -116.24,
            "eps_4q": 2.44,
            "eps_4q_growth_year": 28.84,
            "roe": -0.43,
            "roe_4q": 6.630000000000001,
            "gross_profit": 15830,
            "gross_margin": 9.57,
            "gross_margin_4q_avg": 17.51,
            "net_income": -10261,
            "net_income_4q": null,
            "revenue": 165388,
            "revenue_4q": null,
            "common_shares": 605845,
            "book_valuer_per_share": 39.22,
            "book_valuer_per_share_4q_avg": 39.78,
            "equity": 2376101,
            "current_ratio": 299.04,
            "debt_ratio": 14.16,
            "inventory_turnover_ratio": 1.37,
            "account_receivable_turnover_ratio": 0.4,
            "reinvestment_rate": 218.82,
            "research_to_sale_ratio": 1,
            "price_fair": 128.05,
            "eps_avg_yearly": 3.66,
            "eps_latest_yearly": 1.08,
            "eps_growth_yearly": 748.6
        },
        "20134": {
            "year_quarter": 20134,
            "year": 2013,
            "quarter": 4,
            "eps": -0.66,
            "eps_growth_year": -141.92,
            "eps_4q": 0.08,
            "eps_4q_growth_year": -96.98,
            "roe": -1.82,
            "roe_4q": 0.31999999999999984,
            "gross_profit": -16283,
            "gross_margin": -10.32,
            "gross_margin_4q_avg": 8.07,
            "net_income": -46774,
            "net_income_4q": null,
            "revenue": 157830,
            "revenue_4q": null,
            "common_shares": 705845,
            "book_valuer_per_share": 39.09,
            "book_valuer_per_share_4q_avg": 39.59,
            "equity": 2758939,
            "current_ratio": 483.13,
            "debt_ratio": 10.63,
            "inventory_turnover_ratio": 1.85,
            "account_receivable_turnover_ratio": 0.54,
            "reinvestment_rate": 240.09,
            "research_to_sale_ratio": 1.47,
            "price_fair": 135.5,
            "eps_avg_yearly": 3.87,
            "eps_latest_yearly": 1.08,
            "eps_growth_yearly": 824.57
        },
        "20141": {
            "year_quarter": 20141,
            "year": 2014,
            "quarter": 1,
            "eps": -0.58,
            "eps_growth_year": -175.32,
            "eps_4q": -1.16,
            "eps_4q_growth_year": -135.49,
            "roe": -1.49,
            "roe_4q": -3.0700000000000003,
            "gross_profit": -19740,
            "gross_margin": -13.61,
            "gross_margin_4q_avg": -0.05,
            "net_income": -40866,
            "net_income_4q": null,
            "revenue": 145060,
            "revenue_4q": null,
            "common_shares": 705845,
            "book_valuer_per_share": 38.58,
            "book_valuer_per_share_4q_avg": 39.08,
            "equity": 2722815,
            "current_ratio": 386.01,
            "debt_ratio": 10.99,
            "inventory_turnover_ratio": 2.21,
            "account_receivable_turnover_ratio": 0.66,
            "reinvestment_rate": 276.87,
            "research_to_sale_ratio": 1.24,
            "price_fair": 145.06,
            "eps_avg_yearly": 4.14,
            "eps_latest_yearly": 1.08,
            "eps_growth_yearly": 904.29
        },
        "20142": {
            "year_quarter": 20142,
            "year": 2014,
            "quarter": 2,
            "eps": -0.14,
            "eps_growth_year": -151.85,
            "eps_4q": -1.53,
            "eps_4q_growth_year": -143.74,
            "roe": -0.36,
            "roe_4q": -4.1,
            "gross_profit": 2454,
            "gross_margin": 1.56,
            "gross_margin_4q_avg": -3.2,
            "net_income": -9754,
            "net_income_4q": null,
            "revenue": 157153,
            "revenue_4q": null,
            "common_shares": 705845,
            "book_valuer_per_share": 37.99,
            "book_valuer_per_share_4q_avg": 38.72,
            "equity": 2681555,
            "current_ratio": 426.45,
            "debt_ratio": 15.35,
            "inventory_turnover_ratio": 2.17,
            "account_receivable_turnover_ratio": 0.77,
            "reinvestment_rate": 255.72,
            "research_to_sale_ratio": 1.66,
            "price_fair": 153.18,
            "eps_avg_yearly": 4.38,
            "eps_latest_yearly": 1.08,
            "eps_growth_yearly": 871.31
        },
        "20143": {
            "year_quarter": 20143,
            "year": 2014,
            "quarter": 3,
            "eps": 0.04,
            "eps_growth_year": null,
            "eps_4q": -1.34,
            "eps_4q_growth_year": -154.73,
            "roe": 0.11,
            "roe_4q": -3.56,
            "gross_profit": 11528,
            "gross_margin": 6.29,
            "gross_margin_4q_avg": -4.02,
            "net_income": 2969,
            "net_income_4q": null,
            "revenue": 183361,
            "revenue_4q": null,
            "common_shares": 705845,
            "book_valuer_per_share": 36.61,
            "book_valuer_per_share_4q_avg": 38.07,
            "equity": 2584022,
            "current_ratio": 492.72,
            "debt_ratio": 14.45,
            "inventory_turnover_ratio": 2.45,
            "account_receivable_turnover_ratio": 0.78,
            "reinvestment_rate": 273.7,
            "research_to_sale_ratio": 1.7,
            "price_fair": 158.07,
            "eps_avg_yearly": 4.52,
            "eps_latest_yearly": 1.08,
            "eps_growth_yearly": 910.95
        },
        "20144": {
            "year_quarter": 20144,
            "year": 2014,
            "quarter": 4,
            "eps": -0.22,
            "eps_growth_year": null,
            "eps_4q": -0.9,
            "eps_4q_growth_year": -1246.28,
            "roe": -0.61,
            "roe_4q": -2.35,
            "gross_profit": 12172,
            "gross_margin": 5.86,
            "gross_margin_4q_avg": 0.03,
            "net_income": -15715,
            "net_income_4q": null,
            "revenue": 207828,
            "revenue_4q": null,
            "common_shares": 705845,
            "book_valuer_per_share": 36.45,
            "book_valuer_per_share_4q_avg": 37.41,
            "equity": 2572893,
            "current_ratio": 410.45,
            "debt_ratio": 14.64,
            "inventory_turnover_ratio": 3.4,
            "account_receivable_turnover_ratio": 0.83,
            "reinvestment_rate": 280.98,
            "research_to_sale_ratio": 1.3,
            "price_fair": 169.68,
            "eps_avg_yearly": 4.85,
            "eps_latest_yearly": 1.08,
            "eps_growth_yearly": 1025.14
        },
        "20151": {
            "year_quarter": 20151,
            "year": 2015,
            "quarter": 1,
            "eps": -0.05,
            "eps_growth_year": null,
            "eps_4q": -0.37,
            "eps_4q_growth_year": null,
            "roe": -0.15,
            "roe_4q": -1.01,
            "gross_profit": 9718,
            "gross_margin": 6.25,
            "gross_margin_4q_avg": 4.99,
            "net_income": -3781,
            "net_income_4q": null,
            "revenue": 155528,
            "revenue_4q": null,
            "common_shares": 705845,
            "book_valuer_per_share": 36.51,
            "book_valuer_per_share_4q_avg": 36.89,
            "equity": 2577357,
            "current_ratio": 512.84,
            "debt_ratio": 17.29,
            "inventory_turnover_ratio": 2.95,
            "account_receivable_turnover_ratio": 0.71,
            "reinvestment_rate": 339.07,
            "research_to_sale_ratio": 4.84,
            "price_fair": 143.27,
            "eps_avg_yearly": 4.09,
            "eps_latest_yearly": 1.08,
            "eps_growth_yearly": 752.38
        },
        "20152": {
            "year_quarter": 20152,
            "year": 2015,
            "quarter": 2,
            "eps": 0.07,
            "eps_growth_year": null,
            "eps_4q": -0.17,
            "eps_4q_growth_year": null,
            "roe": 0.18,
            "roe_4q": -0.47,
            "gross_profit": 15346,
            "gross_margin": 8.21,
            "gross_margin_4q_avg": 6.65,
            "net_income": 4634,
            "net_income_4q": null,
            "revenue": 187024,
            "revenue_4q": null,
            "common_shares": 705845,
            "book_valuer_per_share": 36.66,
            "book_valuer_per_share_4q_avg": 36.56,
            "equity": 2587502,
            "current_ratio": 473.59,
            "debt_ratio": 16.65,
            "inventory_turnover_ratio": 3.48,
            "account_receivable_turnover_ratio": 0.88,
            "reinvestment_rate": 572.81,
            "research_to_sale_ratio": 3.14,
            "price_fair": 113.93,
            "eps_avg_yearly": 3.26,
            "eps_latest_yearly": 1.08,
            "eps_growth_yearly": 850.04
        },
        "20153": {
            "year_quarter": 20153,
            "year": 2015,
            "quarter": 3,
            "eps": 0.45,
            "eps_growth_year": 1025,
            "eps_4q": 0.24,
            "eps_4q_growth_year": null,
            "roe": 1.22,
            "roe_4q": 0.64,
            "gross_profit": 34161,
            "gross_margin": 17.22,
            "gross_margin_4q_avg": 9.39,
            "net_income": 31679,
            "net_income_4q": null,
            "revenue": 198412,
            "revenue_4q": null,
            "common_shares": 705845,
            "book_valuer_per_share": 37.08,
            "book_valuer_per_share_4q_avg": 36.68,
            "equity": 2617487,
            "current_ratio": 445.01,
            "debt_ratio": 16.1,
            "inventory_turnover_ratio": 3.59,
            "account_receivable_turnover_ratio": 0.79,
            "reinvestment_rate": 688.72,
            "research_to_sale_ratio": 1.95,
            "price_fair": 88.38,
            "eps_avg_yearly": 2.53,
            "eps_latest_yearly": 1.8,
            "eps_growth_yearly": 1136.1
        },
        "20154": {
            "year_quarter": 20154,
            "year": 2015,
            "quarter": 4,
            "eps": -0.09,
            "eps_growth_year": null,
            "eps_4q": 0.38,
            "eps_4q_growth_year": null,
            "roe": -0.23,
            "roe_4q": 1.02,
            "gross_profit": 17281,
            "gross_margin": 9.26,
            "gross_margin_4q_avg": 10.24,
            "net_income": -6021,
            "net_income_4q": null,
            "revenue": 186649,
            "revenue_4q": null,
            "common_shares": 705845,
            "book_valuer_per_share": 36.96,
            "book_valuer_per_share_4q_avg": 36.8,
            "equity": 2608613,
            "current_ratio": 420.35,
            "debt_ratio": 16.13,
            "inventory_turnover_ratio": 3.67,
            "account_receivable_turnover_ratio": 0.69,
            "reinvestment_rate": 824.24,
            "research_to_sale_ratio": 3.08,
            "price_fair": 86,
            "eps_avg_yearly": 2.46,
            "eps_latest_yearly": 1.8,
            "eps_growth_yearly": 1333.1
        },
        "20161": {
            "year_quarter": 20161,
            "year": 2016,
            "quarter": 1,
            "eps": -0.26,
            "eps_growth_year": null,
            "eps_4q": 0.16,
            "eps_4q_growth_year": null,
            "roe": -0.72,
            "roe_4q": 0.45,
            "gross_profit": -10550,
            "gross_margin": -6.21,
            "gross_margin_4q_avg": 7.12,
            "net_income": -18658,
            "net_income_4q": null,
            "revenue": 169875,
            "revenue_4q": null,
            "common_shares": 705845,
            "book_valuer_per_share": 36.64,
            "book_valuer_per_share_4q_avg": 36.84,
            "equity": 2586439,
            "current_ratio": 432.56,
            "debt_ratio": 15.34,
            "inventory_turnover_ratio": 3.38,
            "account_receivable_turnover_ratio": 0.67,
            "reinvestment_rate": 955.53,
            "research_to_sale_ratio": 3.72,
            "price_fair": 97.3,
            "eps_avg_yearly": 2.78,
            "eps_latest_yearly": 1.8,
            "eps_growth_yearly": 1610.4
        },
        "20162": {
            "year_quarter": 20162,
            "year": 2016,
            "quarter": 2,
            "eps": 0.03,
            "eps_growth_year": -57.14,
            "eps_4q": 0.13,
            "eps_4q_growth_year": null,
            "roe": 0.1,
            "roe_4q": 0.37,
            "gross_profit": 10870,
            "gross_margin": 5.42,
            "gross_margin_4q_avg": 6.42,
            "net_income": 2470,
            "net_income_4q": null,
            "revenue": 200498,
            "revenue_4q": null,
            "common_shares": 705845,
            "book_valuer_per_share": 36.29,
            "book_valuer_per_share_4q_avg": 36.74,
            "equity": 2561300,
            "current_ratio": 348.89,
            "debt_ratio": 16.79,
            "inventory_turnover_ratio": 3.11,
            "account_receivable_turnover_ratio": 0.76,
            "reinvestment_rate": 832.76,
            "research_to_sale_ratio": 1.11,
            "price_fair": 115.36,
            "eps_avg_yearly": 3.3,
            "eps_latest_yearly": 1.8,
            "eps_growth_yearly": 1981.71
        },
        "20163": {
            "year_quarter": 20163,
            "year": 2016,
            "quarter": 3,
            "eps": 0.51,
            "eps_growth_year": 13.33,
            "eps_4q": 0.2,
            "eps_4q_growth_year": -18.11,
            "roe": 1.4,
            "roe_4q": 0.55,
            "gross_profit": 19691,
            "gross_margin": 8.81,
            "gross_margin_4q_avg": 4.32,
            "net_income": 35980,
            "net_income_4q": null,
            "revenue": 223518,
            "revenue_4q": null,
            "common_shares": 705845,
            "book_valuer_per_share": 36.73,
            "book_valuer_per_share_4q_avg": 36.66,
            "equity": 2592679,
            "current_ratio": 375.09,
            "debt_ratio": 15.53,
            "inventory_turnover_ratio": 2.97,
            "account_receivable_turnover_ratio": 0.74,
            "reinvestment_rate": 1085.72,
            "research_to_sale_ratio": 2.05,
            "price_fair": 100.24,
            "eps_avg_yearly": 2.86,
            "eps_latest_yearly": 2.04,
            "eps_growth_yearly": 1661.71
        },
        "20164": {
            "year_quarter": 20164,
            "year": 2016,
            "quarter": 4,
            "eps": 0.19,
            "eps_growth_year": null,
            "eps_4q": 0.47,
            "eps_4q_growth_year": 25.77,
            "roe": 0.51,
            "roe_4q": 1.2899999999999998,
            "gross_profit": 20601,
            "gross_margin": 8.17,
            "gross_margin_4q_avg": 4.05,
            "net_income": 13551,
            "net_income_4q": null,
            "revenue": 252039,
            "revenue_4q": null,
            "common_shares": 705845,
            "book_valuer_per_share": 37.88,
            "book_valuer_per_share_4q_avg": 36.89,
            "equity": 2673726,
            "current_ratio": 370.6,
            "debt_ratio": 15.52,
            "inventory_turnover_ratio": 3.04,
            "account_receivable_turnover_ratio": 0.76,
            "reinvestment_rate": 29240.77,
            "research_to_sale_ratio": 1.36,
            "price_fair": 61.32,
            "eps_avg_yearly": 1.75,
            "eps_latest_yearly": 0.76,
            "eps_growth_yearly": 1571.13
        },
        "20171": {
            "year_quarter": 20171,
            "year": 2017,
            "quarter": 1,
            "eps": 0.07,
            "eps_growth_year": null,
            "eps_4q": 0.81,
            "eps_4q_growth_year": 391.15,
            "roe": 0.19,
            "roe_4q": 2.1999999999999997,
            "gross_profit": 7543,
            "gross_margin": 3.18,
            "gross_margin_4q_avg": 6.4,
            "net_income": 5139,
            "net_income_4q": null,
            "revenue": 237341,
            "revenue_4q": null,
            "common_shares": 705845,
            "book_valuer_per_share": 37.79,
            "book_valuer_per_share_4q_avg": 37.17,
            "equity": 2667342,
            "current_ratio": 393.05,
            "debt_ratio": 14.71,
            "inventory_turnover_ratio": 2.93,
            "account_receivable_turnover_ratio": 0.71,
            "reinvestment_rate": null,
            "research_to_sale_ratio": 1.9,
            "price_fair": 41.72,
            "eps_avg_yearly": 1.19,
            "eps_latest_yearly": 0.28,
            "eps_growth_yearly": 1561.62
        },
        "20172": {
            "year_quarter": 20172,
            "year": 2017,
            "quarter": 2,
            "eps": 0.27,
            "eps_growth_year": 800,
            "eps_4q": 1.05,
            "eps_4q_growth_year": 679.5,
            "roe": 0.72,
            "roe_4q": 2.82,
            "gross_profit": 6077,
            "gross_margin": 2.63,
            "gross_margin_4q_avg": 5.7,
            "net_income": 19148,
            "net_income_4q": null,
            "revenue": 231277,
            "revenue_4q": null,
            "common_shares": 705845,
            "book_valuer_per_share": 37.48,
            "book_valuer_per_share_4q_avg": 37.47,
            "equity": 2645411,
            "current_ratio": 405.31,
            "debt_ratio": 14.45,
            "inventory_turnover_ratio": 2.95,
            "account_receivable_turnover_ratio": 0.72,
            "reinvestment_rate": null,
            "research_to_sale_ratio": 1.61,
            "price_fair": 41.72,
            "eps_avg_yearly": 1.19,
            "eps_latest_yearly": 1.08,
            "eps_growth_yearly": 1842.13
        },
        "20173": {
            "year_quarter": 20173,
            "year": 2017,
            "quarter": 3,
            "eps": 0.32,
            "eps_growth_year": -37.25,
            "eps_4q": 0.87,
            "eps_4q_growth_year": 346.49,
            "roe": 0.82,
            "roe_4q": 2.24,
            "gross_profit": 24665,
            "gross_margin": 9.27,
            "gross_margin_4q_avg": 5.81,
            "net_income": 21803,
            "net_income_4q": null,
            "revenue": 266120,
            "revenue_4q": null,
            "common_shares": 684670,
            "book_valuer_per_share": 38.58,
            "book_valuer_per_share_4q_avg": 37.93,
            "equity": 2641623,
            "current_ratio": 430.6,
            "debt_ratio": 13.68,
            "inventory_turnover_ratio": 3.51,
            "account_receivable_turnover_ratio": 0.78,
            "reinvestment_rate": null,
            "research_to_sale_ratio": 0.91,
            "price_fair": 42.23,
            "eps_avg_yearly": 1.21,
            "eps_latest_yearly": 1.28,
            "eps_growth_yearly": 1547.46
        },
        "20174": {
            "year_quarter": 20174,
            "year": 2017,
            "quarter": 4,
            "eps": 0.14,
            "eps_growth_year": -28.32,
            "eps_4q": 0.81,
            "eps_4q_growth_year": 71.64,
            "roe": 0.36,
            "roe_4q": 2.09,
            "gross_profit": 24737,
            "gross_margin": 9.88,
            "gross_margin_4q_avg": 6.24,
            "net_income": 9422,
            "net_income_4q": null,
            "revenue": 250250,
            "revenue_4q": null,
            "common_shares": 684670,
            "book_valuer_per_share": 38.51,
            "book_valuer_per_share_4q_avg": 38.09,
            "equity": 2636853,
            "current_ratio": 392.85,
            "debt_ratio": 14.97,
            "inventory_turnover_ratio": 3.38,
            "account_receivable_turnover_ratio": 0.7,
            "reinvestment_rate": -212.85,
            "research_to_sale_ratio": 1.18,
            "price_fair": 39,
            "eps_avg_yearly": 1.11,
            "eps_latest_yearly": 0.56,
            "eps_growth_yearly": 1294.25
        },
        "20181": {
            "year_quarter": 20181,
            "year": 2018,
            "quarter": 1,
            "eps": 0.57,
            "eps_growth_year": 714.29,
            "eps_4q": 1.31,
            "eps_4q_growth_year": 61.66,
            "roe": 1.48,
            "roe_4q": 3.38,
            "gross_profit": 15372,
            "gross_margin": 6.68,
            "gross_margin_4q_avg": 7.12,
            "net_income": 39226,
            "net_income_4q": null,
            "revenue": 230221,
            "revenue_4q": null,
            "common_shares": 684670,
            "book_valuer_per_share": 39.09,
            "book_valuer_per_share_4q_avg": 38.42,
            "equity": 2676472,
            "current_ratio": 421.32,
            "debt_ratio": 13.24,
            "inventory_turnover_ratio": 3.06,
            "account_receivable_turnover_ratio": 0.69,
            "reinvestment_rate": -214.67,
            "research_to_sale_ratio": 1.15,
            "price_fair": 44.1,
            "eps_avg_yearly": 1.26,
            "eps_latest_yearly": 2.28,
            "eps_growth_yearly": 1286.04
        },
        "20182": {
            "year_quarter": 20182,
            "year": 2018,
            "quarter": 2,
            "eps": 0.1,
            "eps_growth_year": -62.96,
            "eps_4q": 1.13,
            "eps_4q_growth_year": 8.42,
            "roe": 0.27,
            "roe_4q": 2.9299999999999997,
            "gross_profit": 5443,
            "gross_margin": 2.61,
            "gross_margin_4q_avg": 7.11,
            "net_income": 7180,
            "net_income_4q": null,
            "revenue": 208461,
            "revenue_4q": null,
            "common_shares": 684670,
            "book_valuer_per_share": 38.55,
            "book_valuer_per_share_4q_avg": 38.68,
            "equity": 2639088,
            "current_ratio": 341.8,
            "debt_ratio": 15.35,
            "inventory_turnover_ratio": 2.54,
            "account_receivable_turnover_ratio": 0.66,
            "reinvestment_rate": -120,
            "research_to_sale_ratio": 1.62,
            "price_fair": 40.76,
            "eps_avg_yearly": 1.16,
            "eps_latest_yearly": 0.4,
            "eps_growth_yearly": 1106.5
        },
        "20183": {
            "year_quarter": 20183,
            "year": 2018,
            "quarter": 3,
            "eps": -0.03,
            "eps_growth_year": -109.38,
            "eps_4q": 0.78,
            "eps_4q_growth_year": -10.36,
            "roe": -0.09,
            "roe_4q": 2.02,
            "gross_profit": -2149,
            "gross_margin": -1.33,
            "gross_margin_4q_avg": 4.46,
            "net_income": -2368,
            "net_income_4q": null,
            "revenue": 161023,
            "revenue_4q": null,
            "common_shares": 684670,
            "book_valuer_per_share": 38.39,
            "book_valuer_per_share_4q_avg": 38.64,
            "equity": 2628477,
            "current_ratio": 485.72,
            "debt_ratio": 12.22,
            "inventory_turnover_ratio": 1.87,
            "account_receivable_turnover_ratio": 0.58,
            "reinvestment_rate": -153.43,
            "research_to_sale_ratio": 1.99,
            "price_fair": 40.76,
            "eps_avg_yearly": 1.16,
            "eps_latest_yearly": 0.4,
            "eps_growth_yearly": 1106.5
        },
        "20184": {
            "year_quarter": 20184,
            "year": 2018,
            "quarter": 4,
            "eps": -0.25,
            "eps_growth_year": -280.13,
            "eps_4q": 0.4,
            "eps_4q_growth_year": -51.24,
            "roe": -0.65,
            "roe_4q": 1.01,
            "gross_profit": -13047,
            "gross_margin": -10.66,
            "gross_margin_4q_avg": -0.68,
            "net_income": -16972,
            "net_income_4q": null,
            "revenue": 122367,
            "revenue_4q": null,
            "common_shares": 684670,
            "book_valuer_per_share": 38.11,
            "book_valuer_per_share_4q_avg": 38.54,
            "equity": 2609329,
            "current_ratio": 666.01,
            "debt_ratio": 18.53,
            "inventory_turnover_ratio": 1.71,
            "account_receivable_turnover_ratio": 0.55,
            "reinvestment_rate": -21.13,
            "research_to_sale_ratio": 2.1,
            "price_fair": 40.76,
            "eps_avg_yearly": 1.16,
            "eps_latest_yearly": 0.4,
            "eps_growth_yearly": 1106.5
        },
        "20191": {
            "year_quarter": 20191,
            "year": 2019,
            "quarter": 1,
            "eps": -0.55,
            "eps_growth_year": -196.49,
            "eps_4q": -0.72,
            "eps_4q_growth_year": -155.32,
            "roe": -1.44,
            "roe_4q": -1.9099999999999997,
            "gross_profit": -29980,
            "gross_margin": -34.09,
            "gross_margin_4q_avg": -10.87,
            "net_income": -37409,
            "net_income_4q": null,
            "revenue": 87950,
            "revenue_4q": null,
            "common_shares": 684670,
            "book_valuer_per_share": 38.04,
            "book_valuer_per_share_4q_avg": 38.27,
            "equity": 2604450,
            "current_ratio": 710.38,
            "debt_ratio": 17.54,
            "inventory_turnover_ratio": 1.75,
            "account_receivable_turnover_ratio": 0.55,
            "reinvestment_rate": -81.67,
            "research_to_sale_ratio": 4.57,
            "price_fair": 40.76,
            "eps_avg_yearly": 1.16,
            "eps_latest_yearly": 0.4,
            "eps_growth_yearly": 1106.5
        },
        "20192": {
            "year_quarter": 20192,
            "year": 2019,
            "quarter": 2,
            "eps": -0.45,
            "eps_growth_year": -550,
            "eps_4q": -1.28,
            "eps_4q_growth_year": -212.49,
            "roe": -1.17,
            "roe_4q": -3.3499999999999996,
            "gross_profit": -24013,
            "gross_margin": -27.62,
            "gross_margin_4q_avg": -18.43,
            "net_income": -30580,
            "net_income_4q": null,
            "revenue": 86941,
            "revenue_4q": null,
            "common_shares": 684670,
            "book_valuer_per_share": 37.28,
            "book_valuer_per_share_4q_avg": 37.96,
            "equity": 2634096,
            "current_ratio": 431.26,
            "debt_ratio": 23.14,
            "inventory_turnover_ratio": 1.11,
            "account_receivable_turnover_ratio": 0.55,
            "reinvestment_rate": -21.5,
            "research_to_sale_ratio": 5.5,
            "price_fair": 40.76,
            "eps_avg_yearly": 1.16,
            "eps_latest_yearly": 0.4,
            "eps_growth_yearly": 1106.5
        },
        "20193": {
            "year_quarter": 20193,
            "year": 2019,
            "quarter": 3,
            "eps": -0.05,
            "eps_growth_year": null,
            "eps_4q": -1.29,
            "eps_4q_growth_year": -264.77,
            "roe": 0.01,
            "roe_4q": -3.2499999999999996,
            "gross_profit": 15434,
            "gross_margin": 8.81,
            "gross_margin_4q_avg": -15.89,
            "net_income": 283,
            "net_income_4q": null,
            "revenue": 175120,
            "revenue_4q": null,
            "common_shares": 684670,
            "book_valuer_per_share": 37.08,
            "book_valuer_per_share_4q_avg": 37.63,
            "equity": 2584141,
            "current_ratio": 380.98,
            "debt_ratio": 22.09,
            "inventory_turnover_ratio": 1.23,
            "account_receivable_turnover_ratio": 0.87,
            "reinvestment_rate": 99.26,
            "research_to_sale_ratio": 3.92,
            "price_fair": 37.98,
            "eps_avg_yearly": 1.09,
            "eps_latest_yearly": 0.4,
            "eps_growth_yearly": 973.38
        },
        "20194": {
            "year_quarter": 20194,
            "year": 2019,
            "quarter": 4,
            "eps": -5.67,
            "eps_growth_year": null,
            "eps_4q": -6.71,
            "eps_4q_growth_year": -1796.37,
            "roe": -16.19,
            "roe_4q": -18.790000000000003,
            "gross_profit": -21801,
            "gross_margin": -14.48,
            "gross_margin_4q_avg": -16.85,
            "net_income": -386318,
            "net_income_4q": null,
            "revenue": 150555,
            "revenue_4q": null,
            "common_shares": 684670,
            "book_valuer_per_share": 31.45,
            "book_valuer_per_share_4q_avg": 35.96,
            "equity": 2189286,
            "current_ratio": 461.97,
            "debt_ratio": 23.45,
            "inventory_turnover_ratio": 1.52,
            "account_receivable_turnover_ratio": 0.76,
            "reinvestment_rate": null,
            "research_to_sale_ratio": 4.31,
            "price_fair": 37.98,
            "eps_avg_yearly": 1.09,
            "eps_latest_yearly": 0.4,
            "eps_growth_yearly": 973.38
        },
        "20201": {
            "year_quarter": 20201,
            "year": 2020,
            "quarter": 1,
            "eps": -0.16,
            "eps_growth_year": null,
            "eps_4q": -6.32,
            "eps_4q_growth_year": null,
            "roe": -0.47,
            "roe_4q": -17.82,
            "gross_profit": 8812,
            "gross_margin": 6.99,
            "gross_margin_4q_avg": -6.58,
            "net_income": -10251,
            "net_income_4q": null,
            "revenue": 126081,
            "revenue_4q": null,
            "common_shares": 684670,
            "book_valuer_per_share": 31.26,
            "book_valuer_per_share_4q_avg": 34.27,
            "equity": 2184783,
            "current_ratio": 475.26,
            "debt_ratio": 22.99,
            "inventory_turnover_ratio": 1.13,
            "account_receivable_turnover_ratio": 0.77,
            "reinvestment_rate": null,
            "research_to_sale_ratio": 2.96,
            "price_fair": 37.98,
            "eps_avg_yearly": 1.09,
            "eps_latest_yearly": 0.4,
            "eps_growth_yearly": 973.38
        },
        "20202": {
            "year_quarter": 20202,
            "year": 2020,
            "quarter": 2,
            "eps": 0.3,
            "eps_growth_year": null,
            "eps_4q": -5.58,
            "eps_4q_growth_year": null,
            "roe": 1,
            "roe_4q": -15.650000000000002,
            "gross_profit": 23146,
            "gross_margin": 12.86,
            "gross_margin_4q_avg": 3.55,
            "net_income": 22194,
            "net_income_4q": null,
            "revenue": 180051,
            "revenue_4q": null,
            "common_shares": 684670,
            "book_valuer_per_share": 31.1,
            "book_valuer_per_share_4q_avg": 32.72,
            "equity": 2263029,
            "current_ratio": 428.91,
            "debt_ratio": 25.93,
            "inventory_turnover_ratio": 1.26,
            "account_receivable_turnover_ratio": 0.98,
            "reinvestment_rate": null,
            "research_to_sale_ratio": 2.54,
            "price_fair": 37.98,
            "eps_avg_yearly": 1.09,
            "eps_latest_yearly": 0.4,
            "eps_growth_yearly": 973.38
        },
        "20203": {
            "year_quarter": 20203,
            "year": 2020,
            "quarter": 3,
            "eps": 0.21,
            "eps_growth_year": null,
            "eps_4q": -5.32,
            "eps_4q_growth_year": null,
            "roe": 0.86,
            "roe_4q": -14.8,
            "gross_profit": 48123,
            "gross_margin": 19.61,
            "gross_margin_4q_avg": 6.25,
            "net_income": 19287,
            "net_income_4q": null,
            "revenue": 245438,
            "revenue_4q": null,
            "common_shares": 684670,
            "book_valuer_per_share": 30.37,
            "book_valuer_per_share_4q_avg": 31.05,
            "equity": 2217518,
            "current_ratio": 333.99,
            "debt_ratio": 28.89,
            "inventory_turnover_ratio": 1.36,
            "account_receivable_turnover_ratio": 0.97,
            "reinvestment_rate": null,
            "research_to_sale_ratio": 2.05,
            "price_fair": 32.73,
            "eps_avg_yearly": 0.94,
            "eps_latest_yearly": 0.84,
            "eps_growth_yearly": 158.38
        },
        "20204": {
            "year_quarter": 20204,
            "year": 2020,
            "quarter": 4,
            "eps": -0.06,
            "eps_growth_year": null,
            "eps_4q": 0.29,
            "eps_4q_growth_year": null,
            "roe": -0.08,
            "roe_4q": 1.31,
            "gross_profit": 32718,
            "gross_margin": 13.4,
            "gross_margin_4q_avg": 13.22,
            "net_income": -1676,
            "net_income_4q": null,
            "revenue": 244233,
            "revenue_4q": null,
            "common_shares": 684670,
            "book_valuer_per_share": 30.4,
            "book_valuer_per_share_4q_avg": 30.78,
            "equity": 2221763,
            "current_ratio": 357.4,
            "debt_ratio": 27.92,
            "inventory_turnover_ratio": 1.48,
            "account_receivable_turnover_ratio": 0.85,
            "reinvestment_rate": null,
            "research_to_sale_ratio": 2.78,
            "price_fair": 33.6,
            "eps_avg_yearly": 0.96,
            "eps_latest_yearly": 0.84,
            "eps_growth_yearly": 216.86
        },
        "20211": {
            "year_quarter": 20211,
            "year": 2021,
            "quarter": 1,
            "eps": 0.27,
            "eps_growth_year": null,
            "eps_4q": 0.72,
            "eps_4q_growth_year": null,
            "roe": 1.18,
            "roe_4q": 2.96,
            "gross_profit": 53135,
            "gross_margin": 19.48,
            "gross_margin_4q_avg": 16.34,
            "net_income": 26358,
            "net_income_4q": null,
            "revenue": 272745,
            "revenue_4q": null,
            "common_shares": 684670,
            "book_valuer_per_share": 30.82,
            "book_valuer_per_share_4q_avg": 30.67,
            "equity": 2258500,
            "current_ratio": 357.03,
            "debt_ratio": 27.62,
            "inventory_turnover_ratio": 1.44,
            "account_receivable_turnover_ratio": 0.86,
            "reinvestment_rate": null,
            "research_to_sale_ratio": 1.62,
            "price_fair": 37.57,
            "eps_avg_yearly": 1.07,
            "eps_latest_yearly": 0.84,
            "eps_growth_yearly": 295.11
        },
        "20212": {
            "year_quarter": 20212,
            "year": 2021,
            "quarter": 2,
            "eps": 0.3,
            "eps_growth_year": 0,
            "eps_4q": 0.72,
            "eps_4q_growth_year": null,
            "roe": 1.36,
            "roe_4q": 3.32,
            "gross_profit": 72852,
            "gross_margin": 23,
            "gross_margin_4q_avg": 18.87,
            "net_income": 30969,
            "net_income_4q": null,
            "revenue": 316694,
            "revenue_4q": null,
            "common_shares": 684670,
            "book_valuer_per_share": 31.4,
            "book_valuer_per_share_4q_avg": 30.75,
            "equity": 2307176,
            "current_ratio": 373.35,
            "debt_ratio": 26.2,
            "inventory_turnover_ratio": 1.57,
            "account_receivable_turnover_ratio": 0.89,
            "reinvestment_rate": null,
            "research_to_sale_ratio": 1.3,
            "price_fair": 38.27,
            "eps_avg_yearly": 1.09,
            "eps_latest_yearly": 1.2,
            "eps_growth_yearly": 112.04
        },
        "20213": {
            "year_quarter": 20213,
            "year": 2021,
            "quarter": 3,
            "eps": 0.42,
            "eps_growth_year": 100,
            "eps_4q": 0.93,
            "eps_4q_growth_year": null,
            "roe": 1.71,
            "roe_4q": 4.17,
            "gross_profit": 74955,
            "gross_margin": 21.48,
            "gross_margin_4q_avg": 19.34,
            "net_income": 39628,
            "net_income_4q": null,
            "revenue": 348977,
            "revenue_4q": null,
            "common_shares": 684670,
            "book_valuer_per_share": 31.68,
            "book_valuer_per_share_4q_avg": 31.08,
            "equity": 2337344,
            "current_ratio": 325.38,
            "debt_ratio": 27.4,
            "inventory_turnover_ratio": 1.88,
            "account_receivable_turnover_ratio": 0.87,
            "reinvestment_rate": null,
            "research_to_sale_ratio": 1.31,
            "price_fair": 40.6,
            "eps_avg_yearly": 1.16,
            "eps_latest_yearly": 1.68,
            "eps_growth_yearly": 126.37
        },
        "20214": {
            "year_quarter": 20214,
            "year": 2021,
            "quarter": 4,
            "eps": 0.44,
            "eps_growth_year": null,
            "eps_4q": 1.43,
            "eps_4q_growth_year": 392.61,
            "roe": 1.82,
            "roe_4q": 6.07,
            "gross_profit": 93903,
            "gross_margin": 28.48,
            "gross_margin_4q_avg": 23.11,
            "net_income": 42882,
            "net_income_4q": null,
            "revenue": 329685,
            "revenue_4q": null,
            "common_shares": 684670,
            "book_valuer_per_share": 32.17,
            "book_valuer_per_share_4q_avg": 31.52,
            "equity": 2383061,
            "current_ratio": 340.81,
            "debt_ratio": 26.91,
            "inventory_turnover_ratio": 1.46,
            "account_receivable_turnover_ratio": 0.77,
            "reinvestment_rate": null,
            "research_to_sale_ratio": 2.29,
            "price_fair": 47.6,
            "eps_avg_yearly": 1.36,
            "eps_latest_yearly": 1.76,
            "eps_growth_yearly": 167.04
        },
        "20221": {
            "year_quarter": 20221,
            "year": 2022,
            "quarter": 1,
            "eps": 0.34,
            "eps_growth_year": 25.93,
            "eps_4q": 1.5,
            "eps_4q_growth_year": 107.12,
            "roe": 1.54,
            "roe_4q": 6.430000000000001,
            "gross_profit": 70522,
            "gross_margin": 24.07,
            "gross_margin_4q_avg": 24.26,
            "net_income": 37215,
            "net_income_4q": null,
            "revenue": 293002,
            "revenue_4q": null,
            "common_shares": 684670,
            "book_valuer_per_share": 33.03,
            "book_valuer_per_share_4q_avg": 32.07,
            "equity": 2455859,
            "current_ratio": 377.68,
            "debt_ratio": 28.67,
            "inventory_turnover_ratio": 1.44,
            "account_receivable_turnover_ratio": 0.73,
            "reinvestment_rate": null,
            "research_to_sale_ratio": 1.55,
            "price_fair": 3.62,
            "eps_avg_yearly": 1.21,
            "eps_latest_yearly": 1.36,
            "eps_growth_yearly": -52.87
        },
        "20222": {
            "year_quarter": 20222,
            "year": 2022,
            "quarter": 2,
            "eps": -0.25,
            "eps_growth_year": -183.33,
            "eps_4q": 0.95,
            "eps_4q_growth_year": 31.47,
            "roe": 0.01,
            "roe_4q": 5.08,
            "gross_profit": 73688,
            "gross_margin": 23.43,
            "gross_margin_4q_avg": 24.37,
            "net_income": 133,
            "net_income_4q": null,
            "revenue": 314500,
            "revenue_4q": null,
            "common_shares": 684670,
            "book_valuer_per_share": 32.3,
            "book_valuer_per_share_4q_avg": 32.3,
            "equity": 2413527,
            "current_ratio": 366.2,
            "debt_ratio": 31.33,
            "inventory_turnover_ratio": 1.48,
            "account_receivable_turnover_ratio": 0.79,
            "reinvestment_rate": null,
            "research_to_sale_ratio": 1.59,
            "price_fair": 17.12,
            "eps_avg_yearly": 1.37,
            "eps_latest_yearly": 1.36,
            "eps_growth_yearly": 2.52
        },
        "20223": {
            "year_quarter": 20223,
            "year": 2022,
            "quarter": 3,
            "eps": 0.07,
            "eps_growth_year": -83.33,
            "eps_4q": 0.6,
            "eps_4q_growth_year": -35.12,
            "roe": 0.69,
            "roe_4q": 4.0600000000000005,
            "gross_profit": 43967,
            "gross_margin": 16.79,
            "gross_margin_4q_avg": 23.19,
            "net_income": 16658,
            "net_income_4q": null,
            "revenue": 261857,
            "revenue_4q": null,
            "common_shares": 684670,
            "book_valuer_per_share": 32.41,
            "book_valuer_per_share_4q_avg": 32.48,
            "equity": 2429655,
            "current_ratio": 445.03,
            "debt_ratio": 28.28,
            "inventory_turnover_ratio": 1.16,
            "account_receivable_turnover_ratio": 0.68,
            "reinvestment_rate": null,
            "research_to_sale_ratio": 2.86,
            "price_fair": 17.12,
            "eps_avg_yearly": 1.37,
            "eps_latest_yearly": 1.36,
            "eps_growth_yearly": 2.52
        },
        "20224": {
            "year_quarter": 20224,
            "year": 2022,
            "quarter": 4,
            "eps": -0.08,
            "eps_growth_year": -117.61,
            "eps_4q": 0.09,
            "eps_4q_growth_year": -93.98,
            "roe": -0.12,
            "roe_4q": 2.12,
            "gross_profit": 38152,
            "gross_margin": 14.59,
            "gross_margin_4q_avg": 19.72,
            "net_income": -2855,
            "net_income_4q": null,
            "revenue": 261478,
            "revenue_4q": null,
            "common_shares": 684670,
            "book_valuer_per_share": 32.69,
            "book_valuer_per_share_4q_avg": 32.61,
            "equity": 2451649,
            "current_ratio": 437.49,
            "debt_ratio": 27.78,
            "inventory_turnover_ratio": 1.22,
            "account_receivable_turnover_ratio": 0.76,
            "reinvestment_rate": null,
            "research_to_sale_ratio": 2.29,
            "price_fair": 17.12,
            "eps_avg_yearly": 1.37,
            "eps_latest_yearly": 1.36,
            "eps_growth_yearly": 2.52
        },
        "20231": {
            "year_quarter": 20231,
            "year": 2023,
            "quarter": 1,
            "eps": 0.28,
            "eps_growth_year": -17.65,
            "eps_4q": 0.02,
            "eps_4q_growth_year": -98.68,
            "roe": 0.99,
            "roe_4q": 1.57,
            "gross_profit": 50255,
            "gross_margin": 19.57,
            "gross_margin_4q_avg": 18.6,
            "net_income": 24381,
            "net_income_4q": null,
            "revenue": 256810,
            "revenue_4q": null,
            "common_shares": 684670,
            "book_valuer_per_share": 32.95,
            "book_valuer_per_share_4q_avg": 32.59,
            "equity": 2474496,
            "current_ratio": 499.98,
            "debt_ratio": 26.25,
            "inventory_turnover_ratio": 1.14,
            "account_receivable_turnover_ratio": 0.77,
            "reinvestment_rate": null,
            "research_to_sale_ratio": 2.31,
            "price_fair": 17.12,
            "eps_avg_yearly": 1.37,
            "eps_latest_yearly": 1.36,
            "eps_growth_yearly": 2.52
        },
        "20232": {
            "year_quarter": 20232,
            "year": 2023,
            "quarter": 2,
            "eps": 0.33,
            "eps_growth_year": null,
            "eps_4q": 0.6,
            "eps_4q_growth_year": -37.27,
            "roe": 1.16,
            "roe_4q": 2.7199999999999998,
            "gross_profit": 46844,
            "gross_margin": 17.45,
            "gross_margin_4q_avg": 17.1,
            "net_income": 28852,
            "net_income_4q": null,
            "revenue": 268376,
            "revenue_4q": null,
            "common_shares": 684670,
            "book_valuer_per_share": 33.23,
            "book_valuer_per_share_4q_avg": 32.82,
            "equity": 2497301,
            "current_ratio": 458.03,
            "debt_ratio": 26.76,
            "inventory_turnover_ratio": 1.23,
            "account_receivable_turnover_ratio": 0.78,
            "reinvestment_rate": null,
            "research_to_sale_ratio": 2.73,
            "price_fair": 32.64,
            "eps_avg_yearly": 1.36,
            "eps_latest_yearly": 1.32,
            "eps_growth_yearly": 14
        },
        "20233": {
            "year_quarter": 20233,
            "year": 2023,
            "quarter": 3,
            "eps": 0.26,
            "eps_growth_year": 271.43,
            "eps_4q": 0.78,
            "eps_4q_growth_year": 29.67,
            "roe": 1.15,
            "roe_4q": 3.1799999999999997,
            "gross_profit": 51413,
            "gross_margin": 18.52,
            "gross_margin_4q_avg": 17.53,
            "net_income": 28827,
            "net_income_4q": null,
            "revenue": 277543,
            "revenue_4q": null,
            "common_shares": 684670,
            "book_valuer_per_share": 33.45,
            "book_valuer_per_share_4q_avg": 33.08,
            "equity": 2526554,
            "current_ratio": 465.09,
            "debt_ratio": 25.54,
            "inventory_turnover_ratio": 1.27,
            "account_receivable_turnover_ratio": 0.75,
            "reinvestment_rate": null,
            "research_to_sale_ratio": 2.11,
            "price_fair": 3.94,
            "eps_avg_yearly": 1.31,
            "eps_latest_yearly": 1.04,
            "eps_growth_yearly": -0.12
        },
        "20234": {
            "year_quarter": 20234,
            "year": 2023,
            "quarter": 4,
            "eps": 0.02,
            "eps_growth_year": null,
            "eps_4q": 0.88,
            "eps_4q_growth_year": 927.71,
            "roe": 0.13,
            "roe_4q": 3.4299999999999997,
            "gross_profit": 46291,
            "gross_margin": 16.99,
            "gross_margin_4q_avg": 18.13,
            "net_income": 3218,
            "net_income_4q": null,
            "revenue": 272499,
            "revenue_4q": null,
            "common_shares": 684670,
            "book_valuer_per_share": 33.42,
            "book_valuer_per_share_4q_avg": 33.26,
            "equity": 2525729,
            "current_ratio": 453.5,
            "debt_ratio": 25.93,
            "inventory_turnover_ratio": 1.24,
            "account_receivable_turnover_ratio": 0.72,
            "reinvestment_rate": -57.03,
            "research_to_sale_ratio": 4.29,
            "price_fair": 3.48,
            "eps_avg_yearly": 1.16,
            "eps_latest_yearly": 0.08,
            "eps_growth_yearly": -46.26
        }
    },
    "months": {
        "2008-07": {
            "month": "2008-07",
            "price": "39.00",
            "revenue": 30139
        },
        "2008-08": {
            "month": "2008-08",
            "price": "38.98",
            "revenue": 33249
        },
        "2008-09": {
            "month": "2008-09",
            "price": "35.98",
            "revenue": 37368
        },
        "2008-10": {
            "month": "2008-10",
            "price": "27.33",
            "revenue": 43297
        },
        "2008-11": {
            "month": "2008-11",
            "price": "19.10",
            "revenue": 30744
        },
        "2008-12": {
            "month": "2008-12",
            "price": "13.88",
            "revenue": 17092
        },
        "2009-01": {
            "month": "2009-01",
            "price": "15.94",
            "revenue": 17067
        },
        "2009-02": {
            "month": "2009-02",
            "price": "18.80",
            "revenue": 19263
        },
        "2009-03": {
            "month": "2009-03",
            "price": "34.89",
            "revenue": 24136
        },
        "2009-04": {
            "month": "2009-04",
            "price": "77.43",
            "revenue": 24886
        },
        "2009-05": {
            "month": "2009-05",
            "price": "70.43",
            "revenue": 31001
        },
        "2009-06": {
            "month": "2009-06",
            "price": "54.36",
            "revenue": 45121
        },
        "2009-07": {
            "month": "2009-07",
            "price": "55.78",
            "revenue": 56897
        },
        "2009-08": {
            "month": "2009-08",
            "price": "51.62",
            "revenue": 58186
        },
        "2009-09": {
            "month": "2009-09",
            "price": "53.76",
            "revenue": 54869
        },
        "2009-10": {
            "month": "2009-10",
            "price": "55.81",
            "revenue": 53273
        },
        "2009-11": {
            "month": "2009-11",
            "price": "50.62",
            "revenue": 52248
        },
        "2009-12": {
            "month": "2009-12",
            "price": "57.03",
            "revenue": 50925
        },
        "2010-01": {
            "month": "2010-01",
            "price": "59.34",
            "revenue": 52848
        },
        "2010-02": {
            "month": "2010-02",
            "price": "48.87",
            "revenue": 40239
        },
        "2010-03": {
            "month": "2010-03",
            "price": "52.23",
            "revenue": 55672
        },
        "2010-04": {
            "month": "2010-04",
            "price": "54.55",
            "revenue": 76442
        },
        "2010-05": {
            "month": "2010-05",
            "price": "48.62",
            "revenue": 118535
        },
        "2010-06": {
            "month": "2010-06",
            "price": "46.94",
            "revenue": 86972
        },
        "2010-07": {
            "month": "2010-07",
            "price": "46.69",
            "revenue": 85350
        },
        "2010-08": {
            "month": "2010-08",
            "price": "52.99",
            "revenue": 87998
        },
        "2010-09": {
            "month": "2010-09",
            "price": "52.64",
            "revenue": 76687
        },
        "2010-10": {
            "month": "2010-10",
            "price": "50.32",
            "revenue": 77229
        },
        "2010-11": {
            "month": "2010-11",
            "price": "44.92",
            "revenue": 75693
        },
        "2010-12": {
            "month": "2010-12",
            "price": "46.77",
            "revenue": 98706
        },
        "2011-01": {
            "month": "2011-01",
            "price": "56.54",
            "revenue": 119226
        },
        "2011-02": {
            "month": "2011-02",
            "price": "88.68",
            "revenue": 112125
        },
        "2011-03": {
            "month": "2011-03",
            "price": "141.63",
            "revenue": 183708
        },
        "2011-04": {
            "month": "2011-04",
            "price": "151.00",
            "revenue": 161912
        },
        "2011-05": {
            "month": "2011-05",
            "price": "138.31",
            "revenue": 175221
        },
        "2011-06": {
            "month": "2011-06",
            "price": "141.86",
            "revenue": 166985
        },
        "2011-07": {
            "month": "2011-07",
            "price": "129.69",
            "revenue": 122500
        },
        "2011-08": {
            "month": "2011-08",
            "price": "108.00",
            "revenue": 138488
        },
        "2011-09": {
            "month": "2011-09",
            "price": "97.92",
            "revenue": 136680
        },
        "2011-10": {
            "month": "2011-10",
            "price": "98.40",
            "revenue": 151938
        },
        "2011-11": {
            "month": "2011-11",
            "price": "87.97",
            "revenue": 96569
        },
        "2011-12": {
            "month": "2011-12",
            "price": "67.14",
            "revenue": 94059
        },
        "2012-01": {
            "month": "2012-01",
            "price": "74.05",
            "revenue": 70452
        },
        "2012-02": {
            "month": "2012-02",
            "price": "87.76",
            "revenue": 60491
        },
        "2012-03": {
            "month": "2012-03",
            "price": "80.68",
            "revenue": 57857
        },
        "2012-04": {
            "month": "2012-04",
            "price": "63.28",
            "revenue": 57785
        },
        "2012-05": {
            "month": "2012-05",
            "price": "51.18",
            "revenue": 93371
        },
        "2012-06": {
            "month": "2012-06",
            "price": "58.15",
            "revenue": 91959
        },
        "2012-07": {
            "month": "2012-07",
            "price": "53.46",
            "revenue": 82973
        },
        "2012-08": {
            "month": "2012-08",
            "price": "48.97",
            "revenue": 115795
        },
        "2012-09": {
            "month": "2012-09",
            "price": "55.40",
            "revenue": 158263
        },
        "2012-10": {
            "month": "2012-10",
            "price": "56.41",
            "revenue": 176128
        },
        "2012-11": {
            "month": "2012-11",
            "price": "50.91",
            "revenue": 186038
        },
        "2012-12": {
            "month": "2012-12",
            "price": "60.71",
            "revenue": 135416
        },
        "2013-01": {
            "month": "2013-01",
            "price": "59.02",
            "revenue": 106548
        },
        "2013-02": {
            "month": "2013-02",
            "price": "57.52",
            "revenue": 90655
        },
        "2013-03": {
            "month": "2013-03",
            "price": "60.30",
            "revenue": 98330
        },
        "2013-04": {
            "month": "2013-04",
            "price": "58.54",
            "revenue": 125797
        },
        "2013-05": {
            "month": "2013-05",
            "price": "65.71",
            "revenue": 106731
        },
        "2013-06": {
            "month": "2013-06",
            "price": "65.09",
            "revenue": 80443
        },
        "2013-07": {
            "month": "2013-07",
            "price": "57.68",
            "revenue": 59287
        },
        "2013-08": {
            "month": "2013-08",
            "price": "47.28",
            "revenue": 45574
        },
        "2013-09": {
            "month": "2013-09",
            "price": "48.04",
            "revenue": 60527
        },
        "2013-10": {
            "month": "2013-10",
            "price": "46.23",
            "revenue": 55132
        },
        "2013-11": {
            "month": "2013-11",
            "price": "35.29",
            "revenue": 51074
        },
        "2013-12": {
            "month": "2013-12",
            "price": "34.90",
            "revenue": 51624
        },
        "2014-01": {
            "month": "2014-01",
            "price": "38.20",
            "revenue": 51343
        },
        "2014-02": {
            "month": "2014-02",
            "price": "35.13",
            "revenue": 42696
        },
        "2014-03": {
            "month": "2014-03",
            "price": "35.20",
            "revenue": 51022
        },
        "2014-04": {
            "month": "2014-04",
            "price": "35.15",
            "revenue": 50879
        },
        "2014-05": {
            "month": "2014-05",
            "price": "30.56",
            "revenue": 50021
        },
        "2014-06": {
            "month": "2014-06",
            "price": "30.00",
            "revenue": 56252
        },
        "2014-07": {
            "month": "2014-07",
            "price": "28.20",
            "revenue": 56844
        },
        "2014-08": {
            "month": "2014-08",
            "price": "23.90",
            "revenue": 60162
        },
        "2014-09": {
            "month": "2014-09",
            "price": "31.47",
            "revenue": 66355
        },
        "2014-10": {
            "month": "2014-10",
            "price": "28.54",
            "revenue": 78299
        },
        "2014-11": {
            "month": "2014-11",
            "price": "26.42",
            "revenue": 68286
        },
        "2014-12": {
            "month": "2014-12",
            "price": "28.82",
            "revenue": 61243
        },
        "2015-01": {
            "month": "2015-01",
            "price": "27.58",
            "revenue": 50438
        },
        "2015-02": {
            "month": "2015-02",
            "price": "26.49",
            "revenue": 51939
        },
        "2015-03": {
            "month": "2015-03",
            "price": "26.55",
            "revenue": 53151
        },
        "2015-04": {
            "month": "2015-04",
            "price": "23.99",
            "revenue": 59376
        },
        "2015-05": {
            "month": "2015-05",
            "price": "19.63",
            "revenue": 60494
        },
        "2015-06": {
            "month": "2015-06",
            "price": "18.14",
            "revenue": 67153
        },
        "2015-07": {
            "month": "2015-07",
            "price": "16.98",
            "revenue": 66974
        },
        "2015-08": {
            "month": "2015-08",
            "price": "14.32",
            "revenue": 67067
        },
        "2015-09": {
            "month": "2015-09",
            "price": "15.51",
            "revenue": 64370
        },
        "2015-10": {
            "month": "2015-10",
            "price": "16.83",
            "revenue": 60868
        },
        "2015-11": {
            "month": "2015-11",
            "price": "18.99",
            "revenue": 63505
        },
        "2015-12": {
            "month": "2015-12",
            "price": "19.20",
            "revenue": 62334
        },
        "2016-01": {
            "month": "2016-01",
            "price": "18.04",
            "revenue": 53833
        },
        "2016-02": {
            "month": "2016-02",
            "price": "22.94",
            "revenue": 49036
        },
        "2016-03": {
            "month": "2016-03",
            "price": "20.85",
            "revenue": 67030
        },
        "2016-04": {
            "month": "2016-04",
            "price": "19.08",
            "revenue": 67688
        },
        "2016-05": {
            "month": "2016-05",
            "price": "17.88",
            "revenue": 64756
        },
        "2016-06": {
            "month": "2016-06",
            "price": "18.15",
            "revenue": 68131
        },
        "2016-07": {
            "month": "2016-07",
            "price": "20.45",
            "revenue": 69971
        },
        "2016-08": {
            "month": "2016-08",
            "price": "20.39",
            "revenue": 76155
        },
        "2016-09": {
            "month": "2016-09",
            "price": "20.47",
            "revenue": 77486
        },
        "2016-10": {
            "month": "2016-10",
            "price": "19.00",
            "revenue": 83036
        },
        "2016-11": {
            "month": "2016-11",
            "price": "17.85",
            "revenue": 83552
        },
        "2016-12": {
            "month": "2016-12",
            "price": "22.83",
            "revenue": 85496
        },
        "2017-01": {
            "month": "2017-01",
            "price": "24.16",
            "revenue": 78531
        },
        "2017-02": {
            "month": "2017-02",
            "price": "27.36",
            "revenue": 72591
        },
        "2017-03": {
            "month": "2017-03",
            "price": "29.82",
            "revenue": 86218
        },
        "2017-04": {
            "month": "2017-04",
            "price": "26.72",
            "revenue": 72078
        },
        "2017-05": {
            "month": "2017-05",
            "price": "23.66",
            "revenue": 69943
        },
        "2017-06": {
            "month": "2017-06",
            "price": "24.06",
            "revenue": 89256
        },
        "2017-07": {
            "month": "2017-07",
            "price": "24.60",
            "revenue": 85571
        },
        "2017-08": {
            "month": "2017-08",
            "price": "23.96",
            "revenue": 94948
        },
        "2017-09": {
            "month": "2017-09",
            "price": "26.92",
            "revenue": 85602
        },
        "2017-10": {
            "month": "2017-10",
            "price": "25.74",
            "revenue": 84780
        },
        "2017-11": {
            "month": "2017-11",
            "price": "23.82",
            "revenue": 78336
        },
        "2017-12": {
            "month": "2017-12",
            "price": "22.78",
            "revenue": 87134
        },
        "2018-01": {
            "month": "2018-01",
            "price": "23.20",
            "revenue": 82183
        },
        "2018-02": {
            "month": "2018-02",
            "price": "20.90",
            "revenue": 72394
        },
        "2018-03": {
            "month": "2018-03",
            "price": "21.38",
            "revenue": 75643
        },
        "2018-04": {
            "month": "2018-04",
            "price": "20.40",
            "revenue": 81804
        },
        "2018-05": {
            "month": "2018-05",
            "price": "21.58",
            "revenue": 65389
        },
        "2018-06": {
            "month": "2018-06",
            "price": "24.21",
            "revenue": 61268
        },
        "2018-07": {
            "month": "2018-07",
            "price": "21.20",
            "revenue": 58756
        },
        "2018-08": {
            "month": "2018-08",
            "price": "20.24",
            "revenue": 55118
        },
        "2018-09": {
            "month": "2018-09",
            "price": "18.33",
            "revenue": 47150
        },
        "2018-10": {
            "month": "2018-10",
            "price": "15.06",
            "revenue": 44659
        },
        "2018-11": {
            "month": "2018-11",
            "price": "14.69",
            "revenue": 43950
        },
        "2018-12": {
            "month": "2018-12",
            "price": "16.00",
            "revenue": 33758
        },
        "2019-01": {
            "month": "2019-01",
            "price": "15.97",
            "revenue": 35730
        },
        "2019-02": {
            "month": "2019-02",
            "price": "16.35",
            "revenue": 21564
        },
        "2019-03": {
            "month": "2019-03",
            "price": "16.50",
            "revenue": 30656
        },
        "2019-04": {
            "month": "2019-04",
            "price": "16.33",
            "revenue": 25339
        },
        "2019-05": {
            "month": "2019-05",
            "price": "15.17",
            "revenue": 27094
        },
        "2019-06": {
            "month": "2019-06",
            "price": "14.50",
            "revenue": 34508
        },
        "2019-07": {
            "month": "2019-07",
            "price": "14.29",
            "revenue": 69373
        },
        "2019-08": {
            "month": "2019-08",
            "price": "14.19",
            "revenue": 52569
        },
        "2019-09": {
            "month": "2019-09",
            "price": "14.53",
            "revenue": 53177
        },
        "2019-10": {
            "month": "2019-10",
            "price": "14.98",
            "revenue": 51965
        },
        "2019-11": {
            "month": "2019-11",
            "price": "15.34",
            "revenue": 53266
        },
        "2019-12": {
            "month": "2019-12",
            "price": "15.61",
            "revenue": 45324
        },
        "2020-01": {
            "month": "2020-01",
            "price": "15.58",
            "revenue": 36152
        },
        "2020-02": {
            "month": "2020-02",
            "price": "14.37",
            "revenue": 40757
        },
        "2020-03": {
            "month": "2020-03",
            "price": "12.38",
            "revenue": 49172
        },
        "2020-04": {
            "month": "2020-04",
            "price": "12.21",
            "revenue": 54569
        },
        "2020-05": {
            "month": "2020-05",
            "price": "13.44",
            "revenue": 53733
        },
        "2020-06": {
            "month": "2020-06",
            "price": "14.98",
            "revenue": 71749
        },
        "2020-07": {
            "month": "2020-07",
            "price": "17.02",
            "revenue": 81655
        },
        "2020-08": {
            "month": "2020-08",
            "price": "17.54",
            "revenue": 85019
        },
        "2020-09": {
            "month": "2020-09",
            "price": "19.35",
            "revenue": 78764
        },
        "2020-10": {
            "month": "2020-10",
            "price": "19.02",
            "revenue": 82586
        },
        "2020-11": {
            "month": "2020-11",
            "price": "19.86",
            "revenue": 76107
        },
        "2020-12": {
            "month": "2020-12",
            "price": "23.72",
            "revenue": 85539
        },
        "2021-01": {
            "month": "2021-01",
            "price": "22.41",
            "revenue": 93700
        },
        "2021-02": {
            "month": "2021-02",
            "price": "22.68",
            "revenue": 74200
        },
        "2021-03": {
            "month": "2021-03",
            "price": "25.69",
            "revenue": 104845
        },
        "2021-04": {
            "month": "2021-04",
            "price": "28.76",
            "revenue": 117016
        },
        "2021-05": {
            "month": "2021-05",
            "price": "23.50",
            "revenue": 98141
        },
        "2021-06": {
            "month": "2021-06",
            "price": "24.35",
            "revenue": 101537
        },
        "2021-07": {
            "month": "2021-07",
            "price": "23.23",
            "revenue": 120546
        },
        "2021-08": {
            "month": "2021-08",
            "price": "21.97",
            "revenue": 118889
        },
        "2021-09": {
            "month": "2021-09",
            "price": "21.14",
            "revenue": 109542
        },
        "2021-10": {
            "month": "2021-10",
            "price": "20.35",
            "revenue": 111709
        },
        "2021-11": {
            "month": "2021-11",
            "price": "21.94",
            "revenue": 121395
        },
        "2021-12": {
            "month": "2021-12",
            "price": "23.50",
            "revenue": 96581
        },
        "2022-01": {
            "month": "2022-01",
            "price": "24.68",
            "revenue": 98726
        },
        "2022-02": {
            "month": "2022-02",
            "price": "22.92",
            "revenue": 69446
        },
        "2022-03": {
            "month": "2022-03",
            "price": "21.00",
            "revenue": 124830
        },
        "2022-04": {
            "month": "2022-04",
            "price": "20.76",
            "revenue": 115861
        },
        "2022-05": {
            "month": "2022-05",
            "price": "19.33",
            "revenue": 99291
        },
        "2022-06": {
            "month": "2022-06",
            "price": "19.07",
            "revenue": 99349
        },
        "2022-07": {
            "month": "2022-07",
            "price": "18.08",
            "revenue": 96238
        },
        "2022-08": {
            "month": "2022-08",
            "price": "18.29",
            "revenue": 80054
        },
        "2022-09": {
            "month": "2022-09",
            "price": "17.72",
            "revenue": 85564
        },
        "2022-10": {
            "month": "2022-10",
            "price": "16.02",
            "revenue": 80423
        },
        "2022-11": {
            "month": "2022-11",
            "price": "16.97",
            "revenue": 98911
        },
        "2022-12": {
            "month": "2022-12",
            "price": "16.80",
            "revenue": 82143
        },
        "2023-01": {
            "month": "2023-01",
            "price": "16.76",
            "revenue": 75173
        },
        "2023-02": {
            "month": "2023-02",
            "price": "17.34",
            "revenue": 82373
        },
        "2023-03": {
            "month": "2023-03",
            "price": "17.57",
            "revenue": 99264
        },
        "2023-04": {
            "month": "2023-04",
            "price": "17.65",
            "revenue": 72700
        },
        "2023-05": {
            "month": "2023-05",
            "price": "18.86",
            "revenue": 106590
        },
        "2023-06": {
            "month": "2023-06",
            "price": "21.94",
            "revenue": 89086
        },
        "2023-07": {
            "month": "2023-07",
            "price": "20.99",
            "revenue": 88742
        },
        "2023-08": {
            "month": "2023-08",
            "price": "20.26",
            "revenue": 98782
        },
        "2023-09": {
            "month": "2023-09",
            "price": "23.06",
            "revenue": 90009
        },
        "2023-10": {
            "month": "2023-10",
            "price": "22.40",
            "revenue": 96870
        },
        "2023-11": {
            "month": "2023-11",
            "price": "23.32",
            "revenue": 90975
        },
        "2023-12": {
            "month": "2023-12",
            "price": "23.74",
            "revenue": 84664
        },
        "2024-01": {
            "month": "2024-01",
            "price": "25.56",
            "revenue": 103376
        },
        "2024-02": {
            "month": "2024-02",
            "price": "28.82",
            "revenue": 76514
        }
    }
}
