{
    "summary": {
        "stock_name": "碩天",
        "stock_id": "3617",
        "category": "其他電子",
        "main_business": "不斷電電源供應系統之設計製造及銷售業務<br>電源保護與電源管理系統之設計製造及銷售業務<br>電力電子相關設備之設計製造及銷售業務",
        "website_url": "http://www.cyberpower.com/tw/zh/investor",
        "ceo": "何濂洵",
        "pe_ratio": 12,
        "report_year_from": 2007,
        "report_year_to": 2023,
        "age": 16,
        "eps_negative_percentage": 6,
        "eps_growth_avg": {
            "last_all": -0.54,
            "last_2y": -54.32,
            "last_4y": -30.1,
            "last_8y": -10.42,
            "last_12y": -6.14,
            "last_16y": null,
            "last_20y": null,
            "at_2006_last_3y": null,
            "at_2007_last_3y": null,
            "at_2008_last_3y": null,
            "at_2009_last_3y": null,
            "at_2010_last_3y": null,
            "at_2011_last_3y": null,
            "at_2012_last_3y": 17.21,
            "at_2013_last_3y": 2.43,
            "at_2014_last_3y": 4.74,
            "at_2015_last_3y": 18.54,
            "at_2016_last_3y": 16.41,
            "at_2017_last_3y": 9.26,
            "at_2018_last_3y": 8.38,
            "at_2019_last_3y": -2.96,
            "at_2020_last_3y": -10.4,
            "at_2021_last_3y": -30.1,
            "at_2022_last_3y": -40.69,
            "at_2023_last_3y": -40.69,
            "at_2006_last_all": null,
            "at_2007_last_all": null,
            "at_2008_last_all": null,
            "at_2009_last_all": null,
            "at_2010_last_all": 31.27,
            "at_2011_last_all": 13.08,
            "at_2012_last_all": 17.21,
            "at_2013_last_all": 15.25,
            "at_2014_last_all": 13.58,
            "at_2015_last_all": 16.2,
            "at_2016_last_all": 16.81,
            "at_2017_last_all": 12.59,
            "at_2018_last_all": 11.5,
            "at_2019_last_all": 9.23,
            "at_2020_last_all": 7.74,
            "at_2021_last_all": -0.54,
            "at_2022_last_all": -0.54,
            "at_2023_last_all": -0.54
        },
        "latest_eps": 14.71,
        "latest_price": 174,
        "latest_roe": 26.2,
        "latest_gross_margin": 45.59,
        "latest_equity": 5297353,
        "latest_revenue": 2558997,
        "latest_gross_profit": 1166666,
        "latest_net_income": 220835,
        "latest_debt_ratio": 56.04,
        "latest_current_ratio": 130.09,
        "latest_account_receivable_turnover_ratio": 1.17,
        "latest_inventory_turnover_ratio": 0.38,
        "latest_reinvestment_rate": 3.56,
        "latest_research_to_sale_ratio": 4.14
    },
    "eps_dividends": {
        "2001": {
            "cash": 0,
            "stock": 0,
            "eps": 0
        },
        "2002": {
            "cash": 0,
            "stock": 0,
            "eps": 0
        },
        "2003": {
            "cash": 0,
            "stock": 0,
            "eps": 0
        },
        "2004": {
            "cash": 0,
            "stock": 0,
            "eps": 0
        },
        "2005": {
            "cash": 0,
            "stock": 0,
            "eps": 0
        },
        "2006": {
            "cash": 0,
            "stock": 0,
            "eps": 0
        },
        "2007": {
            "cash": 0,
            "stock": 0,
            "eps": 0
        },
        "2008": {
            "cash": 1,
            "stock": 4,
            "eps": 3.14
        },
        "2009": {
            "cash": 3,
            "stock": 0,
            "eps": 5.23
        },
        "2010": {
            "cash": 3,
            "stock": 0,
            "eps": 5.02
        },
        "2011": {
            "cash": 7,
            "stock": 0,
            "eps": 3.85
        },
        "2012": {
            "cash": 0,
            "stock": 0,
            "eps": 4.99
        },
        "2013": {
            "cash": 4,
            "stock": 0,
            "eps": 5.36
        },
        "2014": {
            "cash": 4,
            "stock": 0,
            "eps": 5.64
        },
        "2015": {
            "cash": 4,
            "stock": 0,
            "eps": 7.44
        },
        "2016": {
            "cash": 5,
            "stock": 0,
            "eps": 9.01
        },
        "2017": {
            "cash": 5,
            "stock": 0,
            "eps": 7.1
        },
        "2018": {
            "cash": 5,
            "stock": 0,
            "eps": 7.22
        },
        "2019": {
            "cash": 5,
            "stock": 0,
            "eps": 6.25
        },
        "2020": {
            "cash": 5,
            "stock": 0,
            "eps": 5.71
        },
        "2021": {
            "cash": 5,
            "stock": 0,
            "eps": -0.89
        },
        "2022": {
            "cash": 1,
            "stock": 0,
            "eps": 14.06
        },
        "2023": {
            "cash": 5,
            "stock": 1,
            "eps": 2.56
        }
    },
    "dividends": {
        "2008-05-07": {
            "cash": 1,
            "stock": 4
        },
        "2009-03-30": {
            "cash": 2.5,
            "stock": 0
        },
        "2010-03-25": {
            "cash": 3.2,
            "stock": 0
        },
        "2011-01-01": {
            "cash": 3.59,
            "stock": 0
        },
        "2011-03-30": {
            "cash": 3.47,
            "stock": 0
        },
        "2013-05-02": {
            "cash": 3.8,
            "stock": 0
        },
        "2014-09-09": {
            "cash": 4.01,
            "stock": 0
        },
        "2015-08-17": {
            "cash": 4.25,
            "stock": 0
        },
        "2016-08-02": {
            "cash": 4.5,
            "stock": 0
        },
        "2017-08-18": {
            "cash": 4.75,
            "stock": 0
        },
        "2018-08-16": {
            "cash": 5,
            "stock": 0
        },
        "2019-08-16": {
            "cash": 5.3,
            "stock": 0
        },
        "2020-08-21": {
            "cash": 5.35,
            "stock": 0
        },
        "2021-08-10": {
            "cash": 5.4,
            "stock": 0
        },
        "2022-08-18": {
            "cash": 1,
            "stock": 0
        },
        "2023-03-23": {
            "cash": 5,
            "stock": 0.5
        }
    },
    "prices": {
        "200101": "無",
        "200102": "無",
        "200103": "無",
        "200104": "無",
        "200105": "無",
        "200106": "無",
        "200107": "無",
        "200108": "無",
        "200109": "無",
        "200110": "無",
        "200111": "無",
        "200112": "無",
        "200201": "無",
        "200202": "無",
        "200203": "無",
        "200204": "無",
        "200205": "無",
        "200206": "無",
        "200207": "無",
        "200208": "無",
        "200209": "無",
        "200210": "無",
        "200211": "無",
        "200212": "無",
        "200301": "無",
        "200302": "無",
        "200303": "無",
        "200304": "無",
        "200305": "無",
        "200306": "無",
        "200307": "無",
        "200308": "無",
        "200309": "無",
        "200310": "無",
        "200311": "無",
        "200312": "無",
        "200401": "無",
        "200402": "無",
        "200403": "無",
        "200404": "無",
        "200405": "無",
        "200406": "無",
        "200407": "無",
        "200408": "無",
        "200409": "無",
        "200410": "無",
        "200411": "無",
        "200412": "無",
        "200501": "無",
        "200502": "無",
        "200503": "無",
        "200504": "無",
        "200505": "無",
        "200506": "無",
        "200507": "無",
        "200508": "無",
        "200509": "無",
        "200510": "無",
        "200511": "無",
        "200512": "無",
        "200601": "無",
        "200602": "無",
        "200603": "無",
        "200604": "無",
        "200605": "無",
        "200606": "無",
        "200607": "無",
        "200608": "無",
        "200609": "無",
        "200610": "無",
        "200611": "無",
        "200612": "無",
        "200701": "無",
        "200702": "無",
        "200703": "無",
        "200704": "無",
        "200705": "無",
        "200706": "無",
        "200707": "無",
        "200708": "無",
        "200709": "無",
        "200710": "無",
        "200711": "無",
        "200712": "無",
        "200801": "無",
        "200802": "無",
        "200803": "無",
        "200804": "118.53",
        "200805": "133.77",
        "200806": "132.45",
        "200807": "118.99",
        "200808": "87.78",
        "200809": "83.41",
        "200810": "74.59",
        "200811": "52.55",
        "200812": "40.66",
        "200901": "41.28",
        "200902": "45.24",
        "200903": "49.42",
        "200904": "58.02",
        "200905": "61.02",
        "200906": "65.10",
        "200907": "70.61",
        "200908": "100.37",
        "200909": "104.95",
        "200910": "103.53",
        "200911": "107.91",
        "200912": "137.86",
        "201001": "115.98",
        "201002": "92.14",
        "201003": "102.02",
        "201004": "102.98",
        "201005": "77.75",
        "201006": "73.35",
        "201007": "79.76",
        "201008": "79.99",
        "201009": "77.90",
        "201010": "74.06",
        "201011": "66.48",
        "201012": "69.04",
        "201101": "65.87",
        "201102": "65.71",
        "201103": "74.50",
        "201104": "83.69",
        "201105": "91.03",
        "201106": "105.99",
        "201107": "125.05",
        "201108": "123.77",
        "201109": "106.50",
        "201110": "103.08",
        "201111": "52.18",
        "201112": "45.04",
        "201201": "48.37",
        "201202": "59.56",
        "201203": "58.18",
        "201204": "55.26",
        "201205": "53.40",
        "201206": "50.52",
        "201207": "50.41",
        "201208": "49.68",
        "201209": "55.61",
        "201210": "53.33",
        "201211": "50.94",
        "201212": "51.52",
        "201301": "52.62",
        "201302": "53.96",
        "201303": "58.84",
        "201304": "57.53",
        "201305": "58.72",
        "201306": "57.44",
        "201307": "55.73",
        "201308": "52.10",
        "201309": "55.78",
        "201310": "56.98",
        "201311": "60.00",
        "201312": "75.49",
        "201401": "71.32",
        "201402": "72.56",
        "201403": "78.09",
        "201404": "75.86",
        "201405": "72.88",
        "201406": "71.48",
        "201407": "68.51",
        "201408": "61.70",
        "201409": "62.37",
        "201410": "60.65",
        "201411": "60.96",
        "201412": "63.21",
        "201501": "63.98",
        "201502": "63.31",
        "201503": "65.12",
        "201504": "66.60",
        "201505": "62.40",
        "201506": "64.07",
        "201507": "66.70",
        "201508": "60.04",
        "201509": "63.51",
        "201510": "78.88",
        "201511": "108.84",
        "201512": "107.59",
        "201601": "106.71",
        "201602": "112.08",
        "201603": "101.53",
        "201604": "94.03",
        "201605": "96.07",
        "201606": "119.02",
        "201607": "114.52",
        "201608": "125.80",
        "201609": "119.16",
        "201610": "98.32",
        "201611": "91.64",
        "201612": "98.92",
        "201701": "100.19",
        "201702": "101.50",
        "201703": "98.66",
        "201704": "97.22",
        "201705": "93.64",
        "201706": "95.69",
        "201707": "94.16",
        "201708": "96.29",
        "201709": "98.40",
        "201710": "103.87",
        "201711": "108.18",
        "201712": "99.90",
        "201801": "99.67",
        "201802": "94.25",
        "201803": "94.05",
        "201804": "91.97",
        "201805": "90.51",
        "201806": "90.73",
        "201807": "89.65",
        "201808": "86.55",
        "201809": "87.23",
        "201810": "74.87",
        "201811": "77.30",
        "201812": "78.74",
        "201901": "77.70",
        "201902": "80.25",
        "201903": "82.92",
        "201904": "88.86",
        "201905": "92.94",
        "201906": "91.31",
        "201907": "93.78",
        "201908": "89.38",
        "201909": "92.29",
        "201910": "100.26",
        "201911": "108.62",
        "201912": "111.18",
        "202001": "110.90",
        "202002": "104.41",
        "202003": "84.93",
        "202004": "78.79",
        "202005": "81.20",
        "202006": "82.00",
        "202007": "84.30",
        "202008": "78.03",
        "202009": "75.67",
        "202010": "76.68",
        "202011": "80.69",
        "202012": "86.32",
        "202101": "83.52",
        "202102": "81.29",
        "202103": "84.03",
        "202104": "87.93",
        "202105": "82.10",
        "202106": "84.58",
        "202107": "81.00",
        "202108": "77.95",
        "202109": "76.64",
        "202110": "74.92",
        "202111": "72.37",
        "202112": "69.70",
        "202201": "69.56",
        "202202": "69.03",
        "202203": "69.93",
        "202204": "67.94",
        "202205": "67.08",
        "202206": "70.30",
        "202207": "69.52",
        "202208": "87.67",
        "202209": "101.22",
        "202210": "92.26",
        "202211": "105.64",
        "202212": "102.70",
        "202301": "99.59",
        "202302": "114.86",
        "202303": "118.61",
        "202304": "125.41",
        "202305": "135.15"
    },
    "quarters": {
        "20011": {
            "year_quarter": 20011,
            "year": 2001,
            "quarter": 1,
            "eps": null,
            "eps_growth_year": null,
            "eps_4q": null,
            "eps_4q_growth_year": null,
            "roe": null,
            "roe_4q": 0,
            "gross_profit": null,
            "gross_margin": null,
            "gross_margin_4q_avg": 0,
            "net_income": null,
            "revenue": null,
            "common_shares": null,
            "book_valuer_per_share": null,
            "book_valuer_per_share_4q_avg": 0,
            "equity": null,
            "current_ratio": null,
            "debt_ratio": null,
            "inventory_turnover_ratio": null,
            "account_receivable_turnover_ratio": null,
            "reinvestment_rate": null,
            "research_to_sale_ratio": null,
            "price_fair": 0,
            "eps_avg_yearly": 0,
            "eps_latest_yearly": 0,
            "eps_growth_yearly": 0
        },
        "20012": {
            "year_quarter": 20012,
            "year": 2001,
            "quarter": 2,
            "eps": null,
            "eps_growth_year": null,
            "eps_4q": null,
            "eps_4q_growth_year": null,
            "roe": null,
            "roe_4q": 0,
            "gross_profit": null,
            "gross_margin": null,
            "gross_margin_4q_avg": 0,
            "net_income": null,
            "revenue": null,
            "common_shares": null,
            "book_valuer_per_share": null,
            "book_valuer_per_share_4q_avg": 0,
            "equity": null,
            "current_ratio": null,
            "debt_ratio": null,
            "inventory_turnover_ratio": null,
            "account_receivable_turnover_ratio": null,
            "reinvestment_rate": null,
            "research_to_sale_ratio": null,
            "price_fair": 0,
            "eps_avg_yearly": 0,
            "eps_latest_yearly": 0,
            "eps_growth_yearly": 0
        },
        "20013": {
            "year_quarter": 20013,
            "year": 2001,
            "quarter": 3,
            "eps": null,
            "eps_growth_year": null,
            "eps_4q": null,
            "eps_4q_growth_year": null,
            "roe": null,
            "roe_4q": 0,
            "gross_profit": null,
            "gross_margin": null,
            "gross_margin_4q_avg": 0,
            "net_income": null,
            "revenue": null,
            "common_shares": null,
            "book_valuer_per_share": null,
            "book_valuer_per_share_4q_avg": 0,
            "equity": null,
            "current_ratio": null,
            "debt_ratio": null,
            "inventory_turnover_ratio": null,
            "account_receivable_turnover_ratio": null,
            "reinvestment_rate": null,
            "research_to_sale_ratio": null,
            "price_fair": 0,
            "eps_avg_yearly": 0,
            "eps_latest_yearly": 0,
            "eps_growth_yearly": 0
        },
        "20014": {
            "year_quarter": 20014,
            "year": 2001,
            "quarter": 4,
            "eps": null,
            "eps_growth_year": null,
            "eps_4q": null,
            "eps_4q_growth_year": null,
            "roe": null,
            "roe_4q": 0,
            "gross_profit": null,
            "gross_margin": null,
            "gross_margin_4q_avg": 0,
            "net_income": null,
            "revenue": null,
            "common_shares": null,
            "book_valuer_per_share": null,
            "book_valuer_per_share_4q_avg": 0,
            "equity": null,
            "current_ratio": null,
            "debt_ratio": null,
            "inventory_turnover_ratio": null,
            "account_receivable_turnover_ratio": null,
            "reinvestment_rate": null,
            "research_to_sale_ratio": null,
            "price_fair": 0,
            "eps_avg_yearly": 0,
            "eps_latest_yearly": 0,
            "eps_growth_yearly": 0
        },
        "20021": {
            "year_quarter": 20021,
            "year": 2002,
            "quarter": 1,
            "eps": null,
            "eps_growth_year": null,
            "eps_4q": null,
            "eps_4q_growth_year": null,
            "roe": null,
            "roe_4q": 0,
            "gross_profit": null,
            "gross_margin": null,
            "gross_margin_4q_avg": 0,
            "net_income": null,
            "revenue": null,
            "common_shares": null,
            "book_valuer_per_share": null,
            "book_valuer_per_share_4q_avg": 0,
            "equity": null,
            "current_ratio": null,
            "debt_ratio": null,
            "inventory_turnover_ratio": null,
            "account_receivable_turnover_ratio": null,
            "reinvestment_rate": null,
            "research_to_sale_ratio": null,
            "price_fair": 0,
            "eps_avg_yearly": 0,
            "eps_latest_yearly": 0,
            "eps_growth_yearly": 0
        },
        "20022": {
            "year_quarter": 20022,
            "year": 2002,
            "quarter": 2,
            "eps": null,
            "eps_growth_year": null,
            "eps_4q": null,
            "eps_4q_growth_year": null,
            "roe": null,
            "roe_4q": 0,
            "gross_profit": null,
            "gross_margin": null,
            "gross_margin_4q_avg": 0,
            "net_income": null,
            "revenue": null,
            "common_shares": null,
            "book_valuer_per_share": null,
            "book_valuer_per_share_4q_avg": 0,
            "equity": null,
            "current_ratio": null,
            "debt_ratio": null,
            "inventory_turnover_ratio": null,
            "account_receivable_turnover_ratio": null,
            "reinvestment_rate": null,
            "research_to_sale_ratio": null,
            "price_fair": 0,
            "eps_avg_yearly": 0,
            "eps_latest_yearly": 0,
            "eps_growth_yearly": 0
        },
        "20023": {
            "year_quarter": 20023,
            "year": 2002,
            "quarter": 3,
            "eps": null,
            "eps_growth_year": null,
            "eps_4q": null,
            "eps_4q_growth_year": null,
            "roe": null,
            "roe_4q": 0,
            "gross_profit": null,
            "gross_margin": null,
            "gross_margin_4q_avg": 0,
            "net_income": null,
            "revenue": null,
            "common_shares": null,
            "book_valuer_per_share": null,
            "book_valuer_per_share_4q_avg": 0,
            "equity": null,
            "current_ratio": null,
            "debt_ratio": null,
            "inventory_turnover_ratio": null,
            "account_receivable_turnover_ratio": null,
            "reinvestment_rate": null,
            "research_to_sale_ratio": null,
            "price_fair": 0,
            "eps_avg_yearly": 0,
            "eps_latest_yearly": 0,
            "eps_growth_yearly": 0
        },
        "20024": {
            "year_quarter": 20024,
            "year": 2002,
            "quarter": 4,
            "eps": null,
            "eps_growth_year": null,
            "eps_4q": null,
            "eps_4q_growth_year": null,
            "roe": null,
            "roe_4q": 0,
            "gross_profit": null,
            "gross_margin": null,
            "gross_margin_4q_avg": 0,
            "net_income": null,
            "revenue": null,
            "common_shares": 200000,
            "book_valuer_per_share": 14.21,
            "book_valuer_per_share_4q_avg": 3.55,
            "equity": 284126,
            "current_ratio": 259.21,
            "debt_ratio": 39.28,
            "inventory_turnover_ratio": null,
            "account_receivable_turnover_ratio": null,
            "reinvestment_rate": null,
            "research_to_sale_ratio": null,
            "price_fair": 0,
            "eps_avg_yearly": 0,
            "eps_latest_yearly": 0,
            "eps_growth_yearly": 0
        },
        "20031": {
            "year_quarter": 20031,
            "year": 2003,
            "quarter": 1,
            "eps": null,
            "eps_growth_year": null,
            "eps_4q": null,
            "eps_4q_growth_year": null,
            "roe": null,
            "roe_4q": 0,
            "gross_profit": null,
            "gross_margin": null,
            "gross_margin_4q_avg": 0,
            "net_income": null,
            "revenue": null,
            "common_shares": null,
            "book_valuer_per_share": null,
            "book_valuer_per_share_4q_avg": 3.55,
            "equity": null,
            "current_ratio": null,
            "debt_ratio": null,
            "inventory_turnover_ratio": null,
            "account_receivable_turnover_ratio": null,
            "reinvestment_rate": null,
            "research_to_sale_ratio": null,
            "price_fair": 0,
            "eps_avg_yearly": 0,
            "eps_latest_yearly": 0,
            "eps_growth_yearly": 0
        },
        "20032": {
            "year_quarter": 20032,
            "year": 2003,
            "quarter": 2,
            "eps": null,
            "eps_growth_year": null,
            "eps_4q": null,
            "eps_4q_growth_year": null,
            "roe": null,
            "roe_4q": 0,
            "gross_profit": null,
            "gross_margin": null,
            "gross_margin_4q_avg": 0,
            "net_income": null,
            "revenue": null,
            "common_shares": null,
            "book_valuer_per_share": null,
            "book_valuer_per_share_4q_avg": 3.55,
            "equity": null,
            "current_ratio": null,
            "debt_ratio": null,
            "inventory_turnover_ratio": null,
            "account_receivable_turnover_ratio": null,
            "reinvestment_rate": null,
            "research_to_sale_ratio": null,
            "price_fair": 0,
            "eps_avg_yearly": 0,
            "eps_latest_yearly": 0,
            "eps_growth_yearly": 0
        },
        "20033": {
            "year_quarter": 20033,
            "year": 2003,
            "quarter": 3,
            "eps": null,
            "eps_growth_year": null,
            "eps_4q": null,
            "eps_4q_growth_year": null,
            "roe": null,
            "roe_4q": 0,
            "gross_profit": null,
            "gross_margin": null,
            "gross_margin_4q_avg": 0,
            "net_income": null,
            "revenue": null,
            "common_shares": null,
            "book_valuer_per_share": null,
            "book_valuer_per_share_4q_avg": 3.55,
            "equity": null,
            "current_ratio": null,
            "debt_ratio": null,
            "inventory_turnover_ratio": null,
            "account_receivable_turnover_ratio": null,
            "reinvestment_rate": null,
            "research_to_sale_ratio": null,
            "price_fair": 0,
            "eps_avg_yearly": 0,
            "eps_latest_yearly": 0,
            "eps_growth_yearly": 0
        },
        "20034": {
            "year_quarter": 20034,
            "year": 2003,
            "quarter": 4,
            "eps": null,
            "eps_growth_year": null,
            "eps_4q": null,
            "eps_4q_growth_year": null,
            "roe": null,
            "roe_4q": 0,
            "gross_profit": null,
            "gross_margin": null,
            "gross_margin_4q_avg": 0,
            "net_income": null,
            "revenue": null,
            "common_shares": 260000,
            "book_valuer_per_share": 13.71,
            "book_valuer_per_share_4q_avg": 3.43,
            "equity": 356441,
            "current_ratio": 203.11,
            "debt_ratio": 48.74,
            "inventory_turnover_ratio": null,
            "account_receivable_turnover_ratio": null,
            "reinvestment_rate": null,
            "research_to_sale_ratio": null,
            "price_fair": 0,
            "eps_avg_yearly": 0,
            "eps_latest_yearly": 0,
            "eps_growth_yearly": 0
        },
        "20041": {
            "year_quarter": 20041,
            "year": 2004,
            "quarter": 1,
            "eps": null,
            "eps_growth_year": null,
            "eps_4q": null,
            "eps_4q_growth_year": null,
            "roe": null,
            "roe_4q": 0,
            "gross_profit": null,
            "gross_margin": null,
            "gross_margin_4q_avg": 0,
            "net_income": null,
            "revenue": null,
            "common_shares": null,
            "book_valuer_per_share": null,
            "book_valuer_per_share_4q_avg": 3.43,
            "equity": null,
            "current_ratio": null,
            "debt_ratio": null,
            "inventory_turnover_ratio": null,
            "account_receivable_turnover_ratio": null,
            "reinvestment_rate": null,
            "research_to_sale_ratio": null,
            "price_fair": 0,
            "eps_avg_yearly": 0,
            "eps_latest_yearly": 0,
            "eps_growth_yearly": 0
        },
        "20042": {
            "year_quarter": 20042,
            "year": 2004,
            "quarter": 2,
            "eps": null,
            "eps_growth_year": null,
            "eps_4q": null,
            "eps_4q_growth_year": null,
            "roe": null,
            "roe_4q": 0,
            "gross_profit": null,
            "gross_margin": null,
            "gross_margin_4q_avg": 0,
            "net_income": null,
            "revenue": null,
            "common_shares": null,
            "book_valuer_per_share": null,
            "book_valuer_per_share_4q_avg": 3.43,
            "equity": null,
            "current_ratio": null,
            "debt_ratio": null,
            "inventory_turnover_ratio": null,
            "account_receivable_turnover_ratio": null,
            "reinvestment_rate": null,
            "research_to_sale_ratio": null,
            "price_fair": 0,
            "eps_avg_yearly": 0,
            "eps_latest_yearly": 0,
            "eps_growth_yearly": 0
        },
        "20043": {
            "year_quarter": 20043,
            "year": 2004,
            "quarter": 3,
            "eps": null,
            "eps_growth_year": null,
            "eps_4q": null,
            "eps_4q_growth_year": null,
            "roe": null,
            "roe_4q": 0,
            "gross_profit": null,
            "gross_margin": null,
            "gross_margin_4q_avg": 0,
            "net_income": null,
            "revenue": null,
            "common_shares": null,
            "book_valuer_per_share": null,
            "book_valuer_per_share_4q_avg": 3.43,
            "equity": null,
            "current_ratio": null,
            "debt_ratio": null,
            "inventory_turnover_ratio": null,
            "account_receivable_turnover_ratio": null,
            "reinvestment_rate": null,
            "research_to_sale_ratio": null,
            "price_fair": 0,
            "eps_avg_yearly": 0,
            "eps_latest_yearly": 0,
            "eps_growth_yearly": 0
        },
        "20044": {
            "year_quarter": 20044,
            "year": 2004,
            "quarter": 4,
            "eps": null,
            "eps_growth_year": null,
            "eps_4q": null,
            "eps_4q_growth_year": null,
            "roe": null,
            "roe_4q": 0,
            "gross_profit": null,
            "gross_margin": null,
            "gross_margin_4q_avg": 0,
            "net_income": null,
            "revenue": null,
            "common_shares": 301200,
            "book_valuer_per_share": 13.51,
            "book_valuer_per_share_4q_avg": 3.38,
            "equity": 406906,
            "current_ratio": 197.41,
            "debt_ratio": 49.77,
            "inventory_turnover_ratio": null,
            "account_receivable_turnover_ratio": null,
            "reinvestment_rate": null,
            "research_to_sale_ratio": null,
            "price_fair": 0,
            "eps_avg_yearly": 0,
            "eps_latest_yearly": 0,
            "eps_growth_yearly": 0
        },
        "20051": {
            "year_quarter": 20051,
            "year": 2005,
            "quarter": 1,
            "eps": null,
            "eps_growth_year": null,
            "eps_4q": null,
            "eps_4q_growth_year": null,
            "roe": null,
            "roe_4q": 0,
            "gross_profit": null,
            "gross_margin": null,
            "gross_margin_4q_avg": 0,
            "net_income": null,
            "revenue": null,
            "common_shares": null,
            "book_valuer_per_share": null,
            "book_valuer_per_share_4q_avg": 3.38,
            "equity": null,
            "current_ratio": null,
            "debt_ratio": null,
            "inventory_turnover_ratio": null,
            "account_receivable_turnover_ratio": null,
            "reinvestment_rate": null,
            "research_to_sale_ratio": null,
            "price_fair": 0,
            "eps_avg_yearly": 0,
            "eps_latest_yearly": 0,
            "eps_growth_yearly": 0
        },
        "20052": {
            "year_quarter": 20052,
            "year": 2005,
            "quarter": 2,
            "eps": null,
            "eps_growth_year": null,
            "eps_4q": null,
            "eps_4q_growth_year": null,
            "roe": null,
            "roe_4q": 0,
            "gross_profit": null,
            "gross_margin": null,
            "gross_margin_4q_avg": 0,
            "net_income": null,
            "revenue": null,
            "common_shares": null,
            "book_valuer_per_share": null,
            "book_valuer_per_share_4q_avg": 3.38,
            "equity": null,
            "current_ratio": null,
            "debt_ratio": null,
            "inventory_turnover_ratio": null,
            "account_receivable_turnover_ratio": null,
            "reinvestment_rate": null,
            "research_to_sale_ratio": null,
            "price_fair": 0,
            "eps_avg_yearly": 0,
            "eps_latest_yearly": 0,
            "eps_growth_yearly": 0
        },
        "20053": {
            "year_quarter": 20053,
            "year": 2005,
            "quarter": 3,
            "eps": null,
            "eps_growth_year": null,
            "eps_4q": null,
            "eps_4q_growth_year": null,
            "roe": null,
            "roe_4q": 0,
            "gross_profit": null,
            "gross_margin": null,
            "gross_margin_4q_avg": 0,
            "net_income": null,
            "revenue": null,
            "common_shares": null,
            "book_valuer_per_share": null,
            "book_valuer_per_share_4q_avg": 3.38,
            "equity": null,
            "current_ratio": null,
            "debt_ratio": null,
            "inventory_turnover_ratio": null,
            "account_receivable_turnover_ratio": null,
            "reinvestment_rate": null,
            "research_to_sale_ratio": null,
            "price_fair": 0,
            "eps_avg_yearly": 0,
            "eps_latest_yearly": 0,
            "eps_growth_yearly": 0
        },
        "20054": {
            "year_quarter": 20054,
            "year": 2005,
            "quarter": 4,
            "eps": null,
            "eps_growth_year": null,
            "eps_4q": null,
            "eps_4q_growth_year": null,
            "roe": null,
            "roe_4q": 0,
            "gross_profit": null,
            "gross_margin": null,
            "gross_margin_4q_avg": 0,
            "net_income": null,
            "revenue": null,
            "common_shares": 334700,
            "book_valuer_per_share": 12.98,
            "book_valuer_per_share_4q_avg": 3.25,
            "equity": 434425,
            "current_ratio": 204.33,
            "debt_ratio": 48.4,
            "inventory_turnover_ratio": null,
            "account_receivable_turnover_ratio": null,
            "reinvestment_rate": null,
            "research_to_sale_ratio": null,
            "price_fair": 0,
            "eps_avg_yearly": 0,
            "eps_latest_yearly": 0,
            "eps_growth_yearly": 0
        },
        "20061": {
            "year_quarter": 20061,
            "year": 2006,
            "quarter": 1,
            "eps": null,
            "eps_growth_year": null,
            "eps_4q": null,
            "eps_4q_growth_year": null,
            "roe": null,
            "roe_4q": 0,
            "gross_profit": null,
            "gross_margin": null,
            "gross_margin_4q_avg": 0,
            "net_income": null,
            "revenue": null,
            "common_shares": null,
            "book_valuer_per_share": null,
            "book_valuer_per_share_4q_avg": 3.25,
            "equity": null,
            "current_ratio": null,
            "debt_ratio": null,
            "inventory_turnover_ratio": null,
            "account_receivable_turnover_ratio": null,
            "reinvestment_rate": null,
            "research_to_sale_ratio": null,
            "price_fair": 0,
            "eps_avg_yearly": 0,
            "eps_latest_yearly": 0,
            "eps_growth_yearly": 0
        },
        "20062": {
            "year_quarter": 20062,
            "year": 2006,
            "quarter": 2,
            "eps": null,
            "eps_growth_year": null,
            "eps_4q": null,
            "eps_4q_growth_year": null,
            "roe": null,
            "roe_4q": 0,
            "gross_profit": null,
            "gross_margin": null,
            "gross_margin_4q_avg": 0,
            "net_income": null,
            "revenue": null,
            "common_shares": null,
            "book_valuer_per_share": null,
            "book_valuer_per_share_4q_avg": 3.25,
            "equity": null,
            "current_ratio": null,
            "debt_ratio": null,
            "inventory_turnover_ratio": null,
            "account_receivable_turnover_ratio": null,
            "reinvestment_rate": null,
            "research_to_sale_ratio": null,
            "price_fair": 0,
            "eps_avg_yearly": 0,
            "eps_latest_yearly": 0,
            "eps_growth_yearly": 0
        },
        "20063": {
            "year_quarter": 20063,
            "year": 2006,
            "quarter": 3,
            "eps": null,
            "eps_growth_year": null,
            "eps_4q": null,
            "eps_4q_growth_year": null,
            "roe": null,
            "roe_4q": 0,
            "gross_profit": null,
            "gross_margin": null,
            "gross_margin_4q_avg": 0,
            "net_income": null,
            "revenue": null,
            "common_shares": null,
            "book_valuer_per_share": null,
            "book_valuer_per_share_4q_avg": 3.25,
            "equity": null,
            "current_ratio": null,
            "debt_ratio": null,
            "inventory_turnover_ratio": null,
            "account_receivable_turnover_ratio": null,
            "reinvestment_rate": null,
            "research_to_sale_ratio": null,
            "price_fair": 0,
            "eps_avg_yearly": 0,
            "eps_latest_yearly": 0,
            "eps_growth_yearly": 0
        },
        "20064": {
            "year_quarter": 20064,
            "year": 2006,
            "quarter": 4,
            "eps": null,
            "eps_growth_year": null,
            "eps_4q": null,
            "eps_4q_growth_year": null,
            "roe": null,
            "roe_4q": 0,
            "gross_profit": null,
            "gross_margin": null,
            "gross_margin_4q_avg": 0,
            "net_income": null,
            "revenue": null,
            "common_shares": 407000,
            "book_valuer_per_share": 16.93,
            "book_valuer_per_share_4q_avg": 4.23,
            "equity": 705154,
            "current_ratio": 179.33,
            "debt_ratio": 51.81,
            "inventory_turnover_ratio": null,
            "account_receivable_turnover_ratio": null,
            "reinvestment_rate": null,
            "research_to_sale_ratio": null,
            "price_fair": 0,
            "eps_avg_yearly": 0,
            "eps_latest_yearly": 0,
            "eps_growth_yearly": 0
        },
        "20071": {
            "year_quarter": 20071,
            "year": 2007,
            "quarter": 1,
            "eps": null,
            "eps_growth_year": null,
            "eps_4q": null,
            "eps_4q_growth_year": null,
            "roe": null,
            "roe_4q": 0,
            "gross_profit": null,
            "gross_margin": null,
            "gross_margin_4q_avg": 0,
            "net_income": null,
            "revenue": null,
            "common_shares": null,
            "book_valuer_per_share": null,
            "book_valuer_per_share_4q_avg": 4.23,
            "equity": null,
            "current_ratio": null,
            "debt_ratio": null,
            "inventory_turnover_ratio": null,
            "account_receivable_turnover_ratio": null,
            "reinvestment_rate": null,
            "research_to_sale_ratio": null,
            "price_fair": 0,
            "eps_avg_yearly": 0,
            "eps_latest_yearly": 0,
            "eps_growth_yearly": 0
        },
        "20072": {
            "year_quarter": 20072,
            "year": 2007,
            "quarter": 2,
            "eps": null,
            "eps_growth_year": null,
            "eps_4q": null,
            "eps_4q_growth_year": null,
            "roe": null,
            "roe_4q": 0,
            "gross_profit": null,
            "gross_margin": null,
            "gross_margin_4q_avg": 0,
            "net_income": null,
            "revenue": null,
            "common_shares": null,
            "book_valuer_per_share": null,
            "book_valuer_per_share_4q_avg": 4.23,
            "equity": null,
            "current_ratio": null,
            "debt_ratio": null,
            "inventory_turnover_ratio": null,
            "account_receivable_turnover_ratio": null,
            "reinvestment_rate": null,
            "research_to_sale_ratio": null,
            "price_fair": 0,
            "eps_avg_yearly": 0,
            "eps_latest_yearly": 0,
            "eps_growth_yearly": 0
        },
        "20073": {
            "year_quarter": 20073,
            "year": 2007,
            "quarter": 3,
            "eps": null,
            "eps_growth_year": null,
            "eps_4q": null,
            "eps_4q_growth_year": null,
            "roe": null,
            "roe_4q": 0,
            "gross_profit": null,
            "gross_margin": null,
            "gross_margin_4q_avg": 0,
            "net_income": null,
            "revenue": null,
            "common_shares": null,
            "book_valuer_per_share": null,
            "book_valuer_per_share_4q_avg": 4.23,
            "equity": null,
            "current_ratio": null,
            "debt_ratio": null,
            "inventory_turnover_ratio": null,
            "account_receivable_turnover_ratio": null,
            "reinvestment_rate": null,
            "research_to_sale_ratio": null,
            "price_fair": 0,
            "eps_avg_yearly": 0,
            "eps_latest_yearly": 0,
            "eps_growth_yearly": 0
        },
        "20074": {
            "year_quarter": 20074,
            "year": 2007,
            "quarter": 4,
            "eps": null,
            "eps_growth_year": null,
            "eps_4q": null,
            "eps_4q_growth_year": null,
            "roe": null,
            "roe_4q": 0,
            "gross_profit": null,
            "gross_margin": null,
            "gross_margin_4q_avg": 0,
            "net_income": null,
            "revenue": null,
            "common_shares": 465500,
            "book_valuer_per_share": 29.51,
            "book_valuer_per_share_4q_avg": 7.38,
            "equity": 1373564,
            "current_ratio": 209.77,
            "debt_ratio": 43.19,
            "inventory_turnover_ratio": null,
            "account_receivable_turnover_ratio": null,
            "reinvestment_rate": null,
            "research_to_sale_ratio": null,
            "price_fair": 0,
            "eps_avg_yearly": 0,
            "eps_latest_yearly": 0,
            "eps_growth_yearly": 0
        },
        "20081": {
            "year_quarter": 20081,
            "year": 2008,
            "quarter": 1,
            "eps": null,
            "eps_growth_year": null,
            "eps_4q": null,
            "eps_4q_growth_year": null,
            "roe": null,
            "roe_4q": 0,
            "gross_profit": null,
            "gross_margin": null,
            "gross_margin_4q_avg": 0,
            "net_income": null,
            "revenue": null,
            "common_shares": null,
            "book_valuer_per_share": null,
            "book_valuer_per_share_4q_avg": 7.38,
            "equity": null,
            "current_ratio": null,
            "debt_ratio": null,
            "inventory_turnover_ratio": null,
            "account_receivable_turnover_ratio": null,
            "reinvestment_rate": null,
            "research_to_sale_ratio": null,
            "price_fair": 0,
            "eps_avg_yearly": 0,
            "eps_latest_yearly": 0,
            "eps_growth_yearly": 0
        },
        "20082": {
            "year_quarter": 20082,
            "year": 2008,
            "quarter": 2,
            "eps": null,
            "eps_growth_year": null,
            "eps_4q": null,
            "eps_4q_growth_year": null,
            "roe": null,
            "roe_4q": 0,
            "gross_profit": null,
            "gross_margin": null,
            "gross_margin_4q_avg": 0,
            "net_income": null,
            "revenue": null,
            "common_shares": null,
            "book_valuer_per_share": null,
            "book_valuer_per_share_4q_avg": 7.38,
            "equity": null,
            "current_ratio": null,
            "debt_ratio": null,
            "inventory_turnover_ratio": null,
            "account_receivable_turnover_ratio": null,
            "reinvestment_rate": null,
            "research_to_sale_ratio": null,
            "price_fair": 0,
            "eps_avg_yearly": 0,
            "eps_latest_yearly": 0,
            "eps_growth_yearly": 0
        },
        "20083": {
            "year_quarter": 20083,
            "year": 2008,
            "quarter": 3,
            "eps": 1.68,
            "eps_growth_year": null,
            "eps_4q": null,
            "eps_4q_growth_year": null,
            "roe": 5.63,
            "roe_4q": 5.63,
            "gross_profit": 259164,
            "gross_margin": 22.71,
            "gross_margin_4q_avg": 5.68,
            "net_income": 113157,
            "revenue": 1141262,
            "common_shares": 716500,
            "book_valuer_per_share": 28.03,
            "book_valuer_per_share_4q_avg": 14.39,
            "equity": 2008475,
            "current_ratio": 283.94,
            "debt_ratio": 34.57,
            "inventory_turnover_ratio": 1.55,
            "account_receivable_turnover_ratio": null,
            "reinvestment_rate": null,
            "research_to_sale_ratio": null,
            "price_fair": 0,
            "eps_avg_yearly": 0,
            "eps_latest_yearly": 0,
            "eps_growth_yearly": 0
        },
        "20084": {
            "year_quarter": 20084,
            "year": 2008,
            "quarter": 4,
            "eps": 1.46,
            "eps_growth_year": null,
            "eps_4q": null,
            "eps_4q_growth_year": null,
            "roe": 4.83,
            "roe_4q": 10.46,
            "gross_profit": 207958,
            "gross_margin": 25.42,
            "gross_margin_4q_avg": 12.03,
            "net_income": 99814,
            "revenue": 818022,
            "common_shares": 716500,
            "book_valuer_per_share": 29.7,
            "book_valuer_per_share_4q_avg": 14.43,
            "equity": 2128074,
            "current_ratio": 346.92,
            "debt_ratio": 26.34,
            "inventory_turnover_ratio": 0.82,
            "account_receivable_turnover_ratio": null,
            "reinvestment_rate": null,
            "research_to_sale_ratio": null,
            "price_fair": 17.52,
            "eps_avg_yearly": 5.84,
            "eps_latest_yearly": 5.84,
            "eps_growth_yearly": -52.38
        },
        "20091": {
            "year_quarter": 20091,
            "year": 2009,
            "quarter": 1,
            "eps": 0.72,
            "eps_growth_year": null,
            "eps_4q": null,
            "eps_4q_growth_year": null,
            "roe": 2.41,
            "roe_4q": 12.870000000000001,
            "gross_profit": 164597,
            "gross_margin": 30.11,
            "gross_margin_4q_avg": 19.56,
            "net_income": 51903,
            "revenue": 546716,
            "common_shares": 716500,
            "book_valuer_per_share": 30.43,
            "book_valuer_per_share_4q_avg": 22.04,
            "equity": 2179977,
            "current_ratio": 375.16,
            "debt_ratio": 27.29,
            "inventory_turnover_ratio": 0.57,
            "account_receivable_turnover_ratio": 1.47,
            "reinvestment_rate": null,
            "research_to_sale_ratio": null,
            "price_fair": 13.08,
            "eps_avg_yearly": 4.36,
            "eps_latest_yearly": 2.88,
            "eps_growth_yearly": -127.56
        },
        "20092": {
            "year_quarter": 20092,
            "year": 2009,
            "quarter": 2,
            "eps": 1.66,
            "eps_growth_year": null,
            "eps_4q": 5.35,
            "eps_4q_growth_year": null,
            "roe": 5.54,
            "roe_4q": 18.41,
            "gross_profit": 281954,
            "gross_margin": 32.91,
            "gross_margin_4q_avg": 27.79,
            "net_income": 119199,
            "revenue": 856869,
            "common_shares": 716500,
            "book_valuer_per_share": 29.59,
            "book_valuer_per_share_4q_avg": 29.44,
            "equity": 2120363,
            "current_ratio": 271.16,
            "debt_ratio": 36.01,
            "inventory_turnover_ratio": 1.32,
            "account_receivable_turnover_ratio": 1,
            "reinvestment_rate": null,
            "research_to_sale_ratio": null,
            "price_fair": 179.2,
            "eps_avg_yearly": 5.12,
            "eps_latest_yearly": 6.64,
            "eps_growth_yearly": 89.03
        },
        "20093": {
            "year_quarter": 20093,
            "year": 2009,
            "quarter": 3,
            "eps": 1.99,
            "eps_growth_year": 18.45,
            "eps_4q": 5.77,
            "eps_4q_growth_year": null,
            "roe": 6.52,
            "roe_4q": 19.299999999999997,
            "gross_profit": 463390,
            "gross_margin": 42.09,
            "gross_margin_4q_avg": 32.63,
            "net_income": 142497,
            "revenue": 1101007,
            "common_shares": 716500,
            "book_valuer_per_share": 31.45,
            "book_valuer_per_share_4q_avg": 30.29,
            "equity": 2253161,
            "current_ratio": 296.55,
            "debt_ratio": 30.58,
            "inventory_turnover_ratio": 0.92,
            "account_receivable_turnover_ratio": 1.92,
            "reinvestment_rate": null,
            "research_to_sale_ratio": null,
            "price_fair": 204.05,
            "eps_avg_yearly": 5.83,
            "eps_latest_yearly": 7.96,
            "eps_growth_yearly": 86.65
        },
        "20094": {
            "year_quarter": 20094,
            "year": 2009,
            "quarter": 4,
            "eps": 0.86,
            "eps_growth_year": -41.1,
            "eps_4q": 4.42,
            "eps_4q_growth_year": null,
            "roe": 2.8,
            "roe_4q": 17.27,
            "gross_profit": 387838,
            "gross_margin": 42.98,
            "gross_margin_4q_avg": 37.02,
            "net_income": 72998,
            "revenue": 902352,
            "common_shares": 789350,
            "book_valuer_per_share": 37.2,
            "book_valuer_per_share_4q_avg": 32.17,
            "equity": 2955000,
            "current_ratio": 441.87,
            "debt_ratio": 20.7,
            "inventory_turnover_ratio": 0.61,
            "account_receivable_turnover_ratio": 1.3,
            "reinvestment_rate": null,
            "research_to_sale_ratio": null,
            "price_fair": 181.42,
            "eps_avg_yearly": 5.35,
            "eps_latest_yearly": 3.44,
            "eps_growth_yearly": 23.9
        },
        "20101": {
            "year_quarter": 20101,
            "year": 2010,
            "quarter": 1,
            "eps": 0.48,
            "eps_growth_year": -33.33,
            "eps_4q": 4.55,
            "eps_4q_growth_year": null,
            "roe": 1.26,
            "roe_4q": 16.119999999999997,
            "gross_profit": 283000,
            "gross_margin": 40.75,
            "gross_margin_4q_avg": 39.68,
            "net_income": 37385,
            "revenue": 694551,
            "common_shares": 795050,
            "book_valuer_per_share": 37.33,
            "book_valuer_per_share_4q_avg": 33.89,
            "equity": 2985542,
            "current_ratio": 414.39,
            "debt_ratio": 21.64,
            "inventory_turnover_ratio": 0.51,
            "account_receivable_turnover_ratio": 2.52,
            "reinvestment_rate": null,
            "research_to_sale_ratio": 5.08,
            "price_fair": 14.34,
            "eps_avg_yearly": 4.78,
            "eps_latest_yearly": 1.92,
            "eps_growth_yearly": -9.54
        },
        "20102": {
            "year_quarter": 20102,
            "year": 2010,
            "quarter": 2,
            "eps": 1.64,
            "eps_growth_year": -1.34,
            "eps_4q": 4.69,
            "eps_4q_growth_year": -12.4,
            "roe": 4.4,
            "roe_4q": 14.98,
            "gross_profit": 459520,
            "gross_margin": 41.99,
            "gross_margin_4q_avg": 41.95,
            "net_income": 128544,
            "revenue": 1094292,
            "common_shares": 795050,
            "book_valuer_per_share": 35.79,
            "book_valuer_per_share_4q_avg": 35.44,
            "equity": 2861439,
            "current_ratio": 278.6,
            "debt_ratio": 32.41,
            "inventory_turnover_ratio": 0.67,
            "account_receivable_turnover_ratio": 1.58,
            "reinvestment_rate": null,
            "research_to_sale_ratio": 3.59,
            "price_fair": 176.2,
            "eps_avg_yearly": 5.03,
            "eps_latest_yearly": 6.56,
            "eps_growth_yearly": 129.92
        },
        "20103": {
            "year_quarter": 20103,
            "year": 2010,
            "quarter": 3,
            "eps": 1.68,
            "eps_growth_year": -15.54,
            "eps_4q": 4.57,
            "eps_4q_growth_year": -20.78,
            "roe": 4.63,
            "roe_4q": 13.09,
            "gross_profit": 502884,
            "gross_margin": 42.21,
            "gross_margin_4q_avg": 41.98,
            "net_income": 135397,
            "revenue": 1191290,
            "common_shares": 795050,
            "book_valuer_per_share": 37.37,
            "book_valuer_per_share_4q_avg": 36.92,
            "equity": 2989055,
            "current_ratio": 315.34,
            "debt_ratio": 29.01,
            "inventory_turnover_ratio": 0.61,
            "account_receivable_turnover_ratio": 1.42,
            "reinvestment_rate": null,
            "research_to_sale_ratio": 3.56,
            "price_fair": 183.58,
            "eps_avg_yearly": 5.25,
            "eps_latest_yearly": 6.72,
            "eps_growth_yearly": 114.9
        },
        "20104": {
            "year_quarter": 20104,
            "year": 2010,
            "quarter": 4,
            "eps": 1.22,
            "eps_growth_year": 41.64,
            "eps_4q": 4.99,
            "eps_4q_growth_year": 12.93,
            "roe": 2.91,
            "roe_4q": 13.200000000000001,
            "gross_profit": 429467,
            "gross_margin": 38.14,
            "gross_margin_4q_avg": 40.77,
            "net_income": 87955,
            "revenue": 1125960,
            "common_shares": 795050,
            "book_valuer_per_share": 38.05,
            "book_valuer_per_share_4q_avg": 37.14,
            "equity": 3050438,
            "current_ratio": 386.61,
            "debt_ratio": 24.12,
            "inventory_turnover_ratio": 0.61,
            "account_receivable_turnover_ratio": 1.41,
            "reinvestment_rate": null,
            "research_to_sale_ratio": 3.57,
            "price_fair": 182.16,
            "eps_avg_yearly": 5.2,
            "eps_latest_yearly": 4.88,
            "eps_growth_yearly": 89.96
        },
        "20111": {
            "year_quarter": 20111,
            "year": 2011,
            "quarter": 1,
            "eps": 0.62,
            "eps_growth_year": 29.17,
            "eps_4q": 5.22,
            "eps_4q_growth_year": 14.73,
            "roe": 1.33,
            "roe_4q": 13.270000000000001,
            "gross_profit": 342759,
            "gross_margin": 41.37,
            "gross_margin_4q_avg": 40.93,
            "net_income": 40195,
            "revenue": 828459,
            "common_shares": 799540,
            "book_valuer_per_share": 38.25,
            "book_valuer_per_share_4q_avg": 37.37,
            "equity": 3010533,
            "current_ratio": 449.11,
            "debt_ratio": 20.85,
            "inventory_turnover_ratio": 0.46,
            "account_receivable_turnover_ratio": 1.2,
            "reinvestment_rate": null,
            "research_to_sale_ratio": 5.58,
            "price_fair": 172.62,
            "eps_avg_yearly": 4.93,
            "eps_latest_yearly": 2.48,
            "eps_growth_yearly": 61.29
        },
        "20112": {
            "year_quarter": 20112,
            "year": 2011,
            "quarter": 2,
            "eps": 0.89,
            "eps_growth_year": -45.9,
            "eps_4q": 4.46,
            "eps_4q_growth_year": -4.9,
            "roe": 2.31,
            "roe_4q": 11.18,
            "gross_profit": 391986,
            "gross_margin": 37.89,
            "gross_margin_4q_avg": 39.9,
            "net_income": 67073,
            "revenue": 1034433,
            "common_shares": 784860,
            "book_valuer_per_share": 35.49,
            "book_valuer_per_share_4q_avg": 37.29,
            "equity": 2790891,
            "current_ratio": 303.43,
            "debt_ratio": 30.8,
            "inventory_turnover_ratio": 0.6,
            "account_receivable_turnover_ratio": 1.52,
            "reinvestment_rate": null,
            "research_to_sale_ratio": 4.37,
            "price_fair": 168.25,
            "eps_avg_yearly": 4.81,
            "eps_latest_yearly": 3.56,
            "eps_growth_yearly": 71.56
        },
        "20113": {
            "year_quarter": 20113,
            "year": 2011,
            "quarter": 3,
            "eps": 1.27,
            "eps_growth_year": -24.42,
            "eps_4q": 4.02,
            "eps_4q_growth_year": -12.03,
            "roe": 3.51,
            "roe_4q": 10.06,
            "gross_profit": 457374,
            "gross_margin": 39.11,
            "gross_margin_4q_avg": 39.13,
            "net_income": 100545,
            "revenue": 1169601,
            "common_shares": 785030,
            "book_valuer_per_share": 37.3,
            "book_valuer_per_share_4q_avg": 37.27,
            "equity": 2934524,
            "current_ratio": 318.29,
            "debt_ratio": 29.13,
            "inventory_turnover_ratio": 0.61,
            "account_receivable_turnover_ratio": 1.43,
            "reinvestment_rate": null,
            "research_to_sale_ratio": 4.18,
            "price_fair": 169.05,
            "eps_avg_yearly": 4.83,
            "eps_latest_yearly": 5.08,
            "eps_growth_yearly": 79.82
        },
        "20114": {
            "year_quarter": 20114,
            "year": 2011,
            "quarter": 4,
            "eps": 1.07,
            "eps_growth_year": -12.42,
            "eps_4q": 3.84,
            "eps_4q_growth_year": -23.19,
            "roe": 2.79,
            "roe_4q": 9.94,
            "gross_profit": 444131,
            "gross_margin": 36.52,
            "gross_margin_4q_avg": 38.72,
            "net_income": 82968,
            "revenue": 1216173,
            "common_shares": 785080,
            "book_valuer_per_share": 38.21,
            "book_valuer_per_share_4q_avg": 37.31,
            "equity": 3020783,
            "current_ratio": 335.36,
            "debt_ratio": 27.86,
            "inventory_turnover_ratio": 0.61,
            "account_receivable_turnover_ratio": 1.45,
            "reinvestment_rate": null,
            "research_to_sale_ratio": 4.06,
            "price_fair": 167.57,
            "eps_avg_yearly": 4.79,
            "eps_latest_yearly": 4.28,
            "eps_growth_yearly": 68.84
        },
        "20121": {
            "year_quarter": 20121,
            "year": 2012,
            "quarter": 1,
            "eps": 0.96,
            "eps_growth_year": 54.84,
            "eps_4q": 4.16,
            "eps_4q_growth_year": -20.16,
            "roe": 2.42,
            "roe_4q": 11.03,
            "gross_profit": 395347,
            "gross_margin": 39.62,
            "gross_margin_4q_avg": 38.29,
            "net_income": 74045,
            "revenue": 997922,
            "common_shares": 789160,
            "book_valuer_per_share": 38.96,
            "book_valuer_per_share_4q_avg": 37.49,
            "equity": 3086230,
            "current_ratio": 366.11,
            "debt_ratio": 25.71,
            "inventory_turnover_ratio": 0.46,
            "account_receivable_turnover_ratio": 0.77,
            "reinvestment_rate": null,
            "research_to_sale_ratio": 4.96,
            "price_fair": 165.2,
            "eps_avg_yearly": 4.72,
            "eps_latest_yearly": 3.84,
            "eps_growth_yearly": 60.98
        },
        "20122": {
            "year_quarter": 20122,
            "year": 2012,
            "quarter": 2,
            "eps": 1.37,
            "eps_growth_year": 54.83,
            "eps_4q": 4.65,
            "eps_4q_growth_year": 4.41,
            "roe": 3.46,
            "roe_4q": 12.18,
            "gross_profit": 480208,
            "gross_margin": 37.46,
            "gross_margin_4q_avg": 38.18,
            "net_income": 103873,
            "revenue": 1281902,
            "common_shares": 791180,
            "book_valuer_per_share": 36.78,
            "book_valuer_per_share_4q_avg": 37.81,
            "equity": 2913083,
            "current_ratio": 288.18,
            "debt_ratio": 31.9,
            "inventory_turnover_ratio": 0.62,
            "account_receivable_turnover_ratio": 0.67,
            "reinvestment_rate": 73.19,
            "research_to_sale_ratio": 4.3,
            "price_fair": 166.97,
            "eps_avg_yearly": 4.77,
            "eps_latest_yearly": 5.48,
            "eps_growth_yearly": 68.31
        },
        "20123": {
            "year_quarter": 20123,
            "year": 2012,
            "quarter": 3,
            "eps": 1.48,
            "eps_growth_year": 16.26,
            "eps_4q": 4.87,
            "eps_4q_growth_year": 21.05,
            "roe": 3.98,
            "roe_4q": 12.649999999999999,
            "gross_profit": 533011,
            "gross_margin": 39.85,
            "gross_margin_4q_avg": 38.36,
            "net_income": 118129,
            "revenue": 1337482,
            "common_shares": 792420,
            "book_valuer_per_share": 38.17,
            "book_valuer_per_share_4q_avg": 38.03,
            "equity": 3024245,
            "current_ratio": 314.37,
            "debt_ratio": 29,
            "inventory_turnover_ratio": 0.64,
            "account_receivable_turnover_ratio": 0.64,
            "reinvestment_rate": 65.28,
            "research_to_sale_ratio": 3.98,
            "price_fair": 169.49,
            "eps_avg_yearly": 4.84,
            "eps_latest_yearly": 5.92,
            "eps_growth_yearly": 66.05
        },
        "20124": {
            "year_quarter": 20124,
            "year": 2012,
            "quarter": 4,
            "eps": 1.18,
            "eps_growth_year": 10.7,
            "eps_4q": 4.99,
            "eps_4q_growth_year": 30.07,
            "roe": 3.04,
            "roe_4q": 12.9,
            "gross_profit": 509115,
            "gross_margin": 39.86,
            "gross_margin_4q_avg": 39.2,
            "net_income": 93463,
            "revenue": 1277243,
            "common_shares": 792420,
            "book_valuer_per_share": 39.32,
            "book_valuer_per_share_4q_avg": 38.31,
            "equity": 3115486,
            "current_ratio": 304.25,
            "debt_ratio": 30.14,
            "inventory_turnover_ratio": 0.56,
            "account_receivable_turnover_ratio": 0.62,
            "reinvestment_rate": 60.09,
            "research_to_sale_ratio": 4.7,
            "price_fair": 167.04,
            "eps_avg_yearly": 4.77,
            "eps_latest_yearly": 4.72,
            "eps_growth_yearly": 64.25
        },
        "20131": {
            "year_quarter": 20131,
            "year": 2013,
            "quarter": 1,
            "eps": 1.33,
            "eps_growth_year": 38.54,
            "eps_4q": 5.36,
            "eps_4q_growth_year": 28.71,
            "roe": 3.2,
            "roe_4q": 13.68,
            "gross_profit": 446781,
            "gross_margin": 41.32,
            "gross_margin_4q_avg": 39.62,
            "net_income": 102026,
            "revenue": 1081222,
            "common_shares": 792450,
            "book_valuer_per_share": 41.32,
            "book_valuer_per_share_4q_avg": 38.9,
            "equity": 3270336,
            "current_ratio": 351.3,
            "debt_ratio": 25.45,
            "inventory_turnover_ratio": 0.44,
            "account_receivable_turnover_ratio": 0.8,
            "reinvestment_rate": 11.16,
            "research_to_sale_ratio": 5.07,
            "price_fair": 172.38,
            "eps_avg_yearly": 4.93,
            "eps_latest_yearly": 5.32,
            "eps_growth_yearly": 80.1
        },
        "20132": {
            "year_quarter": 20132,
            "year": 2013,
            "quarter": 2,
            "eps": 0.84,
            "eps_growth_year": -38.77,
            "eps_4q": 4.83,
            "eps_4q_growth_year": 3.77,
            "roe": 2.04,
            "roe_4q": 12.260000000000002,
            "gross_profit": 497064,
            "gross_margin": 42.41,
            "gross_margin_4q_avg": 40.86,
            "net_income": 64495,
            "revenue": 1172031,
            "common_shares": 792480,
            "book_valuer_per_share": 38.48,
            "book_valuer_per_share_4q_avg": 39.32,
            "equity": 3043398,
            "current_ratio": 275.28,
            "debt_ratio": 32.43,
            "inventory_turnover_ratio": 0.46,
            "account_receivable_turnover_ratio": 1.59,
            "reinvestment_rate": 11.58,
            "research_to_sale_ratio": 5.97,
            "price_fair": 165.2,
            "eps_avg_yearly": 4.72,
            "eps_latest_yearly": 3.36,
            "eps_growth_yearly": 38.25
        },
        "20133": {
            "year_quarter": 20133,
            "year": 2013,
            "quarter": 3,
            "eps": 1.59,
            "eps_growth_year": 7.66,
            "eps_4q": 4.94,
            "eps_4q_growth_year": 1.39,
            "roe": 4.02,
            "roe_4q": 12.3,
            "gross_profit": 540208,
            "gross_margin": 42.18,
            "gross_margin_4q_avg": 41.44,
            "net_income": 124844,
            "revenue": 1280610,
            "common_shares": 792480,
            "book_valuer_per_share": 39.96,
            "book_valuer_per_share_4q_avg": 39.77,
            "equity": 3161408,
            "current_ratio": 289.83,
            "debt_ratio": 30.78,
            "inventory_turnover_ratio": 0.45,
            "account_receivable_turnover_ratio": 1.59,
            "reinvestment_rate": 3.93,
            "research_to_sale_ratio": 4.28,
            "price_fair": 161.7,
            "eps_avg_yearly": 4.62,
            "eps_latest_yearly": 6.36,
            "eps_growth_yearly": 55.6
        },
        "20134": {
            "year_quarter": 20134,
            "year": 2013,
            "quarter": 4,
            "eps": 1.6,
            "eps_growth_year": 35.52,
            "eps_4q": 5.36,
            "eps_4q_growth_year": 7.39,
            "roe": 3.74,
            "roe_4q": 13,
            "gross_profit": 547994,
            "gross_margin": 39.77,
            "gross_margin_4q_avg": 41.42,
            "net_income": 120682,
            "revenue": 1377764,
            "common_shares": 792500,
            "book_valuer_per_share": 41.75,
            "book_valuer_per_share_4q_avg": 40.38,
            "equity": 3296927,
            "current_ratio": 256.69,
            "debt_ratio": 35.09,
            "inventory_turnover_ratio": 0.49,
            "account_receivable_turnover_ratio": 1.6,
            "reinvestment_rate": 0.18,
            "research_to_sale_ratio": 5.02,
            "price_fair": 168.18,
            "eps_avg_yearly": 4.81,
            "eps_latest_yearly": 6.4,
            "eps_growth_yearly": 69.96
        },
        "20141": {
            "year_quarter": 20141,
            "year": 2014,
            "quarter": 1,
            "eps": 0.94,
            "eps_growth_year": -29.32,
            "eps_4q": 4.92,
            "eps_4q_growth_year": -8.23,
            "roe": 2.05,
            "roe_4q": 11.849999999999998,
            "gross_profit": 439703,
            "gross_margin": 39.51,
            "gross_margin_4q_avg": 40.97,
            "net_income": 68725,
            "revenue": 1112839,
            "common_shares": 792530,
            "book_valuer_per_share": 42.91,
            "book_valuer_per_share_4q_avg": 40.78,
            "equity": 3413746,
            "current_ratio": 268.86,
            "debt_ratio": 33.65,
            "inventory_turnover_ratio": 0.44,
            "account_receivable_turnover_ratio": 1.34,
            "reinvestment_rate": -2.18,
            "research_to_sale_ratio": 4.63,
            "price_fair": 172.2,
            "eps_avg_yearly": 4.92,
            "eps_latest_yearly": 3.76,
            "eps_growth_yearly": 70.69
        },
        "20142": {
            "year_quarter": 20142,
            "year": 2014,
            "quarter": 2,
            "eps": 0.7,
            "eps_growth_year": -16.67,
            "eps_4q": 4.78,
            "eps_4q_growth_year": -0.98,
            "roe": 1.67,
            "roe_4q": 11.48,
            "gross_profit": 539256,
            "gross_margin": 40.73,
            "gross_margin_4q_avg": 40.55,
            "net_income": 54677,
            "revenue": 1323862,
            "common_shares": 799500,
            "book_valuer_per_share": 39.37,
            "book_valuer_per_share_4q_avg": 41,
            "equity": 3133856,
            "current_ratio": 232.05,
            "debt_ratio": 38.82,
            "inventory_turnover_ratio": 0.54,
            "account_receivable_turnover_ratio": 1.58,
            "reinvestment_rate": -1.93,
            "research_to_sale_ratio": 4.02,
            "price_fair": 65.08,
            "eps_avg_yearly": 4.69,
            "eps_latest_yearly": 2.8,
            "eps_growth_yearly": 3.89
        },
        "20143": {
            "year_quarter": 20143,
            "year": 2014,
            "quarter": 3,
            "eps": 2.01,
            "eps_growth_year": 26.42,
            "eps_4q": 5.22,
            "eps_4q_growth_year": 5.71,
            "roe": 5.12,
            "roe_4q": 12.58,
            "gross_profit": 603785,
            "gross_margin": 43.53,
            "gross_margin_4q_avg": 40.89,
            "net_income": 165011,
            "revenue": 1386940,
            "common_shares": 800410,
            "book_valuer_per_share": 41.48,
            "book_valuer_per_share_4q_avg": 41.38,
            "equity": 3307558,
            "current_ratio": 240.6,
            "debt_ratio": 37.38,
            "inventory_turnover_ratio": 0.5,
            "account_receivable_turnover_ratio": 1.46,
            "reinvestment_rate": -2.07,
            "research_to_sale_ratio": 3.84,
            "price_fair": 166.86,
            "eps_avg_yearly": 4.77,
            "eps_latest_yearly": 8.04,
            "eps_growth_yearly": 50.07
        },
        "20144": {
            "year_quarter": 20144,
            "year": 2014,
            "quarter": 4,
            "eps": 1.99,
            "eps_growth_year": 24.14,
            "eps_4q": 5.62,
            "eps_4q_growth_year": 4.94,
            "roe": 4.59,
            "roe_4q": 13.43,
            "gross_profit": 593054,
            "gross_margin": 42.63,
            "gross_margin_4q_avg": 41.6,
            "net_income": 155965,
            "revenue": 1391063,
            "common_shares": 800650,
            "book_valuer_per_share": 43.78,
            "book_valuer_per_share_4q_avg": 41.89,
            "equity": 3488435,
            "current_ratio": 263.63,
            "debt_ratio": 34.5,
            "inventory_turnover_ratio": 0.48,
            "account_receivable_turnover_ratio": 1.4,
            "reinvestment_rate": -1.69,
            "research_to_sale_ratio": 4.31,
            "price_fair": 173.6,
            "eps_avg_yearly": 4.96,
            "eps_latest_yearly": 7.96,
            "eps_growth_yearly": 56.66
        },
        "20151": {
            "year_quarter": 20151,
            "year": 2015,
            "quarter": 1,
            "eps": 0.4,
            "eps_growth_year": -57.45,
            "eps_4q": 5.06,
            "eps_4q_growth_year": 2.83,
            "roe": 0.85,
            "roe_4q": 12.229999999999999,
            "gross_profit": 523482,
            "gross_margin": 43.25,
            "gross_margin_4q_avg": 42.54,
            "net_income": 29871,
            "revenue": 1210407,
            "common_shares": 800755,
            "book_valuer_per_share": 43.85,
            "book_valuer_per_share_4q_avg": 42.12,
            "equity": 3514259,
            "current_ratio": 257.23,
            "debt_ratio": 35.11,
            "inventory_turnover_ratio": 0.41,
            "account_receivable_turnover_ratio": 1.31,
            "reinvestment_rate": 0.13,
            "research_to_sale_ratio": 4.66,
            "price_fair": 171.68,
            "eps_avg_yearly": 4.91,
            "eps_latest_yearly": 1.6,
            "eps_growth_yearly": 48.98
        },
        "20152": {
            "year_quarter": 20152,
            "year": 2015,
            "quarter": 2,
            "eps": 1.55,
            "eps_growth_year": 121.43,
            "eps_4q": 5.9,
            "eps_4q_growth_year": 23.45,
            "roe": 3.7,
            "roe_4q": 14.260000000000002,
            "gross_profit": 714135,
            "gross_margin": 42.96,
            "gross_margin_4q_avg": 43.09,
            "net_income": 125891,
            "revenue": 1662336,
            "common_shares": 805800,
            "book_valuer_per_share": 40.95,
            "book_valuer_per_share_4q_avg": 42.52,
            "equity": 3290564,
            "current_ratio": 213.84,
            "debt_ratio": 42.22,
            "inventory_turnover_ratio": 0.56,
            "account_receivable_turnover_ratio": 1.61,
            "reinvestment_rate": 0.19,
            "research_to_sale_ratio": 3.18,
            "price_fair": 177.45,
            "eps_avg_yearly": 5.07,
            "eps_latest_yearly": 6.2,
            "eps_growth_yearly": 109.97
        },
        "20153": {
            "year_quarter": 20153,
            "year": 2015,
            "quarter": 3,
            "eps": 3.66,
            "eps_growth_year": 82.09,
            "eps_4q": 7.56,
            "eps_4q_growth_year": 44.87,
            "roe": 8.59,
            "roe_4q": 17.729999999999997,
            "gross_profit": 753085,
            "gross_margin": 43.5,
            "gross_margin_4q_avg": 43.09,
            "net_income": 297780,
            "revenue": 1731214,
            "common_shares": 807735,
            "book_valuer_per_share": 45.28,
            "book_valuer_per_share_4q_avg": 43.47,
            "equity": 3645977,
            "current_ratio": 256.72,
            "debt_ratio": 35.3,
            "inventory_turnover_ratio": 0.55,
            "account_receivable_turnover_ratio": 1.39,
            "reinvestment_rate": -0.02,
            "research_to_sale_ratio": 3.16,
            "price_fair": 198.36,
            "eps_avg_yearly": 5.67,
            "eps_latest_yearly": 14.64,
            "eps_growth_yearly": 133.33
        },
        "20154": {
            "year_quarter": 20154,
            "year": 2015,
            "quarter": 4,
            "eps": 1.83,
            "eps_growth_year": -7.98,
            "eps_4q": 7.42,
            "eps_4q_growth_year": 31.94,
            "roe": 3.98,
            "roe_4q": 17.12,
            "gross_profit": 825988,
            "gross_margin": 46.17,
            "gross_margin_4q_avg": 43.97,
            "net_income": 147868,
            "revenue": 1789084,
            "common_shares": 808055,
            "book_valuer_per_share": 46.88,
            "book_valuer_per_share_4q_avg": 44.24,
            "equity": 3778245,
            "current_ratio": 317.7,
            "debt_ratio": 28.11,
            "inventory_turnover_ratio": 0.54,
            "account_receivable_turnover_ratio": 1.44,
            "reinvestment_rate": 0.08,
            "research_to_sale_ratio": 2.96,
            "price_fair": 205.01,
            "eps_avg_yearly": 5.86,
            "eps_latest_yearly": 7.32,
            "eps_growth_yearly": 124.77
        },
        "20161": {
            "year_quarter": 20161,
            "year": 2016,
            "quarter": 1,
            "eps": 1.36,
            "eps_growth_year": 240,
            "eps_4q": 8.38,
            "eps_4q_growth_year": 65.68,
            "roe": 2.92,
            "roe_4q": 19.19,
            "gross_profit": 646816,
            "gross_margin": 44.91,
            "gross_margin_4q_avg": 44.39,
            "net_income": 111592,
            "revenue": 1440311,
            "common_shares": 808625,
            "book_valuer_per_share": 48.06,
            "book_valuer_per_share_4q_avg": 45.29,
            "equity": 3878090,
            "current_ratio": 339.96,
            "debt_ratio": 26.01,
            "inventory_turnover_ratio": 0.47,
            "account_receivable_turnover_ratio": 1.32,
            "reinvestment_rate": -38.59,
            "research_to_sale_ratio": 4.28,
            "price_fair": 208.51,
            "eps_avg_yearly": 5.96,
            "eps_latest_yearly": 5.44,
            "eps_growth_yearly": 120.92
        },
        "20162": {
            "year_quarter": 20162,
            "year": 2016,
            "quarter": 2,
            "eps": 2.78,
            "eps_growth_year": 79.35,
            "eps_4q": 9.62,
            "eps_4q_growth_year": 63.04,
            "roe": 5.99,
            "roe_4q": 21.48,
            "gross_profit": 895918,
            "gross_margin": 46.06,
            "gross_margin_4q_avg": 45.16,
            "net_income": 228084,
            "revenue": 1945232,
            "common_shares": 808925,
            "book_valuer_per_share": 46.21,
            "book_valuer_per_share_4q_avg": 46.61,
            "equity": 3731820,
            "current_ratio": 263.58,
            "debt_ratio": 33.9,
            "inventory_turnover_ratio": 0.63,
            "account_receivable_turnover_ratio": 1.67,
            "reinvestment_rate": -40.23,
            "research_to_sale_ratio": 3.4,
            "price_fair": 220.85,
            "eps_avg_yearly": 6.31,
            "eps_latest_yearly": 11.12,
            "eps_growth_yearly": 136.34
        },
        "20163": {
            "year_quarter": 20163,
            "year": 2016,
            "quarter": 3,
            "eps": 2.08,
            "eps_growth_year": -43.17,
            "eps_4q": 8.05,
            "eps_4q_growth_year": 6.45,
            "roe": 4.5,
            "roe_4q": 17.39,
            "gross_profit": 814682,
            "gross_margin": 46.71,
            "gross_margin_4q_avg": 45.96,
            "net_income": 171076,
            "revenue": 1744014,
            "common_shares": 808975,
            "book_valuer_per_share": 47.9,
            "book_valuer_per_share_4q_avg": 47.26,
            "equity": 3871591,
            "current_ratio": 293.54,
            "debt_ratio": 30.25,
            "inventory_turnover_ratio": 0.55,
            "account_receivable_turnover_ratio": 1.44,
            "reinvestment_rate": -39.88,
            "research_to_sale_ratio": 3.63,
            "price_fair": 226.1,
            "eps_avg_yearly": 6.46,
            "eps_latest_yearly": 8.32,
            "eps_growth_yearly": 128.04
        },
        "20164": {
            "year_quarter": 20164,
            "year": 2016,
            "quarter": 4,
            "eps": 2.79,
            "eps_growth_year": 52.75,
            "eps_4q": 9.01,
            "eps_4q_growth_year": 21.51,
            "roe": 5.48,
            "roe_4q": 18.89,
            "gross_profit": 863861,
            "gross_margin": 46.1,
            "gross_margin_4q_avg": 45.95,
            "net_income": 218362,
            "revenue": 1873787,
            "common_shares": 809025,
            "book_valuer_per_share": 50.69,
            "book_valuer_per_share_4q_avg": 48.22,
            "equity": 4091177,
            "current_ratio": 316.82,
            "debt_ratio": 28.45,
            "inventory_turnover_ratio": 0.59,
            "account_receivable_turnover_ratio": 1.7,
            "reinvestment_rate": -38.32,
            "research_to_sale_ratio": 4.15,
            "price_fair": 240.19,
            "eps_avg_yearly": 6.86,
            "eps_latest_yearly": 11.16,
            "eps_growth_yearly": 141.64
        },
        "20171": {
            "year_quarter": 20171,
            "year": 2017,
            "quarter": 1,
            "eps": 0.62,
            "eps_growth_year": -54.41,
            "eps_4q": 8.28,
            "eps_4q_growth_year": -1.25,
            "roe": 1.22,
            "roe_4q": 17.189999999999998,
            "gross_profit": 775716,
            "gross_margin": 47.13,
            "gross_margin_4q_avg": 46.5,
            "net_income": 50062,
            "revenue": 1645828,
            "common_shares": 809280,
            "book_valuer_per_share": 50.68,
            "book_valuer_per_share_4q_avg": 48.87,
            "equity": 4091355,
            "current_ratio": 152.26,
            "debt_ratio": 43.92,
            "inventory_turnover_ratio": 0.51,
            "account_receivable_turnover_ratio": 1.44,
            "reinvestment_rate": -2.4,
            "research_to_sale_ratio": 4.27,
            "price_fair": 233.98,
            "eps_avg_yearly": 6.69,
            "eps_latest_yearly": 2.48,
            "eps_growth_yearly": 119.02
        },
        "20172": {
            "year_quarter": 20172,
            "year": 2017,
            "quarter": 2,
            "eps": 2.67,
            "eps_growth_year": -3.96,
            "eps_4q": 8.17,
            "eps_4q_growth_year": -15.09,
            "roe": 5.35,
            "roe_4q": 16.55,
            "gross_profit": 857104,
            "gross_margin": 44.86,
            "gross_margin_4q_avg": 46.2,
            "net_income": 214792,
            "revenue": 1910601,
            "common_shares": 809510,
            "book_valuer_per_share": 48.8,
            "book_valuer_per_share_4q_avg": 49.52,
            "equity": 3937893,
            "current_ratio": 136.6,
            "debt_ratio": 53.38,
            "inventory_turnover_ratio": 0.61,
            "account_receivable_turnover_ratio": 1.44,
            "reinvestment_rate": -1.22,
            "research_to_sale_ratio": 4.17,
            "price_fair": 249.99,
            "eps_avg_yearly": 7.14,
            "eps_latest_yearly": 10.68,
            "eps_growth_yearly": 210.89
        },
        "20173": {
            "year_quarter": 20173,
            "year": 2017,
            "quarter": 3,
            "eps": 2.67,
            "eps_growth_year": 28.37,
            "eps_4q": 8.76,
            "eps_4q_growth_year": 8.8,
            "roe": 5.38,
            "roe_4q": 17.43,
            "gross_profit": 930361,
            "gross_margin": 43.5,
            "gross_margin_4q_avg": 45.4,
            "net_income": 217961,
            "revenue": 2138727,
            "common_shares": 809510,
            "book_valuer_per_share": 51.55,
            "book_valuer_per_share_4q_avg": 50.43,
            "equity": 4162339,
            "current_ratio": 146.16,
            "debt_ratio": 53.09,
            "inventory_turnover_ratio": 0.68,
            "account_receivable_turnover_ratio": 1.37,
            "reinvestment_rate": 51.95,
            "research_to_sale_ratio": 3.93,
            "price_fair": 259.44,
            "eps_avg_yearly": 7.41,
            "eps_latest_yearly": 10.68,
            "eps_growth_yearly": 188.57
        },
        "20174": {
            "year_quarter": 20174,
            "year": 2017,
            "quarter": 4,
            "eps": 1.14,
            "eps_growth_year": -59.2,
            "eps_4q": 7.11,
            "eps_4q_growth_year": -21.16,
            "roe": 2.21,
            "roe_4q": 14.16,
            "gross_profit": 879301,
            "gross_margin": 41.82,
            "gross_margin_4q_avg": 44.33,
            "net_income": 92892,
            "revenue": 2102380,
            "common_shares": 809510,
            "book_valuer_per_share": 52.45,
            "book_valuer_per_share_4q_avg": 50.87,
            "equity": 4228290,
            "current_ratio": 153.99,
            "debt_ratio": 53.22,
            "inventory_turnover_ratio": 0.66,
            "account_receivable_turnover_ratio": 1.34,
            "reinvestment_rate": 53.92,
            "research_to_sale_ratio": 4.38,
            "price_fair": 255.41,
            "eps_avg_yearly": 7.3,
            "eps_latest_yearly": 4.56,
            "eps_growth_yearly": 174.09
        },
        "20181": {
            "year_quarter": 20181,
            "year": 2018,
            "quarter": 1,
            "eps": 0.71,
            "eps_growth_year": 14.52,
            "eps_4q": 7.19,
            "eps_4q_growth_year": -13.11,
            "roe": 1.3,
            "roe_4q": 14.24,
            "gross_profit": 756457,
            "gross_margin": 43.16,
            "gross_margin_4q_avg": 43.34,
            "net_income": 55391,
            "revenue": 1752741,
            "common_shares": 809510,
            "book_valuer_per_share": 53.19,
            "book_valuer_per_share_4q_avg": 51.5,
            "equity": 4286271,
            "current_ratio": 159.29,
            "debt_ratio": 51.74,
            "inventory_turnover_ratio": 0.51,
            "account_receivable_turnover_ratio": 1.16,
            "reinvestment_rate": 55.75,
            "research_to_sale_ratio": 4.65,
            "price_fair": 253.4,
            "eps_avg_yearly": 7.24,
            "eps_latest_yearly": 2.84,
            "eps_growth_yearly": 174.97
        },
        "20182": {
            "year_quarter": 20182,
            "year": 2018,
            "quarter": 2,
            "eps": 2.71,
            "eps_growth_year": 1.5,
            "eps_4q": 7.23,
            "eps_4q_growth_year": -11.52,
            "roe": 5.21,
            "roe_4q": 14.099999999999998,
            "gross_profit": 873155,
            "gross_margin": 42.08,
            "gross_margin_4q_avg": 42.64,
            "net_income": 218779,
            "revenue": 2075083,
            "common_shares": 809510,
            "book_valuer_per_share": 51.09,
            "book_valuer_per_share_4q_avg": 52.07,
            "equity": 4115566,
            "current_ratio": 147.27,
            "debt_ratio": 55.23,
            "inventory_turnover_ratio": 0.6,
            "account_receivable_turnover_ratio": 1.29,
            "reinvestment_rate": 51.89,
            "research_to_sale_ratio": 4.55,
            "price_fair": 270.99,
            "eps_avg_yearly": 7.74,
            "eps_latest_yearly": 10.84,
            "eps_growth_yearly": 251.77
        },
        "20183": {
            "year_quarter": 20183,
            "year": 2018,
            "quarter": 3,
            "eps": 2.98,
            "eps_growth_year": 11.61,
            "eps_4q": 7.54,
            "eps_4q_growth_year": -13.9,
            "roe": 5.89,
            "roe_4q": 14.61,
            "gross_profit": 1021284,
            "gross_margin": 43.36,
            "gross_margin_4q_avg": 42.61,
            "net_income": 249434,
            "revenue": 2355246,
            "common_shares": 809510,
            "book_valuer_per_share": 53.95,
            "book_valuer_per_share_4q_avg": 52.67,
            "equity": 4355058,
            "current_ratio": 152.88,
            "debt_ratio": 53.67,
            "inventory_turnover_ratio": 0.64,
            "account_receivable_turnover_ratio": 1.29,
            "reinvestment_rate": 51.98,
            "research_to_sale_ratio": 4.05,
            "price_fair": 279.48,
            "eps_avg_yearly": 7.99,
            "eps_latest_yearly": 11.92,
            "eps_growth_yearly": 207.48
        },
        "20184": {
            "year_quarter": 20184,
            "year": 2018,
            "quarter": 4,
            "eps": 0.82,
            "eps_growth_year": -27.91,
            "eps_4q": 7.22,
            "eps_4q_growth_year": 1.65,
            "roe": 1.58,
            "roe_4q": 13.98,
            "gross_profit": 838976,
            "gross_margin": 39.01,
            "gross_margin_4q_avg": 41.9,
            "net_income": 69186,
            "revenue": 2150424,
            "common_shares": 809510,
            "book_valuer_per_share": 54.77,
            "book_valuer_per_share_4q_avg": 53.25,
            "equity": 4424318,
            "current_ratio": 141.82,
            "debt_ratio": 53.08,
            "inventory_turnover_ratio": 0.57,
            "account_receivable_turnover_ratio": 1.2,
            "reinvestment_rate": 55.18,
            "research_to_sale_ratio": 4.57,
            "price_fair": 269.24,
            "eps_avg_yearly": 7.69,
            "eps_latest_yearly": 3.28,
            "eps_growth_yearly": 189.61
        },
        "20191": {
            "year_quarter": 20191,
            "year": 2019,
            "quarter": 1,
            "eps": 0.78,
            "eps_growth_year": 9.86,
            "eps_4q": 7.3,
            "eps_4q_growth_year": 1.5,
            "roe": 1.53,
            "roe_4q": 14.21,
            "gross_profit": 777955,
            "gross_margin": 39.42,
            "gross_margin_4q_avg": 40.97,
            "net_income": 68096,
            "revenue": 1973491,
            "common_shares": 809510,
            "book_valuer_per_share": 55.7,
            "book_valuer_per_share_4q_avg": 53.88,
            "equity": 4503883,
            "current_ratio": 139.39,
            "debt_ratio": 53.38,
            "inventory_turnover_ratio": 0.47,
            "account_receivable_turnover_ratio": 1.14,
            "reinvestment_rate": 54.63,
            "research_to_sale_ratio": 4.54,
            "price_fair": 272.56,
            "eps_avg_yearly": 7.79,
            "eps_latest_yearly": 3.12,
            "eps_growth_yearly": 208.36
        },
        "20192": {
            "year_quarter": 20192,
            "year": 2019,
            "quarter": 2,
            "eps": 3.12,
            "eps_growth_year": 15.13,
            "eps_4q": 7.71,
            "eps_4q_growth_year": 6.7,
            "roe": 5.81,
            "roe_4q": 14.809999999999999,
            "gross_profit": 1050805,
            "gross_margin": 44.81,
            "gross_margin_4q_avg": 41.65,
            "net_income": 256662,
            "revenue": 2345144,
            "common_shares": 809510,
            "book_valuer_per_share": 53.55,
            "book_valuer_per_share_4q_avg": 54.49,
            "equity": 4333562,
            "current_ratio": 132.58,
            "debt_ratio": 55.74,
            "inventory_turnover_ratio": 0.49,
            "account_receivable_turnover_ratio": 1.25,
            "reinvestment_rate": 47.75,
            "research_to_sale_ratio": 4.59,
            "price_fair": 286.3,
            "eps_avg_yearly": 8.18,
            "eps_latest_yearly": 12.48,
            "eps_growth_yearly": 211.49
        },
        "20193": {
            "year_quarter": 20193,
            "year": 2019,
            "quarter": 3,
            "eps": 3.39,
            "eps_growth_year": 13.76,
            "eps_4q": 8.11,
            "eps_4q_growth_year": 7.6,
            "roe": 6.2,
            "roe_4q": 15.12,
            "gross_profit": 1096597,
            "gross_margin": 44.51,
            "gross_margin_4q_avg": 41.94,
            "net_income": 276198,
            "revenue": 2463481,
            "common_shares": 809510,
            "book_valuer_per_share": 56.58,
            "book_valuer_per_share_4q_avg": 55.15,
            "equity": 4580555,
            "current_ratio": 139.71,
            "debt_ratio": 54.74,
            "inventory_turnover_ratio": 0.53,
            "account_receivable_turnover_ratio": 1.23,
            "reinvestment_rate": 66.35,
            "research_to_sale_ratio": 3.79,
            "price_fair": 283.94,
            "eps_avg_yearly": 8.11,
            "eps_latest_yearly": 13.56,
            "eps_growth_yearly": 179.62
        },
        "20194": {
            "year_quarter": 20194,
            "year": 2019,
            "quarter": 4,
            "eps": -1.04,
            "eps_growth_year": -226.76,
            "eps_4q": 6.25,
            "eps_4q_growth_year": -13.45,
            "roe": -2.1,
            "roe_4q": 11.44,
            "gross_profit": 864420,
            "gross_margin": 33.73,
            "gross_margin_4q_avg": 40.62,
            "net_income": -94903,
            "revenue": 2562932,
            "common_shares": 809510,
            "book_valuer_per_share": 55.22,
            "book_valuer_per_share_4q_avg": 55.26,
            "equity": 4459890,
            "current_ratio": 142.07,
            "debt_ratio": 56.97,
            "inventory_turnover_ratio": 0.68,
            "account_receivable_turnover_ratio": 1.26,
            "reinvestment_rate": 72.7,
            "research_to_sale_ratio": 4.46,
            "price_fair": 285.79,
            "eps_avg_yearly": 8.17,
            "eps_latest_yearly": 13.56,
            "eps_growth_yearly": 204.93
        },
        "20201": {
            "year_quarter": 20201,
            "year": 2020,
            "quarter": 1,
            "eps": 0.51,
            "eps_growth_year": -34.62,
            "eps_4q": 5.98,
            "eps_4q_growth_year": -18.11,
            "roe": 1,
            "roe_4q": 10.91,
            "gross_profit": 757269,
            "gross_margin": 39.26,
            "gross_margin_4q_avg": 40.58,
            "net_income": 42854,
            "revenue": 1928772,
            "common_shares": 809510,
            "book_valuer_per_share": 51.25,
            "book_valuer_per_share_4q_avg": 54.15,
            "equity": 4140159,
            "current_ratio": 168.46,
            "debt_ratio": 58.1,
            "inventory_turnover_ratio": 0.5,
            "account_receivable_turnover_ratio": 1.11,
            "reinvestment_rate": 74.01,
            "research_to_sale_ratio": 4.87,
            "price_fair": 292.6,
            "eps_avg_yearly": 8.36,
            "eps_latest_yearly": 13.56,
            "eps_growth_yearly": 226.9
        },
        "20202": {
            "year_quarter": 20202,
            "year": 2020,
            "quarter": 2,
            "eps": 1.01,
            "eps_growth_year": -67.63,
            "eps_4q": 3.87,
            "eps_4q_growth_year": -49.87,
            "roe": 1.92,
            "roe_4q": 7.02,
            "gross_profit": 784133,
            "gross_margin": 39.1,
            "gross_margin_4q_avg": 39.15,
            "net_income": 79885,
            "revenue": 2005199,
            "common_shares": 809510,
            "book_valuer_per_share": 51.98,
            "book_valuer_per_share_4q_avg": 53.76,
            "equity": 4197207,
            "current_ratio": 142.79,
            "debt_ratio": 58.04,
            "inventory_turnover_ratio": 0.55,
            "account_receivable_turnover_ratio": 1.23,
            "reinvestment_rate": 78.6,
            "research_to_sale_ratio": 4.57,
            "price_fair": 274.9,
            "eps_avg_yearly": 7.85,
            "eps_latest_yearly": 4.04,
            "eps_growth_yearly": 225.08
        },
        "20203": {
            "year_quarter": 20203,
            "year": 2020,
            "quarter": 3,
            "eps": 2.89,
            "eps_growth_year": -14.75,
            "eps_4q": 3.37,
            "eps_4q_growth_year": -58.42,
            "roe": 5.37,
            "roe_4q": 6.1899999999999995,
            "gross_profit": 1165944,
            "gross_margin": 43.33,
            "gross_margin_4q_avg": 38.86,
            "net_income": 231842,
            "revenue": 2690683,
            "common_shares": 809510,
            "book_valuer_per_share": 54.95,
            "book_valuer_per_share_4q_avg": 53.35,
            "equity": 4435239,
            "current_ratio": 150.18,
            "debt_ratio": 57.92,
            "inventory_turnover_ratio": 0.69,
            "account_receivable_turnover_ratio": 1.39,
            "reinvestment_rate": 75.7,
            "research_to_sale_ratio": 3.28,
            "price_fair": 283,
            "eps_avg_yearly": 8.09,
            "eps_latest_yearly": 11.56,
            "eps_growth_yearly": 285.46
        },
        "20204": {
            "year_quarter": 20204,
            "year": 2020,
            "quarter": 4,
            "eps": 1.3,
            "eps_growth_year": null,
            "eps_4q": 5.72,
            "eps_4q_growth_year": -8.58,
            "roe": 2.63,
            "roe_4q": 10.92,
            "gross_profit": 1004074,
            "gross_margin": 39.89,
            "gross_margin_4q_avg": 40.4,
            "net_income": 118301,
            "revenue": 2516796,
            "common_shares": 809510,
            "book_valuer_per_share": 56.4,
            "book_valuer_per_share_4q_avg": 53.65,
            "equity": 4566559,
            "current_ratio": 149.32,
            "debt_ratio": 56.9,
            "inventory_turnover_ratio": 0.7,
            "account_receivable_turnover_ratio": 1.28,
            "reinvestment_rate": 70.49,
            "research_to_sale_ratio": 3.75,
            "price_fair": 268.1,
            "eps_avg_yearly": 7.66,
            "eps_latest_yearly": 5.2,
            "eps_growth_yearly": 259.99
        },
        "20211": {
            "year_quarter": 20211,
            "year": 2021,
            "quarter": 1,
            "eps": 0.9,
            "eps_growth_year": 76.47,
            "eps_4q": 6.11,
            "eps_4q_growth_year": 2.19,
            "roe": 1.69,
            "roe_4q": 11.610000000000001,
            "gross_profit": 839446,
            "gross_margin": 37.14,
            "gross_margin_4q_avg": 39.87,
            "net_income": 73903,
            "revenue": 2260109,
            "common_shares": 809510,
            "book_valuer_per_share": 51.67,
            "book_valuer_per_share_4q_avg": 53.75,
            "equity": 4183720,
            "current_ratio": 138.59,
            "debt_ratio": 59.82,
            "inventory_turnover_ratio": 0.65,
            "account_receivable_turnover_ratio": 1.27,
            "reinvestment_rate": 69.64,
            "research_to_sale_ratio": 4.26,
            "price_fair": 270.9,
            "eps_avg_yearly": 7.74,
            "eps_latest_yearly": 3.6,
            "eps_growth_yearly": 273.42
        },
        "20212": {
            "year_quarter": 20212,
            "year": 2021,
            "quarter": 2,
            "eps": 0.42,
            "eps_growth_year": -58.42,
            "eps_4q": 5.52,
            "eps_4q_growth_year": 42.71,
            "roe": 0.91,
            "roe_4q": 10.600000000000001,
            "gross_profit": 794071,
            "gross_margin": 37.57,
            "gross_margin_4q_avg": 39.48,
            "net_income": 38289,
            "revenue": 2113437,
            "common_shares": 809510,
            "book_valuer_per_share": 51.77,
            "book_valuer_per_share_4q_avg": 53.7,
            "equity": 4195494,
            "current_ratio": 138.39,
            "debt_ratio": 59.91,
            "inventory_turnover_ratio": 0.58,
            "account_receivable_turnover_ratio": 1.24,
            "reinvestment_rate": 75.23,
            "research_to_sale_ratio": 4.37,
            "price_fair": 248.4,
            "eps_avg_yearly": 7.1,
            "eps_latest_yearly": 1.68,
            "eps_growth_yearly": 163.71
        },
        "20213": {
            "year_quarter": 20213,
            "year": 2021,
            "quarter": 3,
            "eps": 0.61,
            "eps_growth_year": -78.89,
            "eps_4q": 3.24,
            "eps_4q_growth_year": -3.99,
            "roe": 1.24,
            "roe_4q": 6.47,
            "gross_profit": 778359,
            "gross_margin": 34.15,
            "gross_margin_4q_avg": 37.19,
            "net_income": 52399,
            "revenue": 2279521,
            "common_shares": 809510,
            "book_valuer_per_share": 52.24,
            "book_valuer_per_share_4q_avg": 53.02,
            "equity": 4236177,
            "current_ratio": 137.28,
            "debt_ratio": 60.2,
            "inventory_turnover_ratio": 0.61,
            "account_receivable_turnover_ratio": 1.3,
            "reinvestment_rate": 11.57,
            "research_to_sale_ratio": 3.86,
            "price_fair": 227.8,
            "eps_avg_yearly": 6.51,
            "eps_latest_yearly": 2.44,
            "eps_growth_yearly": 176.63
        },
        "20214": {
            "year_quarter": 20214,
            "year": 2021,
            "quarter": 4,
            "eps": -2.82,
            "eps_growth_year": -317.17,
            "eps_4q": -0.89,
            "eps_4q_growth_year": -115.49,
            "roe": -5.25,
            "roe_4q": -1.4099999999999997,
            "gross_profit": 775932,
            "gross_margin": 35.16,
            "gross_margin_4q_avg": 36.01,
            "net_income": -216673,
            "revenue": 2206835,
            "common_shares": 809510,
            "book_valuer_per_share": 49.32,
            "book_valuer_per_share_4q_avg": 51.25,
            "equity": 4012210,
            "current_ratio": 141.07,
            "debt_ratio": 61.39,
            "inventory_turnover_ratio": 0.52,
            "account_receivable_turnover_ratio": 1.23,
            "reinvestment_rate": 11.63,
            "research_to_sale_ratio": 3.09,
            "price_fair": 233.05,
            "eps_avg_yearly": 6.66,
            "eps_latest_yearly": 2.44,
            "eps_growth_yearly": 207.85
        },
        "20221": {
            "year_quarter": 20221,
            "year": 2022,
            "quarter": 1,
            "eps": 1.59,
            "eps_growth_year": 76.67,
            "eps_4q": -0.2,
            "eps_4q_growth_year": -103.27,
            "roe": 3.24,
            "roe_4q": 0.14000000000000024,
            "gross_profit": 836271,
            "gross_margin": 36.69,
            "gross_margin_4q_avg": 35.89,
            "net_income": 133247,
            "revenue": 2279276,
            "common_shares": 809510,
            "book_valuer_per_share": 51.64,
            "book_valuer_per_share_4q_avg": 51.24,
            "equity": 4206962,
            "current_ratio": 139.4,
            "debt_ratio": 60.14,
            "inventory_turnover_ratio": 0.45,
            "account_receivable_turnover_ratio": 1.2,
            "reinvestment_rate": 10.11,
            "research_to_sale_ratio": 4.3,
            "price_fair": 244.18,
            "eps_avg_yearly": 6.98,
            "eps_latest_yearly": 2.44,
            "eps_growth_yearly": 237.75
        },
        "20222": {
            "year_quarter": 20222,
            "year": 2022,
            "quarter": 2,
            "eps": 4.32,
            "eps_growth_year": 928.57,
            "eps_4q": 3.7,
            "eps_4q_growth_year": -33,
            "roe": 8.23,
            "roe_4q": 7.460000000000001,
            "gross_profit": 1205559,
            "gross_margin": 39.57,
            "gross_margin_4q_avg": 36.39,
            "net_income": 357984,
            "revenue": 3046369,
            "common_shares": 809510,
            "book_valuer_per_share": 55.03,
            "book_valuer_per_share_4q_avg": 52.06,
            "equity": 4488977,
            "current_ratio": 145.85,
            "debt_ratio": 61.66,
            "inventory_turnover_ratio": 0.52,
            "account_receivable_turnover_ratio": 1.36,
            "reinvestment_rate": 8.64,
            "research_to_sale_ratio": 3.11,
            "price_fair": 262.97,
            "eps_avg_yearly": 7.51,
            "eps_latest_yearly": 17.28,
            "eps_growth_yearly": 201.08
        },
        "20223": {
            "year_quarter": 20223,
            "year": 2022,
            "quarter": 3,
            "eps": 6.03,
            "eps_growth_year": 888.52,
            "eps_4q": 9.11,
            "eps_4q_growth_year": 181.21,
            "roe": 10.26,
            "roe_4q": 16.480000000000004,
            "gross_profit": 1372189,
            "gross_margin": 44.54,
            "gross_margin_4q_avg": 38.99,
            "net_income": 489662,
            "revenue": 3080529,
            "common_shares": 809510,
            "book_valuer_per_share": 62.05,
            "book_valuer_per_share_4q_avg": 54.51,
            "equity": 5058726,
            "current_ratio": 157.49,
            "debt_ratio": 58.22,
            "inventory_turnover_ratio": 0.46,
            "account_receivable_turnover_ratio": 1.2,
            "reinvestment_rate": 6.14,
            "research_to_sale_ratio": 3.8,
            "price_fair": 298.55,
            "eps_avg_yearly": 8.53,
            "eps_latest_yearly": 24.12,
            "eps_growth_yearly": 210.96
        },
        "20224": {
            "year_quarter": 20224,
            "year": 2022,
            "quarter": 4,
            "eps": 2.12,
            "eps_growth_year": null,
            "eps_4q": 13.72,
            "eps_4q_growth_year": null,
            "roe": 3.36,
            "roe_4q": 25.090000000000003,
            "gross_profit": 1316959,
            "gross_margin": 46.84,
            "gross_margin_4q_avg": 41.91,
            "net_income": 176709,
            "revenue": 2811545,
            "common_shares": 809510,
            "book_valuer_per_share": 67.02,
            "book_valuer_per_share_4q_avg": 58.94,
            "equity": 5460708,
            "current_ratio": 134.29,
            "debt_ratio": 54.64,
            "inventory_turnover_ratio": 0.4,
            "account_receivable_turnover_ratio": 1.17,
            "reinvestment_rate": 4.07,
            "research_to_sale_ratio": 4.27,
            "price_fair": 313.72,
            "eps_avg_yearly": 8.96,
            "eps_latest_yearly": 8.48,
            "eps_growth_yearly": 213.5
        },
        "20231": {
            "year_quarter": 20231,
            "year": 2023,
            "quarter": 1,
            "eps": 2.56,
            "eps_growth_year": 61.01,
            "eps_4q": 14.71,
            "eps_4q_growth_year": null,
            "roe": 4.11,
            "roe_4q": 25.96,
            "gross_profit": 1166666,
            "gross_margin": 45.59,
            "gross_margin_4q_avg": 44.14,
            "net_income": 220835,
            "revenue": 2558997,
            "common_shares": 833052,
            "book_valuer_per_share": 63.08,
            "book_valuer_per_share_4q_avg": 61.8,
            "equity": 5297353,
            "current_ratio": 130.09,
            "debt_ratio": 56.04,
            "inventory_turnover_ratio": 0.38,
            "account_receivable_turnover_ratio": 1.17,
            "reinvestment_rate": 3.56,
            "research_to_sale_ratio": 4.14,
            "price_fair": 334.48,
            "eps_avg_yearly": 9.56,
            "eps_latest_yearly": 10.24,
            "eps_growth_yearly": 222.05
        }
    },
    "months": {
        "2008-04": {
            "month": "2008-04",
            "price": "118.53",
            "revenue": 310461
        },
        "2008-05": {
            "month": "2008-05",
            "price": "133.77",
            "revenue": 327429
        },
        "2008-06": {
            "month": "2008-06",
            "price": "132.45",
            "revenue": 336773
        },
        "2008-07": {
            "month": "2008-07",
            "price": "118.99",
            "revenue": 340141
        },
        "2008-08": {
            "month": "2008-08",
            "price": "87.78",
            "revenue": 324838
        },
        "2008-09": {
            "month": "2008-09",
            "price": "83.41",
            "revenue": 476283
        },
        "2008-10": {
            "month": "2008-10",
            "price": "74.59",
            "revenue": 241452
        },
        "2008-11": {
            "month": "2008-11",
            "price": "52.55",
            "revenue": 284775
        },
        "2008-12": {
            "month": "2008-12",
            "price": "40.66",
            "revenue": 291794
        },
        "2009-01": {
            "month": "2009-01",
            "price": "41.28",
            "revenue": 114860
        },
        "2009-02": {
            "month": "2009-02",
            "price": "45.24",
            "revenue": 153454
        },
        "2009-03": {
            "month": "2009-03",
            "price": "49.42",
            "revenue": 278402
        },
        "2009-04": {
            "month": "2009-04",
            "price": "58.02",
            "revenue": 275846
        },
        "2009-05": {
            "month": "2009-05",
            "price": "61.02",
            "revenue": 274196
        },
        "2009-06": {
            "month": "2009-06",
            "price": "65.10",
            "revenue": 306828
        },
        "2009-07": {
            "month": "2009-07",
            "price": "70.61",
            "revenue": 351396
        },
        "2009-08": {
            "month": "2009-08",
            "price": "100.37",
            "revenue": 265757
        },
        "2009-09": {
            "month": "2009-09",
            "price": "104.95",
            "revenue": 396998
        },
        "2009-10": {
            "month": "2009-10",
            "price": "103.53",
            "revenue": 263032
        },
        "2009-11": {
            "month": "2009-11",
            "price": "107.91",
            "revenue": 179916
        },
        "2009-12": {
            "month": "2009-12",
            "price": "137.86",
            "revenue": 182069
        },
        "2010-01": {
            "month": "2010-01",
            "price": "115.98",
            "revenue": 140848
        },
        "2010-02": {
            "month": "2010-02",
            "price": "92.14",
            "revenue": 160428
        },
        "2010-03": {
            "month": "2010-03",
            "price": "102.02",
            "revenue": 228618
        },
        "2010-04": {
            "month": "2010-04",
            "price": "102.98",
            "revenue": 265697
        },
        "2010-05": {
            "month": "2010-05",
            "price": "77.75",
            "revenue": 293524
        },
        "2010-06": {
            "month": "2010-06",
            "price": "73.35",
            "revenue": 317161
        },
        "2010-07": {
            "month": "2010-07",
            "price": "79.76",
            "revenue": 358931
        },
        "2010-08": {
            "month": "2010-08",
            "price": "79.99",
            "revenue": 401372
        },
        "2010-09": {
            "month": "2010-09",
            "price": "77.90",
            "revenue": 437787
        },
        "2010-10": {
            "month": "2010-10",
            "price": "74.06",
            "revenue": 343023
        },
        "2010-11": {
            "month": "2010-11",
            "price": "66.48",
            "revenue": 349057
        },
        "2010-12": {
            "month": "2010-12",
            "price": "69.04",
            "revenue": 405648
        },
        "2011-01": {
            "month": "2011-01",
            "price": "65.87",
            "revenue": 214842
        },
        "2011-02": {
            "month": "2011-02",
            "price": "65.71",
            "revenue": 288029
        },
        "2011-03": {
            "month": "2011-03",
            "price": "74.50",
            "revenue": 324583
        },
        "2011-04": {
            "month": "2011-04",
            "price": "83.69",
            "revenue": 327159
        },
        "2011-05": {
            "month": "2011-05",
            "price": "91.03",
            "revenue": 315856
        },
        "2011-06": {
            "month": "2011-06",
            "price": "105.99",
            "revenue": 390196
        },
        "2011-07": {
            "month": "2011-07",
            "price": "125.05",
            "revenue": 334042
        },
        "2011-08": {
            "month": "2011-08",
            "price": "123.77",
            "revenue": 416446
        },
        "2011-09": {
            "month": "2011-09",
            "price": "106.50",
            "revenue": 421829
        },
        "2011-10": {
            "month": "2011-10",
            "price": "103.08",
            "revenue": 400779
        },
        "2011-11": {
            "month": "2011-11",
            "price": "52.18",
            "revenue": 421833
        },
        "2011-12": {
            "month": "2011-12",
            "price": "45.04",
            "revenue": 397725
        },
        "2012-01": {
            "month": "2012-01",
            "price": "48.37",
            "revenue": 308635
        },
        "2012-02": {
            "month": "2012-02",
            "price": "59.56",
            "revenue": 321136
        },
        "2012-03": {
            "month": "2012-03",
            "price": "58.18",
            "revenue": 379344
        },
        "2012-04": {
            "month": "2012-04",
            "price": "55.26",
            "revenue": 363950
        },
        "2012-05": {
            "month": "2012-05",
            "price": "53.40",
            "revenue": 342336
        },
        "2012-06": {
            "month": "2012-06",
            "price": "50.52",
            "revenue": 554520
        },
        "2012-07": {
            "month": "2012-07",
            "price": "50.41",
            "revenue": 465032
        },
        "2012-08": {
            "month": "2012-08",
            "price": "49.68",
            "revenue": 429203
        },
        "2012-09": {
            "month": "2012-09",
            "price": "55.61",
            "revenue": 448828
        },
        "2012-10": {
            "month": "2012-10",
            "price": "53.33",
            "revenue": 431528
        },
        "2012-11": {
            "month": "2012-11",
            "price": "50.94",
            "revenue": 473824
        },
        "2012-12": {
            "month": "2012-12",
            "price": "51.52",
            "revenue": 389767
        },
        "2013-01": {
            "month": "2013-01",
            "price": "52.62",
            "revenue": 382752
        },
        "2013-02": {
            "month": "2013-02",
            "price": "53.96",
            "revenue": 342313
        },
        "2013-03": {
            "month": "2013-03",
            "price": "58.84",
            "revenue": 357538
        },
        "2013-04": {
            "month": "2013-04",
            "price": "57.53",
            "revenue": 389960
        },
        "2013-05": {
            "month": "2013-05",
            "price": "58.72",
            "revenue": 356404
        },
        "2013-06": {
            "month": "2013-06",
            "price": "57.44",
            "revenue": 421584
        },
        "2013-07": {
            "month": "2013-07",
            "price": "55.73",
            "revenue": 416475
        },
        "2013-08": {
            "month": "2013-08",
            "price": "52.10",
            "revenue": 447108
        },
        "2013-09": {
            "month": "2013-09",
            "price": "55.78",
            "revenue": 425280
        },
        "2013-10": {
            "month": "2013-10",
            "price": "56.98",
            "revenue": 470010
        },
        "2013-11": {
            "month": "2013-11",
            "price": "60.00",
            "revenue": 507387
        },
        "2013-12": {
            "month": "2013-12",
            "price": "75.49",
            "revenue": 395905
        },
        "2014-01": {
            "month": "2014-01",
            "price": "71.32",
            "revenue": 364398
        },
        "2014-02": {
            "month": "2014-02",
            "price": "72.56",
            "revenue": 348094
        },
        "2014-03": {
            "month": "2014-03",
            "price": "78.09",
            "revenue": 400989
        },
        "2014-04": {
            "month": "2014-04",
            "price": "75.86",
            "revenue": 401406
        },
        "2014-05": {
            "month": "2014-05",
            "price": "72.88",
            "revenue": 476361
        },
        "2014-06": {
            "month": "2014-06",
            "price": "71.48",
            "revenue": 446101
        },
        "2014-07": {
            "month": "2014-07",
            "price": "68.51",
            "revenue": 443899
        },
        "2014-08": {
            "month": "2014-08",
            "price": "61.70",
            "revenue": 489681
        },
        "2014-09": {
            "month": "2014-09",
            "price": "62.37",
            "revenue": 455888
        },
        "2014-10": {
            "month": "2014-10",
            "price": "60.65",
            "revenue": 489466
        },
        "2014-11": {
            "month": "2014-11",
            "price": "60.96",
            "revenue": 488665
        },
        "2014-12": {
            "month": "2014-12",
            "price": "63.21",
            "revenue": 412468
        },
        "2015-01": {
            "month": "2015-01",
            "price": "63.98",
            "revenue": 411913
        },
        "2015-02": {
            "month": "2015-02",
            "price": "63.31",
            "revenue": 310834
        },
        "2015-03": {
            "month": "2015-03",
            "price": "65.12",
            "revenue": 490094
        },
        "2015-04": {
            "month": "2015-04",
            "price": "66.60",
            "revenue": 432485
        },
        "2015-05": {
            "month": "2015-05",
            "price": "62.40",
            "revenue": 566980
        },
        "2015-06": {
            "month": "2015-06",
            "price": "64.07",
            "revenue": 661174
        },
        "2015-07": {
            "month": "2015-07",
            "price": "66.70",
            "revenue": 544376
        },
        "2015-08": {
            "month": "2015-08",
            "price": "60.04",
            "revenue": 581323
        },
        "2015-09": {
            "month": "2015-09",
            "price": "63.51",
            "revenue": 610348
        },
        "2015-10": {
            "month": "2015-10",
            "price": "78.88",
            "revenue": 595991
        },
        "2015-11": {
            "month": "2015-11",
            "price": "108.84",
            "revenue": 597481
        },
        "2015-12": {
            "month": "2015-12",
            "price": "107.59",
            "revenue": 596125
        },
        "2016-01": {
            "month": "2016-01",
            "price": "106.71",
            "revenue": 469253
        },
        "2016-02": {
            "month": "2016-02",
            "price": "112.08",
            "revenue": 414794
        },
        "2016-03": {
            "month": "2016-03",
            "price": "101.53",
            "revenue": 555562
        },
        "2016-04": {
            "month": "2016-04",
            "price": "94.03",
            "revenue": 567823
        },
        "2016-05": {
            "month": "2016-05",
            "price": "96.07",
            "revenue": 707668
        },
        "2016-06": {
            "month": "2016-06",
            "price": "119.02",
            "revenue": 673747
        },
        "2016-07": {
            "month": "2016-07",
            "price": "114.52",
            "revenue": 623689
        },
        "2016-08": {
            "month": "2016-08",
            "price": "125.80",
            "revenue": 576356
        },
        "2016-09": {
            "month": "2016-09",
            "price": "119.16",
            "revenue": 529669
        },
        "2016-10": {
            "month": "2016-10",
            "price": "98.32",
            "revenue": 616523
        },
        "2016-11": {
            "month": "2016-11",
            "price": "91.64",
            "revenue": 635895
        },
        "2016-12": {
            "month": "2016-12",
            "price": "98.92",
            "revenue": 641862
        },
        "2017-01": {
            "month": "2017-01",
            "price": "100.19",
            "revenue": 555722
        },
        "2017-02": {
            "month": "2017-02",
            "price": "101.50",
            "revenue": 481025
        },
        "2017-03": {
            "month": "2017-03",
            "price": "98.66",
            "revenue": 612050
        },
        "2017-04": {
            "month": "2017-04",
            "price": "97.22",
            "revenue": 533442
        },
        "2017-05": {
            "month": "2017-05",
            "price": "93.64",
            "revenue": 642777
        },
        "2017-06": {
            "month": "2017-06",
            "price": "95.69",
            "revenue": 734657
        },
        "2017-07": {
            "month": "2017-07",
            "price": "94.16",
            "revenue": 694337
        },
        "2017-08": {
            "month": "2017-08",
            "price": "96.29",
            "revenue": 654573
        },
        "2017-09": {
            "month": "2017-09",
            "price": "98.40",
            "revenue": 778432
        },
        "2017-10": {
            "month": "2017-10",
            "price": "103.87",
            "revenue": 732257
        },
        "2017-11": {
            "month": "2017-11",
            "price": "108.18",
            "revenue": 655121
        },
        "2017-12": {
            "month": "2017-12",
            "price": "99.90",
            "revenue": 712220
        },
        "2018-01": {
            "month": "2018-01",
            "price": "99.67",
            "revenue": 607189
        },
        "2018-02": {
            "month": "2018-02",
            "price": "94.25",
            "revenue": 506379
        },
        "2018-03": {
            "month": "2018-03",
            "price": "94.05",
            "revenue": 635020
        },
        "2018-04": {
            "month": "2018-04",
            "price": "91.97",
            "revenue": 626929
        },
        "2018-05": {
            "month": "2018-05",
            "price": "90.51",
            "revenue": 685923
        },
        "2018-06": {
            "month": "2018-06",
            "price": "90.73",
            "revenue": 748771
        },
        "2018-07": {
            "month": "2018-07",
            "price": "89.65",
            "revenue": 821323
        },
        "2018-08": {
            "month": "2018-08",
            "price": "86.55",
            "revenue": 813832
        },
        "2018-09": {
            "month": "2018-09",
            "price": "87.23",
            "revenue": 735273
        },
        "2018-10": {
            "month": "2018-10",
            "price": "74.87",
            "revenue": 796254
        },
        "2018-11": {
            "month": "2018-11",
            "price": "77.30",
            "revenue": 600270
        },
        "2018-12": {
            "month": "2018-12",
            "price": "78.74",
            "revenue": 759891
        },
        "2019-01": {
            "month": "2019-01",
            "price": "77.70",
            "revenue": 651172
        },
        "2019-02": {
            "month": "2019-02",
            "price": "80.25",
            "revenue": 543951
        },
        "2019-03": {
            "month": "2019-03",
            "price": "82.92",
            "revenue": 776563
        },
        "2019-04": {
            "month": "2019-04",
            "price": "88.86",
            "revenue": 784438
        },
        "2019-05": {
            "month": "2019-05",
            "price": "92.94",
            "revenue": 757391
        },
        "2019-06": {
            "month": "2019-06",
            "price": "91.31",
            "revenue": 805992
        },
        "2019-07": {
            "month": "2019-07",
            "price": "93.78",
            "revenue": 788616
        },
        "2019-08": {
            "month": "2019-08",
            "price": "89.38",
            "revenue": 931089
        },
        "2019-09": {
            "month": "2019-09",
            "price": "92.29",
            "revenue": 748655
        },
        "2019-10": {
            "month": "2019-10",
            "price": "100.26",
            "revenue": 915371
        },
        "2019-11": {
            "month": "2019-11",
            "price": "108.62",
            "revenue": 829337
        },
        "2019-12": {
            "month": "2019-12",
            "price": "111.18",
            "revenue": 826635
        },
        "2020-01": {
            "month": "2020-01",
            "price": "110.90",
            "revenue": 759380
        },
        "2020-02": {
            "month": "2020-02",
            "price": "104.41",
            "revenue": 581216
        },
        "2020-03": {
            "month": "2020-03",
            "price": "84.93",
            "revenue": 573725
        },
        "2020-04": {
            "month": "2020-04",
            "price": "78.79",
            "revenue": 572008
        },
        "2020-05": {
            "month": "2020-05",
            "price": "81.20",
            "revenue": 603405
        },
        "2020-06": {
            "month": "2020-06",
            "price": "82.00",
            "revenue": 843357
        },
        "2020-07": {
            "month": "2020-07",
            "price": "84.30",
            "revenue": 868112
        },
        "2020-08": {
            "month": "2020-08",
            "price": "78.03",
            "revenue": 859269
        },
        "2020-09": {
            "month": "2020-09",
            "price": "75.67",
            "revenue": 968694
        },
        "2020-10": {
            "month": "2020-10",
            "price": "76.68",
            "revenue": 944941
        },
        "2020-11": {
            "month": "2020-11",
            "price": "80.69",
            "revenue": 836556
        },
        "2020-12": {
            "month": "2020-12",
            "price": "86.32",
            "revenue": 733657
        },
        "2021-01": {
            "month": "2021-01",
            "price": "83.52",
            "revenue": 791834
        },
        "2021-02": {
            "month": "2021-02",
            "price": "81.29",
            "revenue": 719636
        },
        "2021-03": {
            "month": "2021-03",
            "price": "84.03",
            "revenue": 759428
        },
        "2021-04": {
            "month": "2021-04",
            "price": "87.93",
            "revenue": 765507
        },
        "2021-05": {
            "month": "2021-05",
            "price": "82.10",
            "revenue": 668160
        },
        "2021-06": {
            "month": "2021-06",
            "price": "84.58",
            "revenue": 684157
        },
        "2021-07": {
            "month": "2021-07",
            "price": "81.00",
            "revenue": 813590
        },
        "2021-08": {
            "month": "2021-08",
            "price": "77.95",
            "revenue": 822709
        },
        "2021-09": {
            "month": "2021-09",
            "price": "76.64",
            "revenue": 635588
        },
        "2021-10": {
            "month": "2021-10",
            "price": "74.92",
            "revenue": 854320
        },
        "2021-11": {
            "month": "2021-11",
            "price": "72.37",
            "revenue": 701286
        },
        "2021-12": {
            "month": "2021-12",
            "price": "69.70",
            "revenue": 654773
        },
        "2022-01": {
            "month": "2022-01",
            "price": "69.56",
            "revenue": 672374
        },
        "2022-02": {
            "month": "2022-02",
            "price": "69.03",
            "revenue": 749415
        },
        "2022-03": {
            "month": "2022-03",
            "price": "69.93",
            "revenue": 858046
        },
        "2022-04": {
            "month": "2022-04",
            "price": "67.94",
            "revenue": 1175301
        },
        "2022-05": {
            "month": "2022-05",
            "price": "67.08",
            "revenue": 878861
        },
        "2022-06": {
            "month": "2022-06",
            "price": "70.30",
            "revenue": 990131
        },
        "2022-07": {
            "month": "2022-07",
            "price": "69.52",
            "revenue": 1031406
        },
        "2022-08": {
            "month": "2022-08",
            "price": "87.67",
            "revenue": 979882
        },
        "2022-09": {
            "month": "2022-09",
            "price": "101.22",
            "revenue": 1069987
        },
        "2022-10": {
            "month": "2022-10",
            "price": "92.26",
            "revenue": 1068678
        },
        "2022-11": {
            "month": "2022-11",
            "price": "105.64",
            "revenue": 878747
        },
        "2022-12": {
            "month": "2022-12",
            "price": "102.70",
            "revenue": 878152
        },
        "2023-01": {
            "month": "2023-01",
            "price": "99.59",
            "revenue": 936114
        },
        "2023-02": {
            "month": "2023-02",
            "price": "114.86",
            "revenue": 646813
        },
        "2023-03": {
            "month": "2023-03",
            "price": "118.61",
            "revenue": 958638
        },
        "2023-04": {
            "month": "2023-04",
            "price": "125.41",
            "revenue": 1078057
        }
    }
}
