{
    "summary": {
        "stock_name": "洋華",
        "stock_id": "3622",
        "category": "光電",
        "main_business": "觸控面板之製造與銷售<br>高壓交連PE電力電纜附屬器材之製造與銷售",
        "website_url": "http://www.yfo.com.tw",
        "ceo": "許益川",
        "pe_ratio": 19,
        "report_year_from": 2007,
        "report_year_to": 2023,
        "age": 17,
        "eps_negative_percentage": 35,
        "eps_growth_avg": {
            "last_all": 13.54,
            "last_2y": 32.61,
            "last_4y": 30.25,
            "last_8y": 30.25,
            "last_12y": -4.87,
            "last_16y": null,
            "last_20y": null,
            "at_2006_last_3y": null,
            "at_2007_last_3y": null,
            "at_2008_last_3y": null,
            "at_2009_last_3y": null,
            "at_2010_last_3y": null,
            "at_2011_last_3y": 21.04,
            "at_2012_last_3y": -25.38,
            "at_2013_last_3y": -67.17,
            "at_2014_last_3y": -92.68,
            "at_2015_last_3y": -100,
            "at_2016_last_3y": null,
            "at_2017_last_3y": null,
            "at_2018_last_3y": null,
            "at_2019_last_3y": 14.1,
            "at_2020_last_3y": 26.71,
            "at_2021_last_3y": 34.21,
            "at_2022_last_3y": 37.82,
            "at_2023_last_3y": 34.29,
            "at_2024_last_3y": 34.29,
            "at_2006_last_all": null,
            "at_2007_last_all": null,
            "at_2008_last_all": null,
            "at_2009_last_all": 92.85,
            "at_2010_last_all": 56.51,
            "at_2011_last_all": 21.04,
            "at_2012_last_all": -3.16,
            "at_2013_last_all": -3.16,
            "at_2014_last_all": -3.16,
            "at_2015_last_all": -3.16,
            "at_2016_last_all": -3.16,
            "at_2017_last_all": -3.16,
            "at_2018_last_all": -3.16,
            "at_2019_last_all": -0.29,
            "at_2020_last_all": 5.37,
            "at_2021_last_all": 10.85,
            "at_2022_last_all": 15.05,
            "at_2023_last_all": 13.54,
            "at_2024_last_all": 13.54
        },
        "latest_eps": 3.01,
        "latest_price": 57,
        "latest_roe": 8.28,
        "latest_gross_margin": 39.71,
        "latest_equity": 6365169,
        "latest_revenue": 522464,
        "latest_gross_profit": 207496,
        "latest_net_income": 295254,
        "latest_debt_ratio": 10.42,
        "latest_current_ratio": 1097.12,
        "latest_account_receivable_turnover_ratio": 1.21,
        "latest_inventory_turnover_ratio": 1.14,
        "latest_reinvestment_rate": -3.2,
        "latest_research_to_sale_ratio": 2.15
    },
    "eps_dividends": {
        "2001": {
            "cash": 0,
            "stock": 0,
            "eps": 0
        },
        "2002": {
            "cash": 0,
            "stock": 0,
            "eps": 0
        },
        "2003": {
            "cash": 0,
            "stock": 0,
            "eps": 0
        },
        "2004": {
            "cash": 0,
            "stock": 0,
            "eps": 0
        },
        "2005": {
            "cash": 0,
            "stock": 0,
            "eps": 0
        },
        "2006": {
            "cash": 0,
            "stock": 0,
            "eps": 0
        },
        "2007": {
            "cash": 0,
            "stock": 0,
            "eps": 6.22
        },
        "2008": {
            "cash": 0.47,
            "stock": 0.47,
            "eps": 11.55
        },
        "2009": {
            "cash": 5.48,
            "stock": 1.37,
            "eps": 23.72
        },
        "2010": {
            "cash": 10,
            "stock": 0,
            "eps": 19.89
        },
        "2011": {
            "cash": 6,
            "stock": 0.5,
            "eps": 2.91
        },
        "2012": {
            "cash": 0,
            "stock": 0,
            "eps": -2.36
        },
        "2013": {
            "cash": 0.5,
            "stock": 0,
            "eps": -10.77
        },
        "2014": {
            "cash": 0,
            "stock": 0,
            "eps": -11.92
        },
        "2015": {
            "cash": 0,
            "stock": 0,
            "eps": -17.35
        },
        "2016": {
            "cash": 0,
            "stock": 0,
            "eps": -1
        },
        "2017": {
            "cash": 0,
            "stock": 0,
            "eps": -0.03
        },
        "2018": {
            "cash": 0.3,
            "stock": 0,
            "eps": 0.78
        },
        "2019": {
            "cash": 0.5,
            "stock": 0,
            "eps": 0.89
        },
        "2020": {
            "cash": 0.8,
            "stock": 0,
            "eps": 1.24
        },
        "2021": {
            "cash": 1,
            "stock": 0,
            "eps": 1.85
        },
        "2022": {
            "cash": 1.2,
            "stock": 0,
            "eps": 2.75
        },
        "2023": {
            "cash": 1.5,
            "stock": 0,
            "eps": 2.75
        }
    },
    "dividends": {
        "2008-05-30": {
            "cash": 0.47,
            "stock": 0.47
        },
        "2009-02-26": {
            "cash": 5.48,
            "stock": 1.37
        },
        "2010-03-09": {
            "cash": 10,
            "stock": 0
        },
        "2011-01-01": {
            "cash": 0.5,
            "stock": 0
        },
        "2011-04-27": {
            "cash": 5.5,
            "stock": 0.5
        },
        "2013-05-13": {
            "cash": 0.5,
            "stock": 0
        },
        "2018-09-27": {
            "cash": 0.3,
            "stock": 0
        },
        "2019-09-25": {
            "cash": 0.5,
            "stock": 0
        },
        "2020-09-23": {
            "cash": 0.8,
            "stock": 0
        },
        "2021-09-29": {
            "cash": 1,
            "stock": 0
        },
        "2022-09-30": {
            "cash": 1.2,
            "stock": 0
        },
        "2023-09-28": {
            "cash": 1.5,
            "stock": 0
        }
    },
    "prices": {
        "200101": "無",
        "200102": "無",
        "200103": "無",
        "200104": "無",
        "200105": "無",
        "200106": "無",
        "200107": "無",
        "200108": "無",
        "200109": "無",
        "200110": "無",
        "200111": "無",
        "200112": "無",
        "200201": "無",
        "200202": "無",
        "200203": "無",
        "200204": "無",
        "200205": "無",
        "200206": "無",
        "200207": "無",
        "200208": "無",
        "200209": "無",
        "200210": "無",
        "200211": "無",
        "200212": "無",
        "200301": "無",
        "200302": "無",
        "200303": "無",
        "200304": "無",
        "200305": "無",
        "200306": "無",
        "200307": "無",
        "200308": "無",
        "200309": "無",
        "200310": "無",
        "200311": "無",
        "200312": "無",
        "200401": "無",
        "200402": "無",
        "200403": "無",
        "200404": "無",
        "200405": "無",
        "200406": "無",
        "200407": "無",
        "200408": "無",
        "200409": "無",
        "200410": "無",
        "200411": "無",
        "200412": "無",
        "200501": "無",
        "200502": "無",
        "200503": "無",
        "200504": "無",
        "200505": "無",
        "200506": "無",
        "200507": "無",
        "200508": "無",
        "200509": "無",
        "200510": "無",
        "200511": "無",
        "200512": "無",
        "200601": "無",
        "200602": "無",
        "200603": "無",
        "200604": "無",
        "200605": "無",
        "200606": "無",
        "200607": "無",
        "200608": "無",
        "200609": "無",
        "200610": "無",
        "200611": "無",
        "200612": "無",
        "200701": "無",
        "200702": "無",
        "200703": "無",
        "200704": "無",
        "200705": "無",
        "200706": "無",
        "200707": "無",
        "200708": "無",
        "200709": "無",
        "200710": "無",
        "200711": "無",
        "200712": "無",
        "200801": "無",
        "200802": "無",
        "200803": "106.08",
        "200804": "134.75",
        "200805": "154.06",
        "200806": "134.02",
        "200807": "108.58",
        "200808": "108.32",
        "200809": "89.87",
        "200810": "78.33",
        "200811": "62.78",
        "200812": "56.68",
        "200901": "69.52",
        "200902": "97.71",
        "200903": "209.60",
        "200904": "277.84",
        "200905": "420.56",
        "200906": "361.96",
        "200907": "342.46",
        "200908": "332.72",
        "200909": "398.77",
        "200910": "406.66",
        "200911": "390.52",
        "200912": "369.89",
        "201001": "347.98",
        "201002": "304.89",
        "201003": "303.33",
        "201004": "320.17",
        "201005": "262.14",
        "201006": "247.83",
        "201007": "270.39",
        "201008": "331.05",
        "201009": "379.14",
        "201010": "350.05",
        "201011": "352.70",
        "201012": "289.87",
        "201101": "277.18",
        "201102": "260.68",
        "201103": "224.63",
        "201104": "206.13",
        "201105": "188.90",
        "201106": "190.43",
        "201107": "160.21",
        "201108": "104.12",
        "201109": "86.24",
        "201110": "88.54",
        "201111": "76.87",
        "201112": "58.18",
        "201201": "63.35",
        "201202": "82.62",
        "201203": "80.73",
        "201204": "68.84",
        "201205": "60.15",
        "201206": "60.90",
        "201207": "65.46",
        "201208": "72.29",
        "201209": "72.32",
        "201210": "58.93",
        "201211": "58.42",
        "201212": "60.43",
        "201301": "55.25",
        "201302": "55.25",
        "201303": "57.58",
        "201304": "53.74",
        "201305": "55.71",
        "201306": "52.52",
        "201307": "47.13",
        "201308": "42.06",
        "201309": "38.86",
        "201310": "33.86",
        "201311": "27.51",
        "201312": "29.06",
        "201401": "30.63",
        "201402": "32.34",
        "201403": "33.46",
        "201404": "31.28",
        "201405": "29.53",
        "201406": "29.14",
        "201407": "29.34",
        "201408": "26.00",
        "201409": "25.10",
        "201410": "20.24",
        "201411": "19.16",
        "201412": "20.98",
        "201501": "23.54",
        "201502": "22.40",
        "201503": "21.37",
        "201504": "18.69",
        "201505": "15.60",
        "201506": "13.91",
        "201507": "13.10",
        "201508": "9.90",
        "201509": "11.00",
        "201510": "11.65",
        "201511": "11.50",
        "201512": "11.00",
        "201601": "10.29",
        "201602": "10.73",
        "201603": "11.66",
        "201604": "10.79",
        "201605": "10.01",
        "201606": "10.28",
        "201607": "12.83",
        "201608": "13.82",
        "201609": "14.42",
        "201610": "12.60",
        "201611": "11.62",
        "201612": "12.05",
        "201701": "12.25",
        "201702": "13.89",
        "201703": "13.02",
        "201704": "12.45",
        "201705": "12.07",
        "201706": "13.10",
        "201707": "13.39",
        "201708": "16.13",
        "201709": "16.56",
        "201710": "16.63",
        "201711": "17.74",
        "201712": "18.01",
        "201801": "20.49",
        "201802": "17.01",
        "201803": "17.83",
        "201804": "16.69",
        "201805": "17.12",
        "201806": "17.97",
        "201807": "17.78",
        "201808": "17.76",
        "201809": "17.21",
        "201810": "15.85",
        "201811": "16.04",
        "201812": "16.19",
        "201901": "15.50",
        "201902": "16.47",
        "201903": "16.90",
        "201904": "17.48",
        "201905": "16.70",
        "201906": "16.81",
        "201907": "17.82",
        "201908": "18.39",
        "201909": "19.34",
        "201910": "19.60",
        "201911": "19.09",
        "201912": "20.79",
        "202001": "21.12",
        "202002": "19.43",
        "202003": "17.32",
        "202004": "18.50",
        "202005": "18.79",
        "202006": "19.83",
        "202007": "24.05",
        "202008": "23.73",
        "202009": "22.95",
        "202010": "21.48",
        "202011": "25.47",
        "202012": "33.36",
        "202101": "34.22",
        "202102": "31.56",
        "202103": "33.65",
        "202104": "41.42",
        "202105": "33.23",
        "202106": "32.21",
        "202107": "31.06",
        "202108": "28.76",
        "202109": "27.85",
        "202110": "28.46",
        "202111": "30.08",
        "202112": "28.77",
        "202201": "27.47",
        "202202": "26.67",
        "202203": "27.33",
        "202204": "30.44",
        "202205": "30.88",
        "202206": "32.39",
        "202207": "29.21",
        "202208": "29.87",
        "202209": "27.39",
        "202210": "26.08",
        "202211": "27.56",
        "202212": "27.79",
        "202301": "27.94",
        "202302": "28.15",
        "202303": "29.37",
        "202304": "30.95",
        "202305": "31.82",
        "202306": "35.08",
        "202307": "35.60",
        "202308": "38.19",
        "202309": "42.29",
        "202310": "39.64",
        "202311": "38.65",
        "202312": "43.24"
    },
    "quarters": {
        "20011": {
            "year_quarter": 20011,
            "year": 2001,
            "quarter": 1,
            "eps": null,
            "eps_growth_year": null,
            "eps_4q": null,
            "eps_4q_growth_year": null,
            "roe": null,
            "roe_4q": 0,
            "gross_profit": null,
            "gross_margin": null,
            "gross_margin_4q_avg": 0,
            "net_income": null,
            "net_income_4q": null,
            "revenue": null,
            "revenue_4q": null,
            "common_shares": null,
            "book_valuer_per_share": null,
            "book_valuer_per_share_4q_avg": 0,
            "equity": null,
            "current_ratio": null,
            "debt_ratio": null,
            "inventory_turnover_ratio": null,
            "account_receivable_turnover_ratio": null,
            "reinvestment_rate": null,
            "research_to_sale_ratio": null,
            "price_fair": 0,
            "eps_avg_yearly": 0,
            "eps_latest_yearly": 0,
            "eps_growth_yearly": 0
        },
        "20012": {
            "year_quarter": 20012,
            "year": 2001,
            "quarter": 2,
            "eps": null,
            "eps_growth_year": null,
            "eps_4q": null,
            "eps_4q_growth_year": null,
            "roe": null,
            "roe_4q": 0,
            "gross_profit": null,
            "gross_margin": null,
            "gross_margin_4q_avg": 0,
            "net_income": null,
            "net_income_4q": null,
            "revenue": null,
            "revenue_4q": null,
            "common_shares": null,
            "book_valuer_per_share": null,
            "book_valuer_per_share_4q_avg": 0,
            "equity": null,
            "current_ratio": null,
            "debt_ratio": null,
            "inventory_turnover_ratio": null,
            "account_receivable_turnover_ratio": null,
            "reinvestment_rate": null,
            "research_to_sale_ratio": null,
            "price_fair": 0,
            "eps_avg_yearly": 0,
            "eps_latest_yearly": 0,
            "eps_growth_yearly": 0
        },
        "20013": {
            "year_quarter": 20013,
            "year": 2001,
            "quarter": 3,
            "eps": null,
            "eps_growth_year": null,
            "eps_4q": null,
            "eps_4q_growth_year": null,
            "roe": null,
            "roe_4q": 0,
            "gross_profit": null,
            "gross_margin": null,
            "gross_margin_4q_avg": 0,
            "net_income": null,
            "net_income_4q": null,
            "revenue": null,
            "revenue_4q": null,
            "common_shares": null,
            "book_valuer_per_share": null,
            "book_valuer_per_share_4q_avg": 0,
            "equity": null,
            "current_ratio": null,
            "debt_ratio": null,
            "inventory_turnover_ratio": null,
            "account_receivable_turnover_ratio": null,
            "reinvestment_rate": null,
            "research_to_sale_ratio": null,
            "price_fair": 0,
            "eps_avg_yearly": 0,
            "eps_latest_yearly": 0,
            "eps_growth_yearly": 0
        },
        "20014": {
            "year_quarter": 20014,
            "year": 2001,
            "quarter": 4,
            "eps": null,
            "eps_growth_year": null,
            "eps_4q": null,
            "eps_4q_growth_year": null,
            "roe": null,
            "roe_4q": 0,
            "gross_profit": null,
            "gross_margin": null,
            "gross_margin_4q_avg": 0,
            "net_income": null,
            "net_income_4q": null,
            "revenue": null,
            "revenue_4q": null,
            "common_shares": null,
            "book_valuer_per_share": null,
            "book_valuer_per_share_4q_avg": 0,
            "equity": null,
            "current_ratio": null,
            "debt_ratio": null,
            "inventory_turnover_ratio": null,
            "account_receivable_turnover_ratio": null,
            "reinvestment_rate": null,
            "research_to_sale_ratio": null,
            "price_fair": 0,
            "eps_avg_yearly": 0,
            "eps_latest_yearly": 0,
            "eps_growth_yearly": 0
        },
        "20021": {
            "year_quarter": 20021,
            "year": 2002,
            "quarter": 1,
            "eps": null,
            "eps_growth_year": null,
            "eps_4q": null,
            "eps_4q_growth_year": null,
            "roe": null,
            "roe_4q": 0,
            "gross_profit": null,
            "gross_margin": null,
            "gross_margin_4q_avg": 0,
            "net_income": null,
            "net_income_4q": null,
            "revenue": null,
            "revenue_4q": null,
            "common_shares": null,
            "book_valuer_per_share": null,
            "book_valuer_per_share_4q_avg": 0,
            "equity": null,
            "current_ratio": null,
            "debt_ratio": null,
            "inventory_turnover_ratio": null,
            "account_receivable_turnover_ratio": null,
            "reinvestment_rate": null,
            "research_to_sale_ratio": null,
            "price_fair": 0,
            "eps_avg_yearly": 0,
            "eps_latest_yearly": 0,
            "eps_growth_yearly": 0
        },
        "20022": {
            "year_quarter": 20022,
            "year": 2002,
            "quarter": 2,
            "eps": null,
            "eps_growth_year": null,
            "eps_4q": null,
            "eps_4q_growth_year": null,
            "roe": null,
            "roe_4q": 0,
            "gross_profit": null,
            "gross_margin": null,
            "gross_margin_4q_avg": 0,
            "net_income": null,
            "net_income_4q": null,
            "revenue": null,
            "revenue_4q": null,
            "common_shares": null,
            "book_valuer_per_share": null,
            "book_valuer_per_share_4q_avg": 0,
            "equity": null,
            "current_ratio": null,
            "debt_ratio": null,
            "inventory_turnover_ratio": null,
            "account_receivable_turnover_ratio": null,
            "reinvestment_rate": null,
            "research_to_sale_ratio": null,
            "price_fair": 0,
            "eps_avg_yearly": 0,
            "eps_latest_yearly": 0,
            "eps_growth_yearly": 0
        },
        "20023": {
            "year_quarter": 20023,
            "year": 2002,
            "quarter": 3,
            "eps": null,
            "eps_growth_year": null,
            "eps_4q": null,
            "eps_4q_growth_year": null,
            "roe": null,
            "roe_4q": 0,
            "gross_profit": null,
            "gross_margin": null,
            "gross_margin_4q_avg": 0,
            "net_income": null,
            "net_income_4q": null,
            "revenue": null,
            "revenue_4q": null,
            "common_shares": null,
            "book_valuer_per_share": null,
            "book_valuer_per_share_4q_avg": 0,
            "equity": null,
            "current_ratio": null,
            "debt_ratio": null,
            "inventory_turnover_ratio": null,
            "account_receivable_turnover_ratio": null,
            "reinvestment_rate": null,
            "research_to_sale_ratio": null,
            "price_fair": 0,
            "eps_avg_yearly": 0,
            "eps_latest_yearly": 0,
            "eps_growth_yearly": 0
        },
        "20024": {
            "year_quarter": 20024,
            "year": 2002,
            "quarter": 4,
            "eps": null,
            "eps_growth_year": null,
            "eps_4q": null,
            "eps_4q_growth_year": null,
            "roe": null,
            "roe_4q": 0,
            "gross_profit": null,
            "gross_margin": null,
            "gross_margin_4q_avg": 0,
            "net_income": null,
            "net_income_4q": null,
            "revenue": null,
            "revenue_4q": null,
            "common_shares": null,
            "book_valuer_per_share": null,
            "book_valuer_per_share_4q_avg": 0,
            "equity": null,
            "current_ratio": null,
            "debt_ratio": null,
            "inventory_turnover_ratio": null,
            "account_receivable_turnover_ratio": null,
            "reinvestment_rate": null,
            "research_to_sale_ratio": null,
            "price_fair": 0,
            "eps_avg_yearly": 0,
            "eps_latest_yearly": 0,
            "eps_growth_yearly": 0
        },
        "20031": {
            "year_quarter": 20031,
            "year": 2003,
            "quarter": 1,
            "eps": null,
            "eps_growth_year": null,
            "eps_4q": null,
            "eps_4q_growth_year": null,
            "roe": null,
            "roe_4q": 0,
            "gross_profit": null,
            "gross_margin": null,
            "gross_margin_4q_avg": 0,
            "net_income": null,
            "net_income_4q": null,
            "revenue": null,
            "revenue_4q": null,
            "common_shares": null,
            "book_valuer_per_share": null,
            "book_valuer_per_share_4q_avg": 0,
            "equity": null,
            "current_ratio": null,
            "debt_ratio": null,
            "inventory_turnover_ratio": null,
            "account_receivable_turnover_ratio": null,
            "reinvestment_rate": null,
            "research_to_sale_ratio": null,
            "price_fair": 0,
            "eps_avg_yearly": 0,
            "eps_latest_yearly": 0,
            "eps_growth_yearly": 0
        },
        "20032": {
            "year_quarter": 20032,
            "year": 2003,
            "quarter": 2,
            "eps": null,
            "eps_growth_year": null,
            "eps_4q": null,
            "eps_4q_growth_year": null,
            "roe": null,
            "roe_4q": 0,
            "gross_profit": null,
            "gross_margin": null,
            "gross_margin_4q_avg": 0,
            "net_income": null,
            "net_income_4q": null,
            "revenue": null,
            "revenue_4q": null,
            "common_shares": null,
            "book_valuer_per_share": null,
            "book_valuer_per_share_4q_avg": 0,
            "equity": null,
            "current_ratio": null,
            "debt_ratio": null,
            "inventory_turnover_ratio": null,
            "account_receivable_turnover_ratio": null,
            "reinvestment_rate": null,
            "research_to_sale_ratio": null,
            "price_fair": 0,
            "eps_avg_yearly": 0,
            "eps_latest_yearly": 0,
            "eps_growth_yearly": 0
        },
        "20033": {
            "year_quarter": 20033,
            "year": 2003,
            "quarter": 3,
            "eps": null,
            "eps_growth_year": null,
            "eps_4q": null,
            "eps_4q_growth_year": null,
            "roe": null,
            "roe_4q": 0,
            "gross_profit": null,
            "gross_margin": null,
            "gross_margin_4q_avg": 0,
            "net_income": null,
            "net_income_4q": null,
            "revenue": null,
            "revenue_4q": null,
            "common_shares": null,
            "book_valuer_per_share": null,
            "book_valuer_per_share_4q_avg": 0,
            "equity": null,
            "current_ratio": null,
            "debt_ratio": null,
            "inventory_turnover_ratio": null,
            "account_receivable_turnover_ratio": null,
            "reinvestment_rate": null,
            "research_to_sale_ratio": null,
            "price_fair": 0,
            "eps_avg_yearly": 0,
            "eps_latest_yearly": 0,
            "eps_growth_yearly": 0
        },
        "20034": {
            "year_quarter": 20034,
            "year": 2003,
            "quarter": 4,
            "eps": null,
            "eps_growth_year": null,
            "eps_4q": null,
            "eps_4q_growth_year": null,
            "roe": null,
            "roe_4q": 0,
            "gross_profit": null,
            "gross_margin": null,
            "gross_margin_4q_avg": 0,
            "net_income": null,
            "net_income_4q": null,
            "revenue": null,
            "revenue_4q": null,
            "common_shares": 41400,
            "book_valuer_per_share": 9.01,
            "book_valuer_per_share_4q_avg": 2.25,
            "equity": 37315,
            "current_ratio": 147.13,
            "debt_ratio": 31.93,
            "inventory_turnover_ratio": null,
            "account_receivable_turnover_ratio": null,
            "reinvestment_rate": null,
            "research_to_sale_ratio": null,
            "price_fair": 0,
            "eps_avg_yearly": 0,
            "eps_latest_yearly": 0,
            "eps_growth_yearly": 0
        },
        "20041": {
            "year_quarter": 20041,
            "year": 2004,
            "quarter": 1,
            "eps": null,
            "eps_growth_year": null,
            "eps_4q": null,
            "eps_4q_growth_year": null,
            "roe": null,
            "roe_4q": 0,
            "gross_profit": null,
            "gross_margin": null,
            "gross_margin_4q_avg": 0,
            "net_income": null,
            "net_income_4q": null,
            "revenue": null,
            "revenue_4q": null,
            "common_shares": null,
            "book_valuer_per_share": null,
            "book_valuer_per_share_4q_avg": 2.25,
            "equity": null,
            "current_ratio": null,
            "debt_ratio": null,
            "inventory_turnover_ratio": null,
            "account_receivable_turnover_ratio": null,
            "reinvestment_rate": null,
            "research_to_sale_ratio": null,
            "price_fair": 0,
            "eps_avg_yearly": 0,
            "eps_latest_yearly": 0,
            "eps_growth_yearly": 0
        },
        "20042": {
            "year_quarter": 20042,
            "year": 2004,
            "quarter": 2,
            "eps": null,
            "eps_growth_year": null,
            "eps_4q": null,
            "eps_4q_growth_year": null,
            "roe": null,
            "roe_4q": 0,
            "gross_profit": null,
            "gross_margin": null,
            "gross_margin_4q_avg": 0,
            "net_income": null,
            "net_income_4q": null,
            "revenue": null,
            "revenue_4q": null,
            "common_shares": null,
            "book_valuer_per_share": null,
            "book_valuer_per_share_4q_avg": 2.25,
            "equity": null,
            "current_ratio": null,
            "debt_ratio": null,
            "inventory_turnover_ratio": null,
            "account_receivable_turnover_ratio": null,
            "reinvestment_rate": null,
            "research_to_sale_ratio": null,
            "price_fair": 0,
            "eps_avg_yearly": 0,
            "eps_latest_yearly": 0,
            "eps_growth_yearly": 0
        },
        "20043": {
            "year_quarter": 20043,
            "year": 2004,
            "quarter": 3,
            "eps": null,
            "eps_growth_year": null,
            "eps_4q": null,
            "eps_4q_growth_year": null,
            "roe": null,
            "roe_4q": 0,
            "gross_profit": null,
            "gross_margin": null,
            "gross_margin_4q_avg": 0,
            "net_income": null,
            "net_income_4q": null,
            "revenue": null,
            "revenue_4q": null,
            "common_shares": null,
            "book_valuer_per_share": null,
            "book_valuer_per_share_4q_avg": 2.25,
            "equity": null,
            "current_ratio": null,
            "debt_ratio": null,
            "inventory_turnover_ratio": null,
            "account_receivable_turnover_ratio": null,
            "reinvestment_rate": null,
            "research_to_sale_ratio": null,
            "price_fair": 0,
            "eps_avg_yearly": 0,
            "eps_latest_yearly": 0,
            "eps_growth_yearly": 0
        },
        "20044": {
            "year_quarter": 20044,
            "year": 2004,
            "quarter": 4,
            "eps": null,
            "eps_growth_year": null,
            "eps_4q": null,
            "eps_4q_growth_year": null,
            "roe": null,
            "roe_4q": 0,
            "gross_profit": null,
            "gross_margin": null,
            "gross_margin_4q_avg": 0,
            "net_income": null,
            "net_income_4q": null,
            "revenue": null,
            "revenue_4q": null,
            "common_shares": 60000,
            "book_valuer_per_share": 7.48,
            "book_valuer_per_share_4q_avg": 1.87,
            "equity": 44874,
            "current_ratio": 196.73,
            "debt_ratio": 12.89,
            "inventory_turnover_ratio": null,
            "account_receivable_turnover_ratio": null,
            "reinvestment_rate": null,
            "research_to_sale_ratio": null,
            "price_fair": 0,
            "eps_avg_yearly": 0,
            "eps_latest_yearly": 0,
            "eps_growth_yearly": 0
        },
        "20051": {
            "year_quarter": 20051,
            "year": 2005,
            "quarter": 1,
            "eps": null,
            "eps_growth_year": null,
            "eps_4q": null,
            "eps_4q_growth_year": null,
            "roe": null,
            "roe_4q": 0,
            "gross_profit": null,
            "gross_margin": null,
            "gross_margin_4q_avg": 0,
            "net_income": null,
            "net_income_4q": null,
            "revenue": null,
            "revenue_4q": null,
            "common_shares": null,
            "book_valuer_per_share": null,
            "book_valuer_per_share_4q_avg": 1.87,
            "equity": null,
            "current_ratio": null,
            "debt_ratio": null,
            "inventory_turnover_ratio": null,
            "account_receivable_turnover_ratio": null,
            "reinvestment_rate": null,
            "research_to_sale_ratio": null,
            "price_fair": 0,
            "eps_avg_yearly": 0,
            "eps_latest_yearly": 0,
            "eps_growth_yearly": 0
        },
        "20052": {
            "year_quarter": 20052,
            "year": 2005,
            "quarter": 2,
            "eps": null,
            "eps_growth_year": null,
            "eps_4q": null,
            "eps_4q_growth_year": null,
            "roe": null,
            "roe_4q": 0,
            "gross_profit": null,
            "gross_margin": null,
            "gross_margin_4q_avg": 0,
            "net_income": null,
            "net_income_4q": null,
            "revenue": null,
            "revenue_4q": null,
            "common_shares": null,
            "book_valuer_per_share": null,
            "book_valuer_per_share_4q_avg": 1.87,
            "equity": null,
            "current_ratio": null,
            "debt_ratio": null,
            "inventory_turnover_ratio": null,
            "account_receivable_turnover_ratio": null,
            "reinvestment_rate": null,
            "research_to_sale_ratio": null,
            "price_fair": 0,
            "eps_avg_yearly": 0,
            "eps_latest_yearly": 0,
            "eps_growth_yearly": 0
        },
        "20053": {
            "year_quarter": 20053,
            "year": 2005,
            "quarter": 3,
            "eps": null,
            "eps_growth_year": null,
            "eps_4q": null,
            "eps_4q_growth_year": null,
            "roe": null,
            "roe_4q": 0,
            "gross_profit": null,
            "gross_margin": null,
            "gross_margin_4q_avg": 0,
            "net_income": null,
            "net_income_4q": null,
            "revenue": null,
            "revenue_4q": null,
            "common_shares": null,
            "book_valuer_per_share": null,
            "book_valuer_per_share_4q_avg": 1.87,
            "equity": null,
            "current_ratio": null,
            "debt_ratio": null,
            "inventory_turnover_ratio": null,
            "account_receivable_turnover_ratio": null,
            "reinvestment_rate": null,
            "research_to_sale_ratio": null,
            "price_fair": 0,
            "eps_avg_yearly": 0,
            "eps_latest_yearly": 0,
            "eps_growth_yearly": 0
        },
        "20054": {
            "year_quarter": 20054,
            "year": 2005,
            "quarter": 4,
            "eps": null,
            "eps_growth_year": null,
            "eps_4q": null,
            "eps_4q_growth_year": null,
            "roe": null,
            "roe_4q": 0,
            "gross_profit": null,
            "gross_margin": null,
            "gross_margin_4q_avg": 0,
            "net_income": null,
            "net_income_4q": null,
            "revenue": null,
            "revenue_4q": null,
            "common_shares": 60000,
            "book_valuer_per_share": 10.71,
            "book_valuer_per_share_4q_avg": 2.68,
            "equity": 64275,
            "current_ratio": 124.36,
            "debt_ratio": 55.17,
            "inventory_turnover_ratio": null,
            "account_receivable_turnover_ratio": null,
            "reinvestment_rate": null,
            "research_to_sale_ratio": null,
            "price_fair": 0,
            "eps_avg_yearly": 0,
            "eps_latest_yearly": 0,
            "eps_growth_yearly": 0
        },
        "20061": {
            "year_quarter": 20061,
            "year": 2006,
            "quarter": 1,
            "eps": null,
            "eps_growth_year": null,
            "eps_4q": null,
            "eps_4q_growth_year": null,
            "roe": null,
            "roe_4q": 0,
            "gross_profit": null,
            "gross_margin": null,
            "gross_margin_4q_avg": 0,
            "net_income": null,
            "net_income_4q": null,
            "revenue": null,
            "revenue_4q": null,
            "common_shares": null,
            "book_valuer_per_share": null,
            "book_valuer_per_share_4q_avg": 2.68,
            "equity": null,
            "current_ratio": null,
            "debt_ratio": null,
            "inventory_turnover_ratio": null,
            "account_receivable_turnover_ratio": null,
            "reinvestment_rate": null,
            "research_to_sale_ratio": null,
            "price_fair": 0,
            "eps_avg_yearly": 0,
            "eps_latest_yearly": 0,
            "eps_growth_yearly": 0
        },
        "20062": {
            "year_quarter": 20062,
            "year": 2006,
            "quarter": 2,
            "eps": null,
            "eps_growth_year": null,
            "eps_4q": null,
            "eps_4q_growth_year": null,
            "roe": null,
            "roe_4q": 0,
            "gross_profit": null,
            "gross_margin": null,
            "gross_margin_4q_avg": 0,
            "net_income": null,
            "net_income_4q": null,
            "revenue": null,
            "revenue_4q": null,
            "common_shares": null,
            "book_valuer_per_share": null,
            "book_valuer_per_share_4q_avg": 2.68,
            "equity": null,
            "current_ratio": null,
            "debt_ratio": null,
            "inventory_turnover_ratio": null,
            "account_receivable_turnover_ratio": null,
            "reinvestment_rate": null,
            "research_to_sale_ratio": null,
            "price_fair": 0,
            "eps_avg_yearly": 0,
            "eps_latest_yearly": 0,
            "eps_growth_yearly": 0
        },
        "20063": {
            "year_quarter": 20063,
            "year": 2006,
            "quarter": 3,
            "eps": null,
            "eps_growth_year": null,
            "eps_4q": null,
            "eps_4q_growth_year": null,
            "roe": null,
            "roe_4q": 0,
            "gross_profit": null,
            "gross_margin": null,
            "gross_margin_4q_avg": 0,
            "net_income": null,
            "net_income_4q": null,
            "revenue": null,
            "revenue_4q": null,
            "common_shares": null,
            "book_valuer_per_share": null,
            "book_valuer_per_share_4q_avg": 2.68,
            "equity": null,
            "current_ratio": null,
            "debt_ratio": null,
            "inventory_turnover_ratio": null,
            "account_receivable_turnover_ratio": null,
            "reinvestment_rate": null,
            "research_to_sale_ratio": null,
            "price_fair": 0,
            "eps_avg_yearly": 0,
            "eps_latest_yearly": 0,
            "eps_growth_yearly": 0
        },
        "20064": {
            "year_quarter": 20064,
            "year": 2006,
            "quarter": 4,
            "eps": null,
            "eps_growth_year": null,
            "eps_4q": null,
            "eps_4q_growth_year": null,
            "roe": null,
            "roe_4q": 0,
            "gross_profit": null,
            "gross_margin": null,
            "gross_margin_4q_avg": 0,
            "net_income": null,
            "net_income_4q": null,
            "revenue": null,
            "revenue_4q": null,
            "common_shares": 100000,
            "book_valuer_per_share": 19.85,
            "book_valuer_per_share_4q_avg": 4.96,
            "equity": 198497,
            "current_ratio": 164.78,
            "debt_ratio": 51.97,
            "inventory_turnover_ratio": null,
            "account_receivable_turnover_ratio": null,
            "reinvestment_rate": null,
            "research_to_sale_ratio": null,
            "price_fair": 0,
            "eps_avg_yearly": 0,
            "eps_latest_yearly": 0,
            "eps_growth_yearly": 0
        },
        "20071": {
            "year_quarter": 20071,
            "year": 2007,
            "quarter": 1,
            "eps": null,
            "eps_growth_year": null,
            "eps_4q": null,
            "eps_4q_growth_year": null,
            "roe": null,
            "roe_4q": 0,
            "gross_profit": null,
            "gross_margin": null,
            "gross_margin_4q_avg": 0,
            "net_income": null,
            "net_income_4q": null,
            "revenue": null,
            "revenue_4q": null,
            "common_shares": null,
            "book_valuer_per_share": null,
            "book_valuer_per_share_4q_avg": 4.96,
            "equity": null,
            "current_ratio": null,
            "debt_ratio": null,
            "inventory_turnover_ratio": null,
            "account_receivable_turnover_ratio": null,
            "reinvestment_rate": null,
            "research_to_sale_ratio": null,
            "price_fair": 0,
            "eps_avg_yearly": 0,
            "eps_latest_yearly": 0,
            "eps_growth_yearly": 0
        },
        "20072": {
            "year_quarter": 20072,
            "year": 2007,
            "quarter": 2,
            "eps": null,
            "eps_growth_year": null,
            "eps_4q": null,
            "eps_4q_growth_year": null,
            "roe": null,
            "roe_4q": 0,
            "gross_profit": null,
            "gross_margin": null,
            "gross_margin_4q_avg": 0,
            "net_income": null,
            "net_income_4q": null,
            "revenue": null,
            "revenue_4q": null,
            "common_shares": null,
            "book_valuer_per_share": null,
            "book_valuer_per_share_4q_avg": 4.96,
            "equity": null,
            "current_ratio": null,
            "debt_ratio": null,
            "inventory_turnover_ratio": null,
            "account_receivable_turnover_ratio": null,
            "reinvestment_rate": null,
            "research_to_sale_ratio": null,
            "price_fair": 0,
            "eps_avg_yearly": 0,
            "eps_latest_yearly": 0,
            "eps_growth_yearly": 0
        },
        "20073": {
            "year_quarter": 20073,
            "year": 2007,
            "quarter": 3,
            "eps": 0.13,
            "eps_growth_year": null,
            "eps_4q": null,
            "eps_4q_growth_year": null,
            "roe": 0.57,
            "roe_4q": 0.57,
            "gross_profit": 15358,
            "gross_margin": 10.67,
            "gross_margin_4q_avg": 2.67,
            "net_income": 1330,
            "net_income_4q": null,
            "revenue": 143945,
            "revenue_4q": null,
            "common_shares": 100000,
            "book_valuer_per_share": 23.32,
            "book_valuer_per_share_4q_avg": 10.79,
            "equity": 233169,
            "current_ratio": 202.96,
            "debt_ratio": 37.71,
            "inventory_turnover_ratio": 0.8,
            "account_receivable_turnover_ratio": null,
            "reinvestment_rate": null,
            "research_to_sale_ratio": null,
            "price_fair": 0,
            "eps_avg_yearly": 0,
            "eps_latest_yearly": 0,
            "eps_growth_yearly": 0
        },
        "20074": {
            "year_quarter": 20074,
            "year": 2007,
            "quarter": 4,
            "eps": 6.09,
            "eps_growth_year": null,
            "eps_4q": null,
            "eps_4q_growth_year": null,
            "roe": 7.39,
            "roe_4q": 7.96,
            "gross_profit": 69092,
            "gross_margin": 21.31,
            "gross_margin_4q_avg": 8,
            "net_income": 72165,
            "net_income_4q": null,
            "revenue": 324159,
            "revenue_4q": null,
            "common_shares": 940000,
            "book_valuer_per_share": 18.21,
            "book_valuer_per_share_4q_avg": 10.38,
            "equity": 1719649,
            "current_ratio": 145.5,
            "debt_ratio": 54.18,
            "inventory_turnover_ratio": 0.44,
            "account_receivable_turnover_ratio": null,
            "reinvestment_rate": null,
            "research_to_sale_ratio": null,
            "price_fair": 852.6,
            "eps_avg_yearly": 24.36,
            "eps_latest_yearly": 24.36,
            "eps_growth_yearly": 18338.46
        },
        "20081": {
            "year_quarter": 20081,
            "year": 2008,
            "quarter": 1,
            "eps": 2.6,
            "eps_growth_year": null,
            "eps_4q": null,
            "eps_4q_growth_year": null,
            "roe": 13.72,
            "roe_4q": 21.68,
            "gross_profit": 471063,
            "gross_margin": 35.8,
            "gross_margin_4q_avg": 16.95,
            "net_income": 254055,
            "net_income_4q": null,
            "revenue": 1315703,
            "revenue_4q": null,
            "common_shares": 940000,
            "book_valuer_per_share": 21.03,
            "book_valuer_per_share_4q_avg": 15.64,
            "equity": 1982827,
            "current_ratio": 182.95,
            "debt_ratio": 40.49,
            "inventory_turnover_ratio": 0.81,
            "account_receivable_turnover_ratio": null,
            "reinvestment_rate": null,
            "research_to_sale_ratio": null,
            "price_fair": 608.3,
            "eps_avg_yearly": 17.38,
            "eps_latest_yearly": 10.4,
            "eps_growth_yearly": 9054.62
        },
        "20082": {
            "year_quarter": 20082,
            "year": 2008,
            "quarter": 2,
            "eps": 2.23,
            "eps_growth_year": null,
            "eps_4q": 5.55,
            "eps_4q_growth_year": null,
            "roe": 9.09,
            "roe_4q": 30.770000000000003,
            "gross_profit": 408281,
            "gross_margin": 24.13,
            "gross_margin_4q_avg": 22.98,
            "net_income": 220865,
            "net_income_4q": null,
            "revenue": 1691836,
            "revenue_4q": null,
            "common_shares": 1010000,
            "book_valuer_per_share": 28.41,
            "book_valuer_per_share_4q_avg": 22.74,
            "equity": 2875910,
            "current_ratio": 213.21,
            "debt_ratio": 37.87,
            "inventory_turnover_ratio": 1.22,
            "account_receivable_turnover_ratio": null,
            "reinvestment_rate": null,
            "research_to_sale_ratio": null,
            "price_fair": 509.6,
            "eps_avg_yearly": 14.56,
            "eps_latest_yearly": 8.92,
            "eps_growth_yearly": 6017.44
        },
        "20083": {
            "year_quarter": 20083,
            "year": 2008,
            "quarter": 3,
            "eps": 3.12,
            "eps_growth_year": 2300,
            "eps_4q": 8.58,
            "eps_4q_growth_year": null,
            "roe": 10.27,
            "roe_4q": 40.47,
            "gross_profit": 504970,
            "gross_margin": 28.54,
            "gross_margin_4q_avg": 27.45,
            "net_income": 313719,
            "net_income_4q": null,
            "revenue": 1769209,
            "revenue_4q": null,
            "common_shares": 1057000,
            "book_valuer_per_share": 30.52,
            "book_valuer_per_share_4q_avg": 24.54,
            "equity": 3231696,
            "current_ratio": 251.64,
            "debt_ratio": 31.65,
            "inventory_turnover_ratio": 1.3,
            "account_receivable_turnover_ratio": null,
            "reinvestment_rate": null,
            "research_to_sale_ratio": null,
            "price_fair": 491.4,
            "eps_avg_yearly": 14.04,
            "eps_latest_yearly": 12.48,
            "eps_growth_yearly": 4552.99
        },
        "20084": {
            "year_quarter": 20084,
            "year": 2008,
            "quarter": 4,
            "eps": 3.6,
            "eps_growth_year": -40.89,
            "eps_4q": 11.37,
            "eps_4q_growth_year": null,
            "roe": 10.74,
            "roe_4q": 43.82,
            "gross_profit": 536288,
            "gross_margin": 25.42,
            "gross_margin_4q_avg": 28.47,
            "net_income": 367196,
            "net_income_4q": null,
            "revenue": 2109670,
            "revenue_4q": null,
            "common_shares": 1057000,
            "book_valuer_per_share": 34.07,
            "book_valuer_per_share_4q_avg": 28.51,
            "equity": 3605317,
            "current_ratio": 247.1,
            "debt_ratio": 32.37,
            "inventory_turnover_ratio": 1.84,
            "account_receivable_turnover_ratio": 3.89,
            "reinvestment_rate": null,
            "research_to_sale_ratio": null,
            "price_fair": 493.92,
            "eps_avg_yearly": 14.11,
            "eps_latest_yearly": 14.4,
            "eps_growth_yearly": 3654.7
        },
        "20091": {
            "year_quarter": 20091,
            "year": 2009,
            "quarter": 1,
            "eps": 4.3,
            "eps_growth_year": 65.38,
            "eps_4q": 12.82,
            "eps_4q_growth_year": null,
            "roe": 10.61,
            "roe_4q": 40.71,
            "gross_profit": 741235,
            "gross_margin": 33.81,
            "gross_margin_4q_avg": 27.98,
            "net_income": 456050,
            "net_income_4q": null,
            "revenue": 2192142,
            "revenue_4q": null,
            "common_shares": 1157880,
            "book_valuer_per_share": 43.09,
            "book_valuer_per_share_4q_avg": 34.02,
            "equity": 4992993,
            "current_ratio": 313.58,
            "debt_ratio": 26.92,
            "inventory_turnover_ratio": 1.87,
            "account_receivable_turnover_ratio": 1.62,
            "reinvestment_rate": null,
            "research_to_sale_ratio": null,
            "price_fair": 511.93,
            "eps_avg_yearly": 14.63,
            "eps_latest_yearly": 17.2,
            "eps_growth_yearly": 3058.54
        },
        "20092": {
            "year_quarter": 20092,
            "year": 2009,
            "quarter": 2,
            "eps": 5.86,
            "eps_growth_year": 162.78,
            "eps_4q": 14.74,
            "eps_4q_growth_year": 165.33,
            "roe": 14.88,
            "roe_4q": 46.5,
            "gross_profit": 1139825,
            "gross_margin": 38.82,
            "gross_margin_4q_avg": 31.65,
            "net_income": 750763,
            "net_income_4q": null,
            "revenue": 2935996,
            "revenue_4q": null,
            "common_shares": 1316430,
            "book_valuer_per_share": 38.7,
            "book_valuer_per_share_4q_avg": 36.6,
            "equity": 5100257,
            "current_ratio": 284.4,
            "debt_ratio": 29.24,
            "inventory_turnover_ratio": 2.18,
            "account_receivable_turnover_ratio": 1.57,
            "reinvestment_rate": null,
            "research_to_sale_ratio": null,
            "price_fair": 556,
            "eps_avg_yearly": 15.89,
            "eps_latest_yearly": 23.44,
            "eps_growth_yearly": 2642.34
        },
        "20093": {
            "year_quarter": 20093,
            "year": 2009,
            "quarter": 3,
            "eps": 7.37,
            "eps_growth_year": 136.22,
            "eps_4q": 19.46,
            "eps_4q_growth_year": 126.66,
            "roe": 17.12,
            "roe_4q": 53.35,
            "gross_profit": 1398429,
            "gross_margin": 38.4,
            "gross_margin_4q_avg": 34.11,
            "net_income": 957997,
            "net_income_4q": null,
            "revenue": 3641749,
            "revenue_4q": null,
            "common_shares": 1316430,
            "book_valuer_per_share": 46.2,
            "book_valuer_per_share_4q_avg": 40.52,
            "equity": 6090729,
            "current_ratio": 272.06,
            "debt_ratio": 31.28,
            "inventory_turnover_ratio": 2.2,
            "account_receivable_turnover_ratio": 1.56,
            "reinvestment_rate": null,
            "research_to_sale_ratio": null,
            "price_fair": 615.48,
            "eps_avg_yearly": 17.59,
            "eps_latest_yearly": 29.48,
            "eps_growth_yearly": 2324.93
        },
        "20094": {
            "year_quarter": 20094,
            "year": 2009,
            "quarter": 4,
            "eps": 6.19,
            "eps_growth_year": 71.94,
            "eps_4q": 22.39,
            "eps_4q_growth_year": 96.93,
            "roe": 12.48,
            "roe_4q": 55.09,
            "gross_profit": 1249295,
            "gross_margin": 31.33,
            "gross_margin_4q_avg": 35.59,
            "net_income": 809289,
            "net_income_4q": null,
            "revenue": 3987307,
            "revenue_4q": null,
            "common_shares": 1316430,
            "book_valuer_per_share": 52.16,
            "book_valuer_per_share_4q_avg": 45.04,
            "equity": 6877472,
            "current_ratio": 263,
            "debt_ratio": 32.08,
            "inventory_turnover_ratio": 2.13,
            "account_receivable_turnover_ratio": 3.55,
            "reinvestment_rate": null,
            "research_to_sale_ratio": null,
            "price_fair": 643.38,
            "eps_avg_yearly": 18.38,
            "eps_latest_yearly": 24.76,
            "eps_growth_yearly": 2059.49
        },
        "20101": {
            "year_quarter": 20101,
            "year": 2010,
            "quarter": 1,
            "eps": 4.17,
            "eps_growth_year": -3.02,
            "eps_4q": 23.02,
            "eps_4q_growth_year": 79.61,
            "roe": 7.72,
            "roe_4q": 52.2,
            "gross_profit": 1117078,
            "gross_margin": 30.3,
            "gross_margin_4q_avg": 34.71,
            "net_income": 552788,
            "net_income_4q": null,
            "revenue": 3686952,
            "revenue_4q": null,
            "common_shares": 1330000,
            "book_valuer_per_share": 55.81,
            "book_valuer_per_share_4q_avg": 48.22,
            "equity": 7436046,
            "current_ratio": 241.29,
            "debt_ratio": 34.49,
            "inventory_turnover_ratio": 1.62,
            "account_receivable_turnover_ratio": 1.48,
            "reinvestment_rate": null,
            "research_to_sale_ratio": 2.75,
            "price_fair": 637.42,
            "eps_avg_yearly": 18.21,
            "eps_latest_yearly": 16.68,
            "eps_growth_yearly": 1840.49
        },
        "20102": {
            "year_quarter": 20102,
            "year": 2010,
            "quarter": 2,
            "eps": 7.3,
            "eps_growth_year": 24.62,
            "eps_4q": 24.65,
            "eps_4q_growth_year": 67.31,
            "roe": 13.44,
            "roe_4q": 50.760000000000005,
            "gross_profit": 1385281,
            "gross_margin": 32.99,
            "gross_margin_4q_avg": 33.26,
            "net_income": 974625,
            "net_income_4q": null,
            "revenue": 4199573,
            "revenue_4q": null,
            "common_shares": 1333050,
            "book_valuer_per_share": 52.92,
            "book_valuer_per_share_4q_avg": 51.77,
            "equity": 7068594,
            "current_ratio": 235.65,
            "debt_ratio": 33.1,
            "inventory_turnover_ratio": 1.64,
            "account_receivable_turnover_ratio": 1.38,
            "reinvestment_rate": null,
            "research_to_sale_ratio": 2.66,
            "price_fair": 672.38,
            "eps_avg_yearly": 19.21,
            "eps_latest_yearly": 29.2,
            "eps_growth_yearly": 1700.47
        },
        "20103": {
            "year_quarter": 20103,
            "year": 2010,
            "quarter": 3,
            "eps": 6.1,
            "eps_growth_year": -17.28,
            "eps_4q": 23.58,
            "eps_4q_growth_year": 21.22,
            "roe": 10.81,
            "roe_4q": 44.45,
            "gross_profit": 1391053,
            "gross_margin": 29.48,
            "gross_margin_4q_avg": 31.03,
            "net_income": 815337,
            "net_income_4q": null,
            "revenue": 4718722,
            "revenue_4q": null,
            "common_shares": 1333050,
            "book_valuer_per_share": 60.05,
            "book_valuer_per_share_4q_avg": 55.24,
            "equity": 8021016,
            "current_ratio": 243.53,
            "debt_ratio": 32.35,
            "inventory_turnover_ratio": 1.84,
            "account_receivable_turnover_ratio": 1.27,
            "reinvestment_rate": null,
            "research_to_sale_ratio": 3.47,
            "price_fair": 687.52,
            "eps_avg_yearly": 19.64,
            "eps_latest_yearly": 24.4,
            "eps_growth_yearly": 1553.28
        },
        "20104": {
            "year_quarter": 20104,
            "year": 2010,
            "quarter": 4,
            "eps": 2.32,
            "eps_growth_year": -62.45,
            "eps_4q": 18.76,
            "eps_4q_growth_year": -16.21,
            "roe": 3.56,
            "roe_4q": 35.53,
            "gross_profit": 992283,
            "gross_margin": 20.76,
            "gross_margin_4q_avg": 28.38,
            "net_income": 332273,
            "net_income_4q": null,
            "revenue": 4779515,
            "revenue_4q": null,
            "common_shares": 1421095,
            "book_valuer_per_share": 74.96,
            "book_valuer_per_share_4q_avg": 60.94,
            "equity": 10671485,
            "current_ratio": 272.99,
            "debt_ratio": 30.71,
            "inventory_turnover_ratio": 1.88,
            "account_receivable_turnover_ratio": 1.43,
            "reinvestment_rate": null,
            "research_to_sale_ratio": 3.16,
            "price_fair": 659.62,
            "eps_avg_yearly": 18.85,
            "eps_latest_yearly": 9.28,
            "eps_growth_yearly": 1414.73
        },
        "20111": {
            "year_quarter": 20111,
            "year": 2011,
            "quarter": 1,
            "eps": 1.96,
            "eps_growth_year": -53,
            "eps_4q": 16.83,
            "eps_4q_growth_year": -26.9,
            "roe": 2.61,
            "roe_4q": 30.42,
            "gross_profit": 573477,
            "gross_margin": 16.02,
            "gross_margin_4q_avg": 24.81,
            "net_income": 281572,
            "net_income_4q": null,
            "revenue": 3578845,
            "revenue_4q": null,
            "common_shares": 1421095,
            "book_valuer_per_share": 76.47,
            "book_valuer_per_share_4q_avg": 66.1,
            "equity": 10888788,
            "current_ratio": 294.13,
            "debt_ratio": 27.49,
            "inventory_turnover_ratio": 1.37,
            "account_receivable_turnover_ratio": 1.5,
            "reinvestment_rate": null,
            "research_to_sale_ratio": 3.17,
            "price_fair": 632.1,
            "eps_avg_yearly": 18.06,
            "eps_latest_yearly": 7.84,
            "eps_growth_yearly": 1309.24
        },
        "20112": {
            "year_quarter": 20112,
            "year": 2011,
            "quarter": 2,
            "eps": -0.29,
            "eps_growth_year": -104.04,
            "eps_4q": 9.19,
            "eps_4q_growth_year": -62.71,
            "roe": -0.44,
            "roe_4q": 16.54,
            "gross_profit": 562118,
            "gross_margin": 13.92,
            "gross_margin_4q_avg": 20.05,
            "net_income": -46317,
            "net_income_4q": null,
            "revenue": 4038506,
            "revenue_4q": null,
            "common_shares": 1423420,
            "book_valuer_per_share": 70.14,
            "book_valuer_per_share_4q_avg": 70.41,
            "equity": 10003166,
            "current_ratio": 220.46,
            "debt_ratio": 34.56,
            "inventory_turnover_ratio": 1.4,
            "account_receivable_turnover_ratio": 1.59,
            "reinvestment_rate": 53.41,
            "research_to_sale_ratio": 3.37,
            "price_fair": 632.1,
            "eps_avg_yearly": 18.06,
            "eps_latest_yearly": 7.84,
            "eps_growth_yearly": 1309.24
        },
        "20113": {
            "year_quarter": 20113,
            "year": 2011,
            "quarter": 3,
            "eps": 1.64,
            "eps_growth_year": -73.17,
            "eps_4q": 5.39,
            "eps_4q_growth_year": -77.14,
            "roe": 2.43,
            "roe_4q": 8.16,
            "gross_profit": 433881,
            "gross_margin": 8.85,
            "gross_margin_4q_avg": 14.89,
            "net_income": 247858,
            "net_income_4q": null,
            "revenue": 4901927,
            "revenue_4q": null,
            "common_shares": 1498239,
            "book_valuer_per_share": 69.12,
            "book_valuer_per_share_4q_avg": 72.67,
            "equity": 10377011,
            "current_ratio": 213.51,
            "debt_ratio": 31.76,
            "inventory_turnover_ratio": 1.82,
            "account_receivable_turnover_ratio": 1.47,
            "reinvestment_rate": 62.23,
            "research_to_sale_ratio": 2.47,
            "price_fair": 632.1,
            "eps_avg_yearly": 18.06,
            "eps_latest_yearly": 7.84,
            "eps_growth_yearly": 1309.24
        },
        "20114": {
            "year_quarter": 20114,
            "year": 2011,
            "quarter": 4,
            "eps": -0.4,
            "eps_growth_year": -117.3,
            "eps_4q": 2.79,
            "eps_4q_growth_year": -85.12,
            "roe": -0.58,
            "roe_4q": 4.02,
            "gross_profit": 226747,
            "gross_margin": 5.67,
            "gross_margin_4q_avg": 11.12,
            "net_income": -60329,
            "net_income_4q": null,
            "revenue": 3997859,
            "revenue_4q": null,
            "common_shares": 1501149,
            "book_valuer_per_share": 70.25,
            "book_valuer_per_share_4q_avg": 71.5,
            "equity": 10567672,
            "current_ratio": 241.04,
            "debt_ratio": 25.78,
            "inventory_turnover_ratio": 2,
            "account_receivable_turnover_ratio": 1.24,
            "reinvestment_rate": 66.6,
            "research_to_sale_ratio": 3.41,
            "price_fair": 52.73,
            "eps_avg_yearly": 17.58,
            "eps_latest_yearly": 7.84,
            "eps_growth_yearly": -0.69
        },
        "20121": {
            "year_quarter": 20121,
            "year": 2012,
            "quarter": 1,
            "eps": -1.13,
            "eps_growth_year": -157.65,
            "eps_4q": -0.19,
            "eps_4q_growth_year": -101.11,
            "roe": -1.62,
            "roe_4q": -0.21000000000000002,
            "gross_profit": 186003,
            "gross_margin": 7.32,
            "gross_margin_4q_avg": 8.94,
            "net_income": -168586,
            "net_income_4q": null,
            "revenue": 2539609,
            "revenue_4q": null,
            "common_shares": 1506204,
            "book_valuer_per_share": 68.17,
            "book_valuer_per_share_4q_avg": 69.42,
            "equity": 10289728,
            "current_ratio": 266.1,
            "debt_ratio": 21.47,
            "inventory_turnover_ratio": 1.63,
            "account_receivable_turnover_ratio": 1.2,
            "reinvestment_rate": 70.85,
            "research_to_sale_ratio": 5.13,
            "price_fair": 515.21,
            "eps_avg_yearly": 18.17,
            "eps_latest_yearly": 7.84,
            "eps_growth_yearly": 18.35
        },
        "20122": {
            "year_quarter": 20122,
            "year": 2012,
            "quarter": 2,
            "eps": -2.58,
            "eps_growth_year": null,
            "eps_4q": -2.47,
            "eps_4q_growth_year": -126.9,
            "roe": -3.87,
            "roe_4q": -3.64,
            "gross_profit": -105884,
            "gross_margin": -4.63,
            "gross_margin_4q_avg": 4.3,
            "net_income": -390094,
            "net_income_4q": null,
            "revenue": 2284935,
            "revenue_4q": null,
            "common_shares": 1506204,
            "book_valuer_per_share": 65.32,
            "book_valuer_per_share_4q_avg": 68.22,
            "equity": 9860628,
            "current_ratio": 229.9,
            "debt_ratio": 22.51,
            "inventory_turnover_ratio": 1.78,
            "account_receivable_turnover_ratio": 1.47,
            "reinvestment_rate": 84.23,
            "research_to_sale_ratio": 9.41,
            "price_fair": 665.51,
            "eps_avg_yearly": 19.01,
            "eps_latest_yearly": 7.84,
            "eps_growth_yearly": 25.19
        },
        "20123": {
            "year_quarter": 20123,
            "year": 2012,
            "quarter": 3,
            "eps": 0.21,
            "eps_growth_year": -87.2,
            "eps_4q": -3.89,
            "eps_4q_growth_year": -172.13,
            "roe": 0.31,
            "roe_4q": -5.76,
            "gross_profit": 378109,
            "gross_margin": 9.56,
            "gross_margin_4q_avg": 4.48,
            "net_income": 30365,
            "net_income_4q": null,
            "revenue": 3953396,
            "revenue_4q": null,
            "common_shares": 1509884,
            "book_valuer_per_share": 65.01,
            "book_valuer_per_share_4q_avg": 67.19,
            "equity": 9835272,
            "current_ratio": 170.76,
            "debt_ratio": 31.45,
            "inventory_turnover_ratio": 2.49,
            "account_receivable_turnover_ratio": 1.73,
            "reinvestment_rate": 94.76,
            "research_to_sale_ratio": 1.36,
            "price_fair": 427.73,
            "eps_avg_yearly": 19.67,
            "eps_latest_yearly": 7.84,
            "eps_growth_yearly": 11.75
        },
        "20124": {
            "year_quarter": 20124,
            "year": 2012,
            "quarter": 4,
            "eps": 1.14,
            "eps_growth_year": null,
            "eps_4q": -2.34,
            "eps_4q_growth_year": -183.93,
            "roe": 1.73,
            "roe_4q": -3.45,
            "gross_profit": 621513,
            "gross_margin": 14.38,
            "gross_margin_4q_avg": 6.66,
            "net_income": 171783,
            "net_income_4q": null,
            "revenue": 4322764,
            "revenue_4q": null,
            "common_shares": 1510039,
            "book_valuer_per_share": 66.03,
            "book_valuer_per_share_4q_avg": 66.13,
            "equity": 9990043,
            "current_ratio": 180.13,
            "debt_ratio": 28.76,
            "inventory_turnover_ratio": 2.74,
            "account_receivable_turnover_ratio": 1.44,
            "reinvestment_rate": 99.42,
            "research_to_sale_ratio": 2.42,
            "price_fair": 653.94,
            "eps_avg_yearly": 18.68,
            "eps_latest_yearly": 4.56,
            "eps_growth_yearly": 182.74
        },
        "20131": {
            "year_quarter": 20131,
            "year": 2013,
            "quarter": 1,
            "eps": 1.17,
            "eps_growth_year": null,
            "eps_4q": -0.05,
            "eps_4q_growth_year": null,
            "roe": 1.73,
            "roe_4q": -0.10000000000000009,
            "gross_profit": 380178,
            "gross_margin": 13.35,
            "gross_margin_4q_avg": 8.17,
            "net_income": 175199,
            "net_income_4q": null,
            "revenue": 2847971,
            "revenue_4q": null,
            "common_shares": 1512454,
            "book_valuer_per_share": 67.9,
            "book_valuer_per_share_4q_avg": 66.07,
            "equity": 10286843,
            "current_ratio": 227.49,
            "debt_ratio": 20.89,
            "inventory_turnover_ratio": 2.55,
            "account_receivable_turnover_ratio": 1.25,
            "reinvestment_rate": 96.92,
            "research_to_sale_ratio": 3.55,
            "price_fair": 610.12,
            "eps_avg_yearly": 17.43,
            "eps_latest_yearly": 4.68,
            "eps_growth_yearly": 176.01
        },
        "20132": {
            "year_quarter": 20132,
            "year": 2013,
            "quarter": 2,
            "eps": -1.32,
            "eps_growth_year": null,
            "eps_4q": 1.2,
            "eps_4q_growth_year": null,
            "roe": -1.98,
            "roe_4q": 1.79,
            "gross_profit": 229298,
            "gross_margin": 11.68,
            "gross_margin_4q_avg": 12.24,
            "net_income": -201640,
            "net_income_4q": null,
            "revenue": 1963841,
            "revenue_4q": null,
            "common_shares": 1512454,
            "book_valuer_per_share": 66.44,
            "book_valuer_per_share_4q_avg": 66.35,
            "equity": 10063599,
            "current_ratio": 222.29,
            "debt_ratio": 20.23,
            "inventory_turnover_ratio": 2.19,
            "account_receivable_turnover_ratio": 1.55,
            "reinvestment_rate": 109.44,
            "research_to_sale_ratio": 10.32,
            "price_fair": 586.76,
            "eps_avg_yearly": 16.76,
            "eps_latest_yearly": 4.68,
            "eps_growth_yearly": 179.44
        },
        "20133": {
            "year_quarter": 20133,
            "year": 2013,
            "quarter": 3,
            "eps": -1.97,
            "eps_growth_year": -1041.09,
            "eps_4q": -0.97,
            "eps_4q_growth_year": null,
            "roe": -3.03,
            "roe_4q": -1.5499999999999998,
            "gross_profit": 16487,
            "gross_margin": 0.77,
            "gross_margin_4q_avg": 10.05,
            "net_income": -299283,
            "net_income_4q": null,
            "revenue": 2139833,
            "revenue_4q": null,
            "common_shares": 1512454,
            "book_valuer_per_share": 64.1,
            "book_valuer_per_share_4q_avg": 66.12,
            "equity": 9708285,
            "current_ratio": 219.6,
            "debt_ratio": 20.02,
            "inventory_turnover_ratio": 2.76,
            "account_receivable_turnover_ratio": 1.76,
            "reinvestment_rate": 143.09,
            "research_to_sale_ratio": 4.28,
            "price_fair": 531.13,
            "eps_avg_yearly": 15.18,
            "eps_latest_yearly": 4.68,
            "eps_growth_yearly": 188.99
        },
        "20134": {
            "year_quarter": 20134,
            "year": 2013,
            "quarter": 4,
            "eps": -8.65,
            "eps_growth_year": -857.57,
            "eps_4q": -10.76,
            "eps_4q_growth_year": null,
            "roe": -14.43,
            "roe_4q": -17.71,
            "gross_profit": -63538,
            "gross_margin": -4.82,
            "gross_margin_4q_avg": 5.25,
            "net_income": -1310152,
            "net_income_4q": null,
            "revenue": 1318030,
            "revenue_4q": null,
            "common_shares": 1512784,
            "book_valuer_per_share": 55.8,
            "book_valuer_per_share_4q_avg": 63.56,
            "equity": 8452862,
            "current_ratio": 244.63,
            "debt_ratio": 17.39,
            "inventory_turnover_ratio": 2.26,
            "account_receivable_turnover_ratio": 1.18,
            "reinvestment_rate": 222.03,
            "research_to_sale_ratio": 10.29,
            "price_fair": 483.2,
            "eps_avg_yearly": 13.81,
            "eps_latest_yearly": 4.68,
            "eps_growth_yearly": 225.14
        },
        "20141": {
            "year_quarter": 20141,
            "year": 2014,
            "quarter": 1,
            "eps": -1.4,
            "eps_growth_year": -219.66,
            "eps_4q": -13.33,
            "eps_4q_growth_year": null,
            "roe": -2.56,
            "roe_4q": -22,
            "gross_profit": 24413,
            "gross_margin": 1.74,
            "gross_margin_4q_avg": 2.34,
            "net_income": -214082,
            "net_income_4q": null,
            "revenue": 1399941,
            "revenue_4q": null,
            "common_shares": 1512784,
            "book_valuer_per_share": 54.72,
            "book_valuer_per_share_4q_avg": 60.27,
            "equity": 8286825,
            "current_ratio": 232.82,
            "debt_ratio": 18.83,
            "inventory_turnover_ratio": 2.82,
            "account_receivable_turnover_ratio": 1.62,
            "reinvestment_rate": 542.29,
            "research_to_sale_ratio": 4,
            "price_fair": 466.43,
            "eps_avg_yearly": 13.33,
            "eps_latest_yearly": 4.68,
            "eps_growth_yearly": 284.42
        },
        "20142": {
            "year_quarter": 20142,
            "year": 2014,
            "quarter": 2,
            "eps": -1.44,
            "eps_growth_year": null,
            "eps_4q": -13.45,
            "eps_4q_growth_year": -1216.46,
            "roe": -2.7,
            "roe_4q": -22.72,
            "gross_profit": 90803,
            "gross_margin": 5.43,
            "gross_margin_4q_avg": 0.78,
            "net_income": -219910,
            "net_income_4q": null,
            "revenue": 1672341,
            "revenue_4q": null,
            "common_shares": 1512829,
            "book_valuer_per_share": 52.76,
            "book_valuer_per_share_4q_avg": 56.85,
            "equity": 7987447,
            "current_ratio": 243.71,
            "debt_ratio": 18.02,
            "inventory_turnover_ratio": 3.37,
            "account_receivable_turnover_ratio": 1.96,
            "reinvestment_rate": null,
            "research_to_sale_ratio": 3.33,
            "price_fair": 355.32,
            "eps_avg_yearly": 10.15,
            "eps_latest_yearly": 4.68,
            "eps_growth_yearly": 281.25
        },
        "20143": {
            "year_quarter": 20143,
            "year": 2014,
            "quarter": 3,
            "eps": -3.14,
            "eps_growth_year": null,
            "eps_4q": -14.62,
            "eps_4q_growth_year": null,
            "roe": -6.13,
            "roe_4q": -25.82,
            "gross_profit": -229092,
            "gross_margin": -21.37,
            "gross_margin_4q_avg": -4.76,
            "net_income": -477023,
            "net_income_4q": null,
            "revenue": 1072187,
            "revenue_4q": null,
            "common_shares": 1512829,
            "book_valuer_per_share": 50.07,
            "book_valuer_per_share_4q_avg": 53.34,
            "equity": 7579114,
            "current_ratio": 233.58,
            "debt_ratio": 17.09,
            "inventory_turnover_ratio": 3.43,
            "account_receivable_turnover_ratio": 1.5,
            "reinvestment_rate": null,
            "research_to_sale_ratio": 4.55,
            "price_fair": 230.65,
            "eps_avg_yearly": 6.59,
            "eps_latest_yearly": 4.68,
            "eps_growth_yearly": 368
        },
        "20144": {
            "year_quarter": 20144,
            "year": 2014,
            "quarter": 4,
            "eps": -5.94,
            "eps_growth_year": null,
            "eps_4q": -11.92,
            "eps_4q_growth_year": null,
            "roe": -12.55,
            "roe_4q": -23.939999999999998,
            "gross_profit": -56264,
            "gross_margin": -5.36,
            "gross_margin_4q_avg": -4.89,
            "net_income": -901724,
            "net_income_4q": null,
            "revenue": 1049347,
            "revenue_4q": null,
            "common_shares": 1513276,
            "book_valuer_per_share": 44.89,
            "book_valuer_per_share_4q_avg": 50.61,
            "equity": 6795229,
            "current_ratio": 230.51,
            "debt_ratio": 19.63,
            "inventory_turnover_ratio": 3.31,
            "account_receivable_turnover_ratio": 1.46,
            "reinvestment_rate": null,
            "research_to_sale_ratio": 3.58,
            "price_fair": 199.27,
            "eps_avg_yearly": 5.69,
            "eps_latest_yearly": 4.68,
            "eps_growth_yearly": 573.3
        },
        "20151": {
            "year_quarter": 20151,
            "year": 2015,
            "quarter": 1,
            "eps": -1.54,
            "eps_growth_year": null,
            "eps_4q": -12.06,
            "eps_4q_growth_year": null,
            "roe": -3.49,
            "roe_4q": -24.869999999999997,
            "gross_profit": -58804,
            "gross_margin": -6.89,
            "gross_margin_4q_avg": -7.05,
            "net_income": -232382,
            "net_income_4q": null,
            "revenue": 853955,
            "revenue_4q": null,
            "common_shares": 1513276,
            "book_valuer_per_share": 43.15,
            "book_valuer_per_share_4q_avg": 47.72,
            "equity": 6533250,
            "current_ratio": 245.06,
            "debt_ratio": 18.46,
            "inventory_turnover_ratio": 3.02,
            "account_receivable_turnover_ratio": 1.1,
            "reinvestment_rate": null,
            "research_to_sale_ratio": 3.73,
            "price_fair": 161.7,
            "eps_avg_yearly": 4.62,
            "eps_latest_yearly": 4.68,
            "eps_growth_yearly": 890.98
        },
        "20152": {
            "year_quarter": 20152,
            "year": 2015,
            "quarter": 2,
            "eps": -2.16,
            "eps_growth_year": null,
            "eps_4q": -12.79,
            "eps_4q_growth_year": null,
            "roe": -5.26,
            "roe_4q": -27.43,
            "gross_profit": -157613,
            "gross_margin": -28.05,
            "gross_margin_4q_avg": -15.42,
            "net_income": -334447,
            "net_income_4q": null,
            "revenue": 561893,
            "revenue_4q": null,
            "common_shares": 1513276,
            "book_valuer_per_share": 40.74,
            "book_valuer_per_share_4q_avg": 44.71,
            "equity": 6178418,
            "current_ratio": 289.64,
            "debt_ratio": 15.08,
            "inventory_turnover_ratio": 2.93,
            "account_receivable_turnover_ratio": 0.95,
            "reinvestment_rate": null,
            "research_to_sale_ratio": 5.68,
            "price_fair": 161.7,
            "eps_avg_yearly": 4.62,
            "eps_latest_yearly": 4.68,
            "eps_growth_yearly": 890.98
        },
        "20153": {
            "year_quarter": 20153,
            "year": 2015,
            "quarter": 3,
            "eps": -1.32,
            "eps_growth_year": null,
            "eps_4q": -10.97,
            "eps_4q_growth_year": null,
            "roe": -3.26,
            "roe_4q": -24.560000000000002,
            "gross_profit": -65734,
            "gross_margin": -16.39,
            "gross_margin_4q_avg": -14.17,
            "net_income": -200543,
            "net_income_4q": null,
            "revenue": 401114,
            "revenue_4q": null,
            "common_shares": 1513276,
            "book_valuer_per_share": 40.35,
            "book_valuer_per_share_4q_avg": 42.28,
            "equity": 6119138,
            "current_ratio": 316.48,
            "debt_ratio": 14.2,
            "inventory_turnover_ratio": 2.11,
            "account_receivable_turnover_ratio": 1,
            "reinvestment_rate": null,
            "research_to_sale_ratio": 7.62,
            "price_fair": 161.7,
            "eps_avg_yearly": 4.62,
            "eps_latest_yearly": 4.68,
            "eps_growth_yearly": 890.98
        },
        "20154": {
            "year_quarter": 20154,
            "year": 2015,
            "quarter": 4,
            "eps": -12.33,
            "eps_growth_year": null,
            "eps_4q": -17.36,
            "eps_4q_growth_year": null,
            "roe": -36.11,
            "roe_4q": -48.12,
            "gross_profit": -26000,
            "gross_margin": -6.5,
            "gross_margin_4q_avg": -14.46,
            "net_income": -1866769,
            "net_income_4q": null,
            "revenue": 400180,
            "revenue_4q": null,
            "common_shares": 1513276,
            "book_valuer_per_share": 27.8,
            "book_valuer_per_share_4q_avg": 38.01,
            "equity": 4219337,
            "current_ratio": 332.37,
            "debt_ratio": 17.38,
            "inventory_turnover_ratio": 2.12,
            "account_receivable_turnover_ratio": 1.25,
            "reinvestment_rate": null,
            "research_to_sale_ratio": 6.98,
            "price_fair": 161.7,
            "eps_avg_yearly": 4.62,
            "eps_latest_yearly": 4.68,
            "eps_growth_yearly": 890.98
        },
        "20161": {
            "year_quarter": 20161,
            "year": 2016,
            "quarter": 1,
            "eps": -0.37,
            "eps_growth_year": null,
            "eps_4q": -16.19,
            "eps_4q_growth_year": null,
            "roe": -1.33,
            "roe_4q": -45.959999999999994,
            "gross_profit": 39473,
            "gross_margin": 9.09,
            "gross_margin_4q_avg": -10.46,
            "net_income": -55782,
            "net_income_4q": null,
            "revenue": 434444,
            "revenue_4q": null,
            "common_shares": 1513276,
            "book_valuer_per_share": 27.32,
            "book_valuer_per_share_4q_avg": 34.05,
            "equity": 4146099,
            "current_ratio": 360.44,
            "debt_ratio": 15.88,
            "inventory_turnover_ratio": 2.41,
            "account_receivable_turnover_ratio": 1.31,
            "reinvestment_rate": null,
            "research_to_sale_ratio": 3.25,
            "price_fair": 161.7,
            "eps_avg_yearly": 4.62,
            "eps_latest_yearly": 4.68,
            "eps_growth_yearly": 890.98
        },
        "20162": {
            "year_quarter": 20162,
            "year": 2016,
            "quarter": 2,
            "eps": -0.2,
            "eps_growth_year": null,
            "eps_4q": -14.23,
            "eps_4q_growth_year": null,
            "roe": -0.71,
            "roe_4q": -41.41,
            "gross_profit": 55095,
            "gross_margin": 16.27,
            "gross_margin_4q_avg": 0.62,
            "net_income": -29500,
            "net_income_4q": null,
            "revenue": 338550,
            "revenue_4q": null,
            "common_shares": 1513276,
            "book_valuer_per_share": 27.1,
            "book_valuer_per_share_4q_avg": 30.64,
            "equity": 4114750,
            "current_ratio": 389.91,
            "debt_ratio": 14.94,
            "inventory_turnover_ratio": 1.74,
            "account_receivable_turnover_ratio": 1.12,
            "reinvestment_rate": null,
            "research_to_sale_ratio": 3.75,
            "price_fair": 161.7,
            "eps_avg_yearly": 4.62,
            "eps_latest_yearly": 4.68,
            "eps_growth_yearly": 890.98
        },
        "20163": {
            "year_quarter": 20163,
            "year": 2016,
            "quarter": 3,
            "eps": -0.29,
            "eps_growth_year": null,
            "eps_4q": -13.2,
            "eps_4q_growth_year": null,
            "roe": -0.99,
            "roe_4q": -39.14,
            "gross_profit": 22311,
            "gross_margin": 5.8,
            "gross_margin_4q_avg": 6.17,
            "net_income": -40212,
            "net_income_4q": null,
            "revenue": 384721,
            "revenue_4q": null,
            "common_shares": 1513276,
            "book_valuer_per_share": 26.43,
            "book_valuer_per_share_4q_avg": 27.16,
            "equity": 4017873,
            "current_ratio": 369.03,
            "debt_ratio": 15.84,
            "inventory_turnover_ratio": 1.97,
            "account_receivable_turnover_ratio": 1.26,
            "reinvestment_rate": null,
            "research_to_sale_ratio": 3.54,
            "price_fair": 161.7,
            "eps_avg_yearly": 4.62,
            "eps_latest_yearly": 4.68,
            "eps_growth_yearly": 890.98
        },
        "20164": {
            "year_quarter": 20164,
            "year": 2016,
            "quarter": 4,
            "eps": -0.14,
            "eps_growth_year": null,
            "eps_4q": -1.01,
            "eps_4q_growth_year": null,
            "roe": -0.53,
            "roe_4q": -3.56,
            "gross_profit": -3954,
            "gross_margin": -1.32,
            "gross_margin_4q_avg": 7.46,
            "net_income": -21219,
            "net_income_4q": null,
            "revenue": 298666,
            "revenue_4q": null,
            "common_shares": 1513276,
            "book_valuer_per_share": 26.45,
            "book_valuer_per_share_4q_avg": 26.83,
            "equity": 4020943,
            "current_ratio": 400.8,
            "debt_ratio": 15.49,
            "inventory_turnover_ratio": 1.66,
            "account_receivable_turnover_ratio": 1.02,
            "reinvestment_rate": null,
            "research_to_sale_ratio": 4.19,
            "price_fair": 96.06,
            "eps_avg_yearly": 4.68,
            "eps_latest_yearly": 4.68,
            "eps_growth_yearly": 10.53
        },
        "20171": {
            "year_quarter": 20171,
            "year": 2017,
            "quarter": 1,
            "eps": -0.55,
            "eps_growth_year": null,
            "eps_4q": -1.2,
            "eps_4q_growth_year": null,
            "roe": -1.99,
            "roe_4q": -4.22,
            "gross_profit": 22079,
            "gross_margin": 9.35,
            "gross_margin_4q_avg": 7.53,
            "net_income": -79010,
            "net_income_4q": null,
            "revenue": 236089,
            "revenue_4q": null,
            "common_shares": 1513276,
            "book_valuer_per_share": 25.83,
            "book_valuer_per_share_4q_avg": 26.45,
            "equity": 3931837,
            "current_ratio": 454.3,
            "debt_ratio": 13.81,
            "inventory_turnover_ratio": 1.38,
            "account_receivable_turnover_ratio": 1.16,
            "reinvestment_rate": null,
            "research_to_sale_ratio": 5.26,
            "price_fair": 0,
            "eps_avg_yearly": 0,
            "eps_latest_yearly": 0,
            "eps_growth_yearly": 0
        },
        "20172": {
            "year_quarter": 20172,
            "year": 2017,
            "quarter": 2,
            "eps": 0.11,
            "eps_growth_year": null,
            "eps_4q": -0.88,
            "eps_4q_growth_year": null,
            "roe": 0.54,
            "roe_4q": -2.9699999999999998,
            "gross_profit": 47483,
            "gross_margin": 16.9,
            "gross_margin_4q_avg": 7.68,
            "net_income": 21475,
            "net_income_4q": null,
            "revenue": 280944,
            "revenue_4q": null,
            "common_shares": 1513276,
            "book_valuer_per_share": 26.47,
            "book_valuer_per_share_4q_avg": 26.3,
            "equity": 4033685,
            "current_ratio": 505.31,
            "debt_ratio": 13.05,
            "inventory_turnover_ratio": 1.84,
            "account_receivable_turnover_ratio": 1.3,
            "reinvestment_rate": null,
            "research_to_sale_ratio": 4.03,
            "price_fair": 0,
            "eps_avg_yearly": 0,
            "eps_latest_yearly": 0,
            "eps_growth_yearly": 0
        },
        "20173": {
            "year_quarter": 20173,
            "year": 2017,
            "quarter": 3,
            "eps": 0.34,
            "eps_growth_year": null,
            "eps_4q": -0.25,
            "eps_4q_growth_year": null,
            "roe": 1.31,
            "roe_4q": -0.6699999999999999,
            "gross_profit": 25060,
            "gross_margin": 13.47,
            "gross_margin_4q_avg": 9.6,
            "net_income": 53215,
            "net_income_4q": null,
            "revenue": 186106,
            "revenue_4q": null,
            "common_shares": 1513276,
            "book_valuer_per_share": 26.7,
            "book_valuer_per_share_4q_avg": 26.36,
            "equity": 4070357,
            "current_ratio": 550.83,
            "debt_ratio": 12.04,
            "inventory_turnover_ratio": 1.36,
            "account_receivable_turnover_ratio": 0.96,
            "reinvestment_rate": null,
            "research_to_sale_ratio": 5.89,
            "price_fair": 47.6,
            "eps_avg_yearly": 1.36,
            "eps_latest_yearly": 1.36,
            "eps_growth_yearly": 836.36
        },
        "20174": {
            "year_quarter": 20174,
            "year": 2017,
            "quarter": 4,
            "eps": 0.07,
            "eps_growth_year": null,
            "eps_4q": -0.04,
            "eps_4q_growth_year": null,
            "roe": 0.27,
            "roe_4q": 0.13000000000000012,
            "gross_profit": 26949,
            "gross_margin": 14.1,
            "gross_margin_4q_avg": 13.46,
            "net_income": 10907,
            "net_income_4q": null,
            "revenue": 191071,
            "revenue_4q": null,
            "common_shares": 1513276,
            "book_valuer_per_share": 26.87,
            "book_valuer_per_share_4q_avg": 26.47,
            "equity": 4096038,
            "current_ratio": 692.86,
            "debt_ratio": 9.3,
            "inventory_turnover_ratio": 1.43,
            "account_receivable_turnover_ratio": 1.37,
            "reinvestment_rate": null,
            "research_to_sale_ratio": 6.25,
            "price_fair": 28.7,
            "eps_avg_yearly": 0.82,
            "eps_latest_yearly": 0.28,
            "eps_growth_yearly": 259.36
        },
        "20181": {
            "year_quarter": 20181,
            "year": 2018,
            "quarter": 1,
            "eps": -0.24,
            "eps_growth_year": null,
            "eps_4q": 0.28,
            "eps_4q_growth_year": null,
            "roe": -0.87,
            "roe_4q": 1.25,
            "gross_profit": 21233,
            "gross_margin": 13.95,
            "gross_margin_4q_avg": 14.61,
            "net_income": -35709,
            "net_income_4q": null,
            "revenue": 152158,
            "revenue_4q": null,
            "common_shares": 1513276,
            "book_valuer_per_share": 26.97,
            "book_valuer_per_share_4q_avg": 26.75,
            "equity": 4111436,
            "current_ratio": 721.41,
            "debt_ratio": 9,
            "inventory_turnover_ratio": 1.24,
            "account_receivable_turnover_ratio": 1.04,
            "reinvestment_rate": null,
            "research_to_sale_ratio": 14.33,
            "price_fair": 28.7,
            "eps_avg_yearly": 0.82,
            "eps_latest_yearly": 0.28,
            "eps_growth_yearly": 259.36
        },
        "20182": {
            "year_quarter": 20182,
            "year": 2018,
            "quarter": 2,
            "eps": 0.31,
            "eps_growth_year": 181.82,
            "eps_4q": 0.49,
            "eps_4q_growth_year": null,
            "roe": 1.17,
            "roe_4q": 1.88,
            "gross_profit": 40871,
            "gross_margin": 17.99,
            "gross_margin_4q_avg": 14.88,
            "net_income": 48887,
            "net_income_4q": null,
            "revenue": 227230,
            "revenue_4q": null,
            "common_shares": 1513276,
            "book_valuer_per_share": 27.92,
            "book_valuer_per_share_4q_avg": 27.12,
            "equity": 4256985,
            "current_ratio": 673.04,
            "debt_ratio": 9.78,
            "inventory_turnover_ratio": 1.79,
            "account_receivable_turnover_ratio": 1.2,
            "reinvestment_rate": null,
            "research_to_sale_ratio": 6.8,
            "price_fair": 28.7,
            "eps_avg_yearly": 0.82,
            "eps_latest_yearly": 0.28,
            "eps_growth_yearly": 259.36
        },
        "20183": {
            "year_quarter": 20183,
            "year": 2018,
            "quarter": 3,
            "eps": 0.79,
            "eps_growth_year": 132.35,
            "eps_4q": 0.94,
            "eps_4q_growth_year": null,
            "roe": 2.85,
            "roe_4q": 3.4199999999999995,
            "gross_profit": 48774,
            "gross_margin": 19.03,
            "gross_margin_4q_avg": 16.27,
            "net_income": 123516,
            "net_income_4q": null,
            "revenue": 256262,
            "revenue_4q": null,
            "common_shares": 1513276,
            "book_valuer_per_share": 28.88,
            "book_valuer_per_share_4q_avg": 27.66,
            "equity": 4405905,
            "current_ratio": 778.45,
            "debt_ratio": 8.77,
            "inventory_turnover_ratio": 2.07,
            "account_receivable_turnover_ratio": 1.11,
            "reinvestment_rate": null,
            "research_to_sale_ratio": 6.66,
            "price_fair": 56,
            "eps_avg_yearly": 1.6,
            "eps_latest_yearly": 3.16,
            "eps_growth_yearly": 379.36
        },
        "20184": {
            "year_quarter": 20184,
            "year": 2018,
            "quarter": 4,
            "eps": -0.08,
            "eps_growth_year": -218.52,
            "eps_4q": 0.79,
            "eps_4q_growth_year": null,
            "roe": -0.31,
            "roe_4q": 2.84,
            "gross_profit": -9758,
            "gross_margin": -9.46,
            "gross_margin_4q_avg": 10.38,
            "net_income": -13626,
            "net_income_4q": null,
            "revenue": 103143,
            "revenue_4q": null,
            "common_shares": 1513276,
            "book_valuer_per_share": 28.16,
            "book_valuer_per_share_4q_avg": 27.98,
            "equity": 4296732,
            "current_ratio": 839.46,
            "debt_ratio": 8.07,
            "inventory_turnover_ratio": 1.13,
            "account_receivable_turnover_ratio": 0.6,
            "reinvestment_rate": null,
            "research_to_sale_ratio": 17.4,
            "price_fair": 56,
            "eps_avg_yearly": 1.6,
            "eps_latest_yearly": 3.16,
            "eps_growth_yearly": 379.36
        },
        "20191": {
            "year_quarter": 20191,
            "year": 2019,
            "quarter": 1,
            "eps": -0.1,
            "eps_growth_year": null,
            "eps_4q": 0.92,
            "eps_4q_growth_year": 227.62,
            "roe": -0.33,
            "roe_4q": 3.38,
            "gross_profit": 3744,
            "gross_margin": 2.72,
            "gross_margin_4q_avg": 7.57,
            "net_income": -14441,
            "net_income_4q": null,
            "revenue": 137717,
            "revenue_4q": null,
            "common_shares": 1513276,
            "book_valuer_per_share": 29.23,
            "book_valuer_per_share_4q_avg": 28.55,
            "equity": 4457876,
            "current_ratio": 861.83,
            "debt_ratio": 8.56,
            "inventory_turnover_ratio": 1.2,
            "account_receivable_turnover_ratio": 1.26,
            "reinvestment_rate": null,
            "research_to_sale_ratio": 10.02,
            "price_fair": 56,
            "eps_avg_yearly": 1.6,
            "eps_latest_yearly": 3.16,
            "eps_growth_yearly": 379.36
        },
        "20192": {
            "year_quarter": 20192,
            "year": 2019,
            "quarter": 2,
            "eps": 0.02,
            "eps_growth_year": -93.55,
            "eps_4q": 0.63,
            "eps_4q_growth_year": 29.83,
            "roe": 0.03,
            "roe_4q": 2.24,
            "gross_profit": 29180,
            "gross_margin": 14.91,
            "gross_margin_4q_avg": 6.8,
            "net_income": 1502,
            "net_income_4q": null,
            "revenue": 195691,
            "revenue_4q": null,
            "common_shares": 1513276,
            "book_valuer_per_share": 29.96,
            "book_valuer_per_share_4q_avg": 29.06,
            "equity": 4567509,
            "current_ratio": 687.59,
            "debt_ratio": 10.54,
            "inventory_turnover_ratio": 1.29,
            "account_receivable_turnover_ratio": 1.57,
            "reinvestment_rate": null,
            "research_to_sale_ratio": 7.06,
            "price_fair": 56,
            "eps_avg_yearly": 1.6,
            "eps_latest_yearly": 3.16,
            "eps_growth_yearly": 379.36
        },
        "20193": {
            "year_quarter": 20193,
            "year": 2019,
            "quarter": 3,
            "eps": 0.8,
            "eps_growth_year": 1.27,
            "eps_4q": 0.63,
            "eps_4q_growth_year": -32.62,
            "roe": 2.64,
            "roe_4q": 2.03,
            "gross_profit": 36937,
            "gross_margin": 14.18,
            "gross_margin_4q_avg": 5.59,
            "net_income": 121550,
            "net_income_4q": null,
            "revenue": 260474,
            "revenue_4q": null,
            "common_shares": 1513276,
            "book_valuer_per_share": 30.34,
            "book_valuer_per_share_4q_avg": 29.42,
            "equity": 4626629,
            "current_ratio": 765.63,
            "debt_ratio": 9.66,
            "inventory_turnover_ratio": 1.51,
            "account_receivable_turnover_ratio": 1.54,
            "reinvestment_rate": null,
            "research_to_sale_ratio": 5.41,
            "price_fair": 70,
            "eps_avg_yearly": 2,
            "eps_latest_yearly": 3.2,
            "eps_growth_yearly": 4184.52
        },
        "20194": {
            "year_quarter": 20194,
            "year": 2019,
            "quarter": 4,
            "eps": 0.17,
            "eps_growth_year": null,
            "eps_4q": 0.88,
            "eps_4q_growth_year": 12.35,
            "roe": 0.58,
            "roe_4q": 2.92,
            "gross_profit": 72226,
            "gross_margin": 22.63,
            "gross_margin_4q_avg": 13.61,
            "net_income": 27314,
            "net_income_4q": null,
            "revenue": 319199,
            "revenue_4q": null,
            "common_shares": 1513276,
            "book_valuer_per_share": 31,
            "book_valuer_per_share_4q_avg": 30.13,
            "equity": 4727642,
            "current_ratio": 858.31,
            "debt_ratio": 8.8,
            "inventory_turnover_ratio": 1.8,
            "account_receivable_turnover_ratio": 1.66,
            "reinvestment_rate": -647.26,
            "research_to_sale_ratio": 4.2,
            "price_fair": 60.76,
            "eps_avg_yearly": 1.74,
            "eps_latest_yearly": 0.68,
            "eps_growth_yearly": 3284.61
        },
        "20201": {
            "year_quarter": 20201,
            "year": 2020,
            "quarter": 1,
            "eps": -0.05,
            "eps_growth_year": null,
            "eps_4q": 0.93,
            "eps_4q_growth_year": 0.97,
            "roe": -0.18,
            "roe_4q": 3.07,
            "gross_profit": 4391,
            "gross_margin": 3.77,
            "gross_margin_4q_avg": 13.87,
            "net_income": -8374,
            "net_income_4q": null,
            "revenue": 116509,
            "revenue_4q": null,
            "common_shares": 1513276,
            "book_valuer_per_share": 29.04,
            "book_valuer_per_share_4q_avg": 30.09,
            "equity": 4429922,
            "current_ratio": 895.56,
            "debt_ratio": 8.25,
            "inventory_turnover_ratio": 0.8,
            "account_receivable_turnover_ratio": 0.75,
            "reinvestment_rate": -401.85,
            "research_to_sale_ratio": 7.78,
            "price_fair": 60.76,
            "eps_avg_yearly": 1.74,
            "eps_latest_yearly": 0.68,
            "eps_growth_yearly": 3284.61
        },
        "20202": {
            "year_quarter": 20202,
            "year": 2020,
            "quarter": 2,
            "eps": 0.13,
            "eps_growth_year": 550,
            "eps_4q": 1.05,
            "eps_4q_growth_year": 66.1,
            "roe": 0.56,
            "roe_4q": 3.6,
            "gross_profit": 49427,
            "gross_margin": 20.78,
            "gross_margin_4q_avg": 15.34,
            "net_income": 25055,
            "net_income_4q": null,
            "revenue": 237874,
            "revenue_4q": null,
            "common_shares": 1513276,
            "book_valuer_per_share": 29.98,
            "book_valuer_per_share_4q_avg": 30.09,
            "equity": 4576910,
            "current_ratio": 664.98,
            "debt_ratio": 11.28,
            "inventory_turnover_ratio": 1.08,
            "account_receivable_turnover_ratio": 1.85,
            "reinvestment_rate": -266.72,
            "research_to_sale_ratio": 3.86,
            "price_fair": 60.76,
            "eps_avg_yearly": 1.74,
            "eps_latest_yearly": 0.68,
            "eps_growth_yearly": 3284.61
        },
        "20203": {
            "year_quarter": 20203,
            "year": 2020,
            "quarter": 3,
            "eps": 0.95,
            "eps_growth_year": 18.75,
            "eps_4q": 1.2,
            "eps_4q_growth_year": 90.21,
            "roe": 3.29,
            "roe_4q": 4.25,
            "gross_profit": 78604,
            "gross_margin": 28.89,
            "gross_margin_4q_avg": 19.02,
            "net_income": 150207,
            "net_income_4q": null,
            "revenue": 272118,
            "revenue_4q": null,
            "common_shares": 1513276,
            "book_valuer_per_share": 29.78,
            "book_valuer_per_share_4q_avg": 29.95,
            "equity": 4554892,
            "current_ratio": 885.12,
            "debt_ratio": 8.84,
            "inventory_turnover_ratio": 1.13,
            "account_receivable_turnover_ratio": 1.62,
            "reinvestment_rate": -139.01,
            "research_to_sale_ratio": 3.9,
            "price_fair": 72.8,
            "eps_avg_yearly": 2.08,
            "eps_latest_yearly": 3.8,
            "eps_growth_yearly": 3157.69
        },
        "20204": {
            "year_quarter": 20204,
            "year": 2020,
            "quarter": 4,
            "eps": 0.21,
            "eps_growth_year": 25.56,
            "eps_4q": 1.24,
            "eps_4q_growth_year": 40.87,
            "roe": 0.75,
            "roe_4q": 4.42,
            "gross_profit": 52311,
            "gross_margin": 17.44,
            "gross_margin_4q_avg": 17.72,
            "net_income": 34620,
            "net_income_4q": null,
            "revenue": 299977,
            "revenue_4q": null,
            "common_shares": 1513276,
            "book_valuer_per_share": 30.65,
            "book_valuer_per_share_4q_avg": 29.86,
            "equity": 4682321,
            "current_ratio": 835.29,
            "debt_ratio": 10.21,
            "inventory_turnover_ratio": 1.38,
            "account_receivable_turnover_ratio": 1.52,
            "reinvestment_rate": -93.14,
            "research_to_sale_ratio": 5.55,
            "price_fair": 66.6,
            "eps_avg_yearly": 1.9,
            "eps_latest_yearly": 0.84,
            "eps_growth_yearly": 2662.08
        },
        "20211": {
            "year_quarter": 20211,
            "year": 2021,
            "quarter": 1,
            "eps": 0.19,
            "eps_growth_year": null,
            "eps_4q": 1.48,
            "eps_4q_growth_year": 58.02,
            "roe": 0.75,
            "roe_4q": 5.35,
            "gross_profit": 70680,
            "gross_margin": 20.96,
            "gross_margin_4q_avg": 22.02,
            "net_income": 35638,
            "net_income_4q": null,
            "revenue": 337229,
            "revenue_4q": null,
            "common_shares": 1513276,
            "book_valuer_per_share": 31.76,
            "book_valuer_per_share_4q_avg": 30.54,
            "equity": 4858883,
            "current_ratio": 695.76,
            "debt_ratio": 11.73,
            "inventory_turnover_ratio": 1.19,
            "account_receivable_turnover_ratio": 1.28,
            "reinvestment_rate": -60.4,
            "research_to_sale_ratio": 2.97,
            "price_fair": 61.6,
            "eps_avg_yearly": 1.76,
            "eps_latest_yearly": 0.76,
            "eps_growth_yearly": 2324.56
        },
        "20212": {
            "year_quarter": 20212,
            "year": 2021,
            "quarter": 2,
            "eps": 0.09,
            "eps_growth_year": -30.77,
            "eps_4q": 1.44,
            "eps_4q_growth_year": 37.65,
            "roe": 0.42,
            "roe_4q": 5.21,
            "gross_profit": 50920,
            "gross_margin": 15.94,
            "gross_margin_4q_avg": 20.81,
            "net_income": 20365,
            "net_income_4q": null,
            "revenue": 319515,
            "revenue_4q": null,
            "common_shares": 1513276,
            "book_valuer_per_share": 32.07,
            "book_valuer_per_share_4q_avg": 31.07,
            "equity": 4910655,
            "current_ratio": 701.81,
            "debt_ratio": 11.49,
            "inventory_turnover_ratio": 1.02,
            "account_receivable_turnover_ratio": 1.11,
            "reinvestment_rate": -39.67,
            "research_to_sale_ratio": 3.3,
            "price_fair": 56.16,
            "eps_avg_yearly": 1.6,
            "eps_latest_yearly": 0.36,
            "eps_growth_yearly": 2042.88
        },
        "20213": {
            "year_quarter": 20213,
            "year": 2021,
            "quarter": 3,
            "eps": 0.99,
            "eps_growth_year": 4.21,
            "eps_4q": 1.48,
            "eps_4q_growth_year": 23.47,
            "roe": 3.09,
            "roe_4q": 5.01,
            "gross_profit": 83378,
            "gross_margin": 19.72,
            "gross_margin_4q_avg": 18.52,
            "net_income": 152715,
            "net_income_4q": null,
            "revenue": 422847,
            "revenue_4q": null,
            "common_shares": 1513276,
            "book_valuer_per_share": 32.41,
            "book_valuer_per_share_4q_avg": 31.72,
            "equity": 4966128,
            "current_ratio": 605.38,
            "debt_ratio": 14.04,
            "inventory_turnover_ratio": 1.12,
            "account_receivable_turnover_ratio": 1.45,
            "reinvestment_rate": -30.61,
            "research_to_sale_ratio": 2.45,
            "price_fair": 66.27,
            "eps_avg_yearly": 1.89,
            "eps_latest_yearly": 3.96,
            "eps_growth_yearly": 2394.4
        },
        "20214": {
            "year_quarter": 20214,
            "year": 2021,
            "quarter": 4,
            "eps": 0.58,
            "eps_growth_year": 170.2,
            "eps_4q": 1.85,
            "eps_4q_growth_year": 48.39,
            "roe": 1.71,
            "roe_4q": 5.97,
            "gross_profit": 76589,
            "gross_margin": 20.72,
            "gross_margin_4q_avg": 19.34,
            "net_income": 87747,
            "net_income_4q": null,
            "revenue": 369700,
            "revenue_4q": null,
            "common_shares": 1513276,
            "book_valuer_per_share": 34.56,
            "book_valuer_per_share_4q_avg": 32.7,
            "equity": 5283497,
            "current_ratio": 795.84,
            "debt_ratio": 12.82,
            "inventory_turnover_ratio": 0.89,
            "account_receivable_turnover_ratio": 1.19,
            "reinvestment_rate": -32.79,
            "research_to_sale_ratio": 3.83,
            "price_fair": 74.2,
            "eps_avg_yearly": 2.12,
            "eps_latest_yearly": 2.32,
            "eps_growth_yearly": 2411.29
        },
        "20221": {
            "year_quarter": 20221,
            "year": 2022,
            "quarter": 1,
            "eps": 0.28,
            "eps_growth_year": 47.37,
            "eps_4q": 1.94,
            "eps_4q_growth_year": 31.32,
            "roe": 0.76,
            "roe_4q": 5.9799999999999995,
            "gross_profit": 83720,
            "gross_margin": 22.27,
            "gross_margin_4q_avg": 19.66,
            "net_income": 42508,
            "net_income_4q": null,
            "revenue": 376005,
            "revenue_4q": null,
            "common_shares": 1513276,
            "book_valuer_per_share": 38.66,
            "book_valuer_per_share_4q_avg": 34.43,
            "equity": 5905752,
            "current_ratio": 917.93,
            "debt_ratio": 11.61,
            "inventory_turnover_ratio": 0.87,
            "account_receivable_turnover_ratio": 1.3,
            "reinvestment_rate": -19.04,
            "research_to_sale_ratio": 2.6,
            "price_fair": 70.7,
            "eps_avg_yearly": 2.02,
            "eps_latest_yearly": 1.12,
            "eps_growth_yearly": 2149.47
        },
        "20222": {
            "year_quarter": 20222,
            "year": 2022,
            "quarter": 2,
            "eps": 0.67,
            "eps_growth_year": 644.44,
            "eps_4q": 2.52,
            "eps_4q_growth_year": 74.51,
            "roe": 1.9,
            "roe_4q": 7.46,
            "gross_profit": 147044,
            "gross_margin": 28.62,
            "gross_margin_4q_avg": 22.83,
            "net_income": 107877,
            "net_income_4q": null,
            "revenue": 513846,
            "revenue_4q": null,
            "common_shares": 1513276,
            "book_valuer_per_share": 35.6,
            "book_valuer_per_share_4q_avg": 35.31,
            "equity": 5448255,
            "current_ratio": 726.1,
            "debt_ratio": 13.71,
            "inventory_turnover_ratio": 1.16,
            "account_receivable_turnover_ratio": 1.5,
            "reinvestment_rate": -15.53,
            "research_to_sale_ratio": 1.88,
            "price_fair": 72.8,
            "eps_avg_yearly": 2.08,
            "eps_latest_yearly": 2.68,
            "eps_growth_yearly": 2004.71
        },
        "20223": {
            "year_quarter": 20223,
            "year": 2022,
            "quarter": 3,
            "eps": 1.54,
            "eps_growth_year": 55.56,
            "eps_4q": 3.07,
            "eps_4q_growth_year": 107,
            "roe": 4.33,
            "roe_4q": 8.7,
            "gross_profit": 86145,
            "gross_margin": 25.28,
            "gross_margin_4q_avg": 24.22,
            "net_income": 240327,
            "net_income_4q": null,
            "revenue": 340800,
            "revenue_4q": null,
            "common_shares": 1513276,
            "book_valuer_per_share": 36.94,
            "book_valuer_per_share_4q_avg": 36.44,
            "equity": 5658272,
            "current_ratio": 1115.8,
            "debt_ratio": 10.38,
            "inventory_turnover_ratio": 0.9,
            "account_receivable_turnover_ratio": 1.02,
            "reinvestment_rate": -7.32,
            "research_to_sale_ratio": 3.09,
            "price_fair": 82.35,
            "eps_avg_yearly": 2.35,
            "eps_latest_yearly": 6.16,
            "eps_growth_yearly": 1995.62
        },
        "20224": {
            "year_quarter": 20224,
            "year": 2022,
            "quarter": 4,
            "eps": 0.26,
            "eps_growth_year": -55.37,
            "eps_4q": 2.75,
            "eps_4q_growth_year": 48.89,
            "roe": 0.76,
            "roe_4q": 7.75,
            "gross_profit": 91333,
            "gross_margin": 29,
            "gross_margin_4q_avg": 26.29,
            "net_income": 43158,
            "net_income_4q": null,
            "revenue": 314995,
            "revenue_4q": null,
            "common_shares": 1513276,
            "book_valuer_per_share": 36.95,
            "book_valuer_per_share_4q_avg": 37.04,
            "equity": 5652654,
            "current_ratio": 1177.64,
            "debt_ratio": 10.02,
            "inventory_turnover_ratio": 0.87,
            "account_receivable_turnover_ratio": 1.27,
            "reinvestment_rate": -9.98,
            "research_to_sale_ratio": 3.54,
            "price_fair": 78.52,
            "eps_avg_yearly": 2.24,
            "eps_latest_yearly": 1.04,
            "eps_growth_yearly": 1801.62
        },
        "20231": {
            "year_quarter": 20231,
            "year": 2023,
            "quarter": 1,
            "eps": 0.39,
            "eps_growth_year": 39.29,
            "eps_4q": 2.87,
            "eps_4q_growth_year": 48.02,
            "roe": 1.21,
            "roe_4q": 8.2,
            "gross_profit": 94252,
            "gross_margin": 31.37,
            "gross_margin_4q_avg": 28.57,
            "net_income": 69563,
            "net_income_4q": null,
            "revenue": 300457,
            "revenue_4q": null,
            "common_shares": 1513276,
            "book_valuer_per_share": 38.01,
            "book_valuer_per_share_4q_avg": 36.88,
            "equity": 5823185,
            "current_ratio": 1246.59,
            "debt_ratio": 9.69,
            "inventory_turnover_ratio": 0.83,
            "account_receivable_turnover_ratio": 1.21,
            "reinvestment_rate": -10.41,
            "research_to_sale_ratio": 3.75,
            "price_fair": 76.68,
            "eps_avg_yearly": 2.19,
            "eps_latest_yearly": 1.56,
            "eps_growth_yearly": 1678.42
        },
        "20232": {
            "year_quarter": 20232,
            "year": 2023,
            "quarter": 2,
            "eps": 0.51,
            "eps_growth_year": -23.88,
            "eps_4q": 2.7,
            "eps_4q_growth_year": 7.52,
            "roe": 1.51,
            "roe_4q": 7.81,
            "gross_profit": 136700,
            "gross_margin": 34.95,
            "gross_margin_4q_avg": 30.15,
            "net_income": 89691,
            "net_income_4q": null,
            "revenue": 391142,
            "revenue_4q": null,
            "common_shares": 1513276,
            "book_valuer_per_share": 39.22,
            "book_valuer_per_share_4q_avg": 37.78,
            "equity": 6019220,
            "current_ratio": 761.56,
            "debt_ratio": 13.3,
            "inventory_turnover_ratio": 0.96,
            "account_receivable_turnover_ratio": 1.25,
            "reinvestment_rate": -4.54,
            "research_to_sale_ratio": 2.78,
            "price_fair": 76.3,
            "eps_avg_yearly": 2.18,
            "eps_latest_yearly": 2.04,
            "eps_growth_yearly": 1567.32
        },
        "20233": {
            "year_quarter": 20233,
            "year": 2023,
            "quarter": 3,
            "eps": 1.85,
            "eps_growth_year": 20.13,
            "eps_4q": 3.01,
            "eps_4q_growth_year": -1.98,
            "roe": 4.77,
            "roe_4q": 8.25,
            "gross_profit": 207496,
            "gross_margin": 39.71,
            "gross_margin_4q_avg": 33.76,
            "net_income": 295254,
            "net_income_4q": null,
            "revenue": 522464,
            "revenue_4q": null,
            "common_shares": 1513276,
            "book_valuer_per_share": 41.4,
            "book_valuer_per_share_4q_avg": 38.9,
            "equity": 6365169,
            "current_ratio": 1097.12,
            "debt_ratio": 10.42,
            "inventory_turnover_ratio": 1.14,
            "account_receivable_turnover_ratio": 1.21,
            "reinvestment_rate": -3.2,
            "research_to_sale_ratio": 2.15,
            "price_fair": 86.8,
            "eps_avg_yearly": 2.48,
            "eps_latest_yearly": 7.4,
            "eps_growth_yearly": 528.1
        }
    },
    "months": {
        "2008-03": {
            "month": "2008-03",
            "price": "106.08",
            "revenue": 592387
        },
        "2008-04": {
            "month": "2008-04",
            "price": "134.75",
            "revenue": 631659
        },
        "2008-05": {
            "month": "2008-05",
            "price": "154.06",
            "revenue": 555369
        },
        "2008-06": {
            "month": "2008-06",
            "price": "134.02",
            "revenue": 508440
        },
        "2008-07": {
            "month": "2008-07",
            "price": "108.58",
            "revenue": 565877
        },
        "2008-08": {
            "month": "2008-08",
            "price": "108.32",
            "revenue": 509170
        },
        "2008-09": {
            "month": "2008-09",
            "price": "89.87",
            "revenue": 673295
        },
        "2008-10": {
            "month": "2008-10",
            "price": "78.33",
            "revenue": 859446
        },
        "2008-11": {
            "month": "2008-11",
            "price": "62.78",
            "revenue": 682390
        },
        "2008-12": {
            "month": "2008-12",
            "price": "56.68",
            "revenue": 540652
        },
        "2009-01": {
            "month": "2009-01",
            "price": "69.52",
            "revenue": 545726
        },
        "2009-02": {
            "month": "2009-02",
            "price": "97.71",
            "revenue": 763352
        },
        "2009-03": {
            "month": "2009-03",
            "price": "209.60",
            "revenue": 877335
        },
        "2009-04": {
            "month": "2009-04",
            "price": "277.84",
            "revenue": 923033
        },
        "2009-05": {
            "month": "2009-05",
            "price": "420.56",
            "revenue": 962531
        },
        "2009-06": {
            "month": "2009-06",
            "price": "361.96",
            "revenue": 1050423
        },
        "2009-07": {
            "month": "2009-07",
            "price": "342.46",
            "revenue": 1092145
        },
        "2009-08": {
            "month": "2009-08",
            "price": "332.72",
            "revenue": 1190310
        },
        "2009-09": {
            "month": "2009-09",
            "price": "398.77",
            "revenue": 1359450
        },
        "2009-10": {
            "month": "2009-10",
            "price": "406.66",
            "revenue": 1556095
        },
        "2009-11": {
            "month": "2009-11",
            "price": "390.52",
            "revenue": 1412657
        },
        "2009-12": {
            "month": "2009-12",
            "price": "369.89",
            "revenue": 1018163
        },
        "2010-01": {
            "month": "2010-01",
            "price": "347.98",
            "revenue": 1112971
        },
        "2010-02": {
            "month": "2010-02",
            "price": "304.89",
            "revenue": 1046776
        },
        "2010-03": {
            "month": "2010-03",
            "price": "303.33",
            "revenue": 1583758
        },
        "2010-04": {
            "month": "2010-04",
            "price": "320.17",
            "revenue": 1443363
        },
        "2010-05": {
            "month": "2010-05",
            "price": "262.14",
            "revenue": 1452812
        },
        "2010-06": {
            "month": "2010-06",
            "price": "247.83",
            "revenue": 1246420
        },
        "2010-07": {
            "month": "2010-07",
            "price": "270.39",
            "revenue": 1291777
        },
        "2010-08": {
            "month": "2010-08",
            "price": "331.05",
            "revenue": 1655264
        },
        "2010-09": {
            "month": "2010-09",
            "price": "379.14",
            "revenue": 1782527
        },
        "2010-10": {
            "month": "2010-10",
            "price": "350.05",
            "revenue": 1859893
        },
        "2010-11": {
            "month": "2010-11",
            "price": "352.70",
            "revenue": 1693230
        },
        "2010-12": {
            "month": "2010-12",
            "price": "289.87",
            "revenue": 1230881
        },
        "2011-01": {
            "month": "2011-01",
            "price": "277.18",
            "revenue": 1258607
        },
        "2011-02": {
            "month": "2011-02",
            "price": "260.68",
            "revenue": 901549
        },
        "2011-03": {
            "month": "2011-03",
            "price": "224.63",
            "revenue": 1418517
        },
        "2011-04": {
            "month": "2011-04",
            "price": "206.13",
            "revenue": 1370797
        },
        "2011-05": {
            "month": "2011-05",
            "price": "188.90",
            "revenue": 1233331
        },
        "2011-06": {
            "month": "2011-06",
            "price": "190.43",
            "revenue": 1433960
        },
        "2011-07": {
            "month": "2011-07",
            "price": "160.21",
            "revenue": 1575949
        },
        "2011-08": {
            "month": "2011-08",
            "price": "104.12",
            "revenue": 1648305
        },
        "2011-09": {
            "month": "2011-09",
            "price": "86.24",
            "revenue": 1677486
        },
        "2011-10": {
            "month": "2011-10",
            "price": "88.54",
            "revenue": 1677738
        },
        "2011-11": {
            "month": "2011-11",
            "price": "76.87",
            "revenue": 1271268
        },
        "2011-12": {
            "month": "2011-12",
            "price": "58.18",
            "revenue": 1051195
        },
        "2012-01": {
            "month": "2012-01",
            "price": "63.35",
            "revenue": 776858
        },
        "2012-02": {
            "month": "2012-02",
            "price": "82.62",
            "revenue": 844023
        },
        "2012-03": {
            "month": "2012-03",
            "price": "80.73",
            "revenue": 918530
        },
        "2012-04": {
            "month": "2012-04",
            "price": "68.84",
            "revenue": 747096
        },
        "2012-05": {
            "month": "2012-05",
            "price": "60.15",
            "revenue": 772723
        },
        "2012-06": {
            "month": "2012-06",
            "price": "60.90",
            "revenue": 765991
        },
        "2012-07": {
            "month": "2012-07",
            "price": "65.46",
            "revenue": 1158141
        },
        "2012-08": {
            "month": "2012-08",
            "price": "72.29",
            "revenue": 1444601
        },
        "2012-09": {
            "month": "2012-09",
            "price": "72.32",
            "revenue": 1350778
        },
        "2012-10": {
            "month": "2012-10",
            "price": "58.93",
            "revenue": 1697526
        },
        "2012-11": {
            "month": "2012-11",
            "price": "58.42",
            "revenue": 1497550
        },
        "2012-12": {
            "month": "2012-12",
            "price": "60.43",
            "revenue": 1138735
        },
        "2013-01": {
            "month": "2013-01",
            "price": "55.25",
            "revenue": 1193629
        },
        "2013-02": {
            "month": "2013-02",
            "price": "55.25",
            "revenue": 621404
        },
        "2013-03": {
            "month": "2013-03",
            "price": "57.58",
            "revenue": 1032667
        },
        "2013-04": {
            "month": "2013-04",
            "price": "53.74",
            "revenue": 712312
        },
        "2013-05": {
            "month": "2013-05",
            "price": "55.71",
            "revenue": 692206
        },
        "2013-06": {
            "month": "2013-06",
            "price": "52.52",
            "revenue": 558543
        },
        "2013-07": {
            "month": "2013-07",
            "price": "47.13",
            "revenue": 722106
        },
        "2013-08": {
            "month": "2013-08",
            "price": "42.06",
            "revenue": 709877
        },
        "2013-09": {
            "month": "2013-09",
            "price": "38.86",
            "revenue": 707237
        },
        "2013-10": {
            "month": "2013-10",
            "price": "33.86",
            "revenue": 509917
        },
        "2013-11": {
            "month": "2013-11",
            "price": "27.51",
            "revenue": 457572
        },
        "2013-12": {
            "month": "2013-12",
            "price": "29.06",
            "revenue": 351098
        },
        "2014-01": {
            "month": "2014-01",
            "price": "30.63",
            "revenue": 425893
        },
        "2014-02": {
            "month": "2014-02",
            "price": "32.34",
            "revenue": 372283
        },
        "2014-03": {
            "month": "2014-03",
            "price": "33.46",
            "revenue": 601909
        },
        "2014-04": {
            "month": "2014-04",
            "price": "31.28",
            "revenue": 705633
        },
        "2014-05": {
            "month": "2014-05",
            "price": "29.53",
            "revenue": 594710
        },
        "2014-06": {
            "month": "2014-06",
            "price": "29.14",
            "revenue": 371728
        },
        "2014-07": {
            "month": "2014-07",
            "price": "29.34",
            "revenue": 404859
        },
        "2014-08": {
            "month": "2014-08",
            "price": "26.00",
            "revenue": 344035
        },
        "2014-09": {
            "month": "2014-09",
            "price": "25.10",
            "revenue": 323321
        },
        "2014-10": {
            "month": "2014-10",
            "price": "20.24",
            "revenue": 335697
        },
        "2014-11": {
            "month": "2014-11",
            "price": "19.16",
            "revenue": 344070
        },
        "2014-12": {
            "month": "2014-12",
            "price": "20.98",
            "revenue": 369755
        },
        "2015-01": {
            "month": "2015-01",
            "price": "23.54",
            "revenue": 352549
        },
        "2015-02": {
            "month": "2015-02",
            "price": "22.40",
            "revenue": 172976
        },
        "2015-03": {
            "month": "2015-03",
            "price": "21.37",
            "revenue": 328599
        },
        "2015-04": {
            "month": "2015-04",
            "price": "18.69",
            "revenue": 243380
        },
        "2015-05": {
            "month": "2015-05",
            "price": "15.60",
            "revenue": 151294
        },
        "2015-06": {
            "month": "2015-06",
            "price": "13.91",
            "revenue": 167652
        },
        "2015-07": {
            "month": "2015-07",
            "price": "13.10",
            "revenue": 143227
        },
        "2015-08": {
            "month": "2015-08",
            "price": "9.90",
            "revenue": 111297
        },
        "2015-09": {
            "month": "2015-09",
            "price": "11.00",
            "revenue": 146714
        },
        "2015-10": {
            "month": "2015-10",
            "price": "11.65",
            "revenue": 171802
        },
        "2015-11": {
            "month": "2015-11",
            "price": "11.50",
            "revenue": 133384
        },
        "2015-12": {
            "month": "2015-12",
            "price": "11.00",
            "revenue": 115617
        },
        "2016-01": {
            "month": "2016-01",
            "price": "10.29",
            "revenue": 170129
        },
        "2016-02": {
            "month": "2016-02",
            "price": "10.73",
            "revenue": 82987
        },
        "2016-03": {
            "month": "2016-03",
            "price": "11.66",
            "revenue": 181348
        },
        "2016-04": {
            "month": "2016-04",
            "price": "10.79",
            "revenue": 102379
        },
        "2016-05": {
            "month": "2016-05",
            "price": "10.01",
            "revenue": 84475
        },
        "2016-06": {
            "month": "2016-06",
            "price": "10.28",
            "revenue": 152057
        },
        "2016-07": {
            "month": "2016-07",
            "price": "12.83",
            "revenue": 155539
        },
        "2016-08": {
            "month": "2016-08",
            "price": "13.82",
            "revenue": 139448
        },
        "2016-09": {
            "month": "2016-09",
            "price": "14.42",
            "revenue": 90160
        },
        "2016-10": {
            "month": "2016-10",
            "price": "12.60",
            "revenue": 113619
        },
        "2016-11": {
            "month": "2016-11",
            "price": "11.62",
            "revenue": 88546
        },
        "2016-12": {
            "month": "2016-12",
            "price": "12.05",
            "revenue": 96538
        },
        "2017-01": {
            "month": "2017-01",
            "price": "12.25",
            "revenue": 97284
        },
        "2017-02": {
            "month": "2017-02",
            "price": "13.89",
            "revenue": 65359
        },
        "2017-03": {
            "month": "2017-03",
            "price": "13.02",
            "revenue": 73962
        },
        "2017-04": {
            "month": "2017-04",
            "price": "12.45",
            "revenue": 47261
        },
        "2017-05": {
            "month": "2017-05",
            "price": "12.07",
            "revenue": 71950
        },
        "2017-06": {
            "month": "2017-06",
            "price": "13.10",
            "revenue": 162393
        },
        "2017-07": {
            "month": "2017-07",
            "price": "13.39",
            "revenue": 81988
        },
        "2017-08": {
            "month": "2017-08",
            "price": "16.13",
            "revenue": 40977
        },
        "2017-09": {
            "month": "2017-09",
            "price": "16.56",
            "revenue": 63319
        },
        "2017-10": {
            "month": "2017-10",
            "price": "16.63",
            "revenue": 47783
        },
        "2017-11": {
            "month": "2017-11",
            "price": "17.74",
            "revenue": 52582
        },
        "2017-12": {
            "month": "2017-12",
            "price": "18.01",
            "revenue": 91178
        },
        "2018-01": {
            "month": "2018-01",
            "price": "20.49",
            "revenue": 52261
        },
        "2018-02": {
            "month": "2018-02",
            "price": "17.01",
            "revenue": 62957
        },
        "2018-03": {
            "month": "2018-03",
            "price": "17.83",
            "revenue": 37174
        },
        "2018-04": {
            "month": "2018-04",
            "price": "16.69",
            "revenue": 31156
        },
        "2018-05": {
            "month": "2018-05",
            "price": "17.12",
            "revenue": 42352
        },
        "2018-06": {
            "month": "2018-06",
            "price": "17.97",
            "revenue": 154078
        },
        "2018-07": {
            "month": "2018-07",
            "price": "17.78",
            "revenue": 57909
        },
        "2018-08": {
            "month": "2018-08",
            "price": "17.76",
            "revenue": 69916
        },
        "2018-09": {
            "month": "2018-09",
            "price": "17.21",
            "revenue": 128882
        },
        "2018-10": {
            "month": "2018-10",
            "price": "15.85",
            "revenue": 36916
        },
        "2018-11": {
            "month": "2018-11",
            "price": "16.04",
            "revenue": 32058
        },
        "2018-12": {
            "month": "2018-12",
            "price": "16.19",
            "revenue": 34443
        },
        "2019-01": {
            "month": "2019-01",
            "price": "15.50",
            "revenue": 67241
        },
        "2019-02": {
            "month": "2019-02",
            "price": "16.47",
            "revenue": 32408
        },
        "2019-03": {
            "month": "2019-03",
            "price": "16.90",
            "revenue": 38549
        },
        "2019-04": {
            "month": "2019-04",
            "price": "17.48",
            "revenue": 41924
        },
        "2019-05": {
            "month": "2019-05",
            "price": "16.70",
            "revenue": 85778
        },
        "2019-06": {
            "month": "2019-06",
            "price": "16.81",
            "revenue": 67976
        },
        "2019-07": {
            "month": "2019-07",
            "price": "17.82",
            "revenue": 67652
        },
        "2019-08": {
            "month": "2019-08",
            "price": "18.39",
            "revenue": 60363
        },
        "2019-09": {
            "month": "2019-09",
            "price": "19.34",
            "revenue": 131990
        },
        "2019-10": {
            "month": "2019-10",
            "price": "19.60",
            "revenue": 103988
        },
        "2019-11": {
            "month": "2019-11",
            "price": "19.09",
            "revenue": 126527
        },
        "2019-12": {
            "month": "2019-12",
            "price": "20.79",
            "revenue": 88684
        },
        "2020-01": {
            "month": "2020-01",
            "price": "21.12",
            "revenue": 51050
        },
        "2020-02": {
            "month": "2020-02",
            "price": "19.43",
            "revenue": 33671
        },
        "2020-03": {
            "month": "2020-03",
            "price": "17.32",
            "revenue": 31844
        },
        "2020-04": {
            "month": "2020-04",
            "price": "18.50",
            "revenue": 37995
        },
        "2020-05": {
            "month": "2020-05",
            "price": "18.79",
            "revenue": 85727
        },
        "2020-06": {
            "month": "2020-06",
            "price": "19.83",
            "revenue": 114097
        },
        "2020-07": {
            "month": "2020-07",
            "price": "24.05",
            "revenue": 112284
        },
        "2020-08": {
            "month": "2020-08",
            "price": "23.73",
            "revenue": 36553
        },
        "2020-09": {
            "month": "2020-09",
            "price": "22.95",
            "revenue": 123281
        },
        "2020-10": {
            "month": "2020-10",
            "price": "21.48",
            "revenue": 92032
        },
        "2020-11": {
            "month": "2020-11",
            "price": "25.47",
            "revenue": 98056
        },
        "2020-12": {
            "month": "2020-12",
            "price": "33.36",
            "revenue": 109890
        },
        "2021-01": {
            "month": "2021-01",
            "price": "34.22",
            "revenue": 83661
        },
        "2021-02": {
            "month": "2021-02",
            "price": "31.56",
            "revenue": 99154
        },
        "2021-03": {
            "month": "2021-03",
            "price": "33.65",
            "revenue": 154414
        },
        "2021-04": {
            "month": "2021-04",
            "price": "41.42",
            "revenue": 125232
        },
        "2021-05": {
            "month": "2021-05",
            "price": "33.23",
            "revenue": 106290
        },
        "2021-06": {
            "month": "2021-06",
            "price": "32.21",
            "revenue": 87993
        },
        "2021-07": {
            "month": "2021-07",
            "price": "31.06",
            "revenue": 172735
        },
        "2021-08": {
            "month": "2021-08",
            "price": "28.76",
            "revenue": 96236
        },
        "2021-09": {
            "month": "2021-09",
            "price": "27.85",
            "revenue": 153876
        },
        "2021-10": {
            "month": "2021-10",
            "price": "28.46",
            "revenue": 150175
        },
        "2021-11": {
            "month": "2021-11",
            "price": "30.08",
            "revenue": 83007
        },
        "2021-12": {
            "month": "2021-12",
            "price": "28.77",
            "revenue": 136518
        },
        "2022-01": {
            "month": "2022-01",
            "price": "27.47",
            "revenue": 78127
        },
        "2022-02": {
            "month": "2022-02",
            "price": "26.67",
            "revenue": 101328
        },
        "2022-03": {
            "month": "2022-03",
            "price": "27.33",
            "revenue": 196551
        },
        "2022-04": {
            "month": "2022-04",
            "price": "30.44",
            "revenue": 166183
        },
        "2022-05": {
            "month": "2022-05",
            "price": "30.88",
            "revenue": 168648
        },
        "2022-06": {
            "month": "2022-06",
            "price": "32.39",
            "revenue": 179015
        },
        "2022-07": {
            "month": "2022-07",
            "price": "29.21",
            "revenue": 112422
        },
        "2022-08": {
            "month": "2022-08",
            "price": "29.87",
            "revenue": 82007
        },
        "2022-09": {
            "month": "2022-09",
            "price": "27.39",
            "revenue": 146371
        },
        "2022-10": {
            "month": "2022-10",
            "price": "26.08",
            "revenue": 127686
        },
        "2022-11": {
            "month": "2022-11",
            "price": "27.56",
            "revenue": 124833
        },
        "2022-12": {
            "month": "2022-12",
            "price": "27.79",
            "revenue": 62477
        },
        "2023-01": {
            "month": "2023-01",
            "price": "27.94",
            "revenue": 59336
        },
        "2023-02": {
            "month": "2023-02",
            "price": "28.15",
            "revenue": 118506
        },
        "2023-03": {
            "month": "2023-03",
            "price": "29.37",
            "revenue": 122614
        },
        "2023-04": {
            "month": "2023-04",
            "price": "30.95",
            "revenue": 118394
        },
        "2023-05": {
            "month": "2023-05",
            "price": "31.82",
            "revenue": 141464
        },
        "2023-06": {
            "month": "2023-06",
            "price": "35.08",
            "revenue": 131285
        },
        "2023-07": {
            "month": "2023-07",
            "price": "35.60",
            "revenue": 172447
        },
        "2023-08": {
            "month": "2023-08",
            "price": "38.19",
            "revenue": 171940
        },
        "2023-09": {
            "month": "2023-09",
            "price": "42.29",
            "revenue": 178077
        },
        "2023-10": {
            "month": "2023-10",
            "price": "39.64",
            "revenue": 83557
        },
        "2023-11": {
            "month": "2023-11",
            "price": "38.65",
            "revenue": 148458
        },
        "2023-12": {
            "month": "2023-12",
            "price": "43.24",
            "revenue": 192901
        }
    }
}
