{
    "summary": {
        "stock_name": "富晶通",
        "stock_id": "3623",
        "category": "光電",
        "main_business": "觸控面板產品研發<br>觸控面板產品製造<br>觸控面板產品銷售",
        "website_url": "http://www.transtouch.com.tw/",
        "ceo": "蔡輔原",
        "pe_ratio": -31,
        "report_year_from": 2007,
        "report_year_to": 2023,
        "age": 16,
        "eps_negative_percentage": 35,
        "eps_growth_avg": {
            "last_all": -9.07,
            "last_2y": null,
            "last_4y": -58.71,
            "last_8y": -4.75,
            "last_12y": -3.56,
            "last_16y": null,
            "last_20y": null,
            "at_2006_last_3y": null,
            "at_2007_last_3y": null,
            "at_2008_last_3y": null,
            "at_2009_last_3y": null,
            "at_2010_last_3y": null,
            "at_2011_last_3y": -54.07,
            "at_2012_last_3y": -57.58,
            "at_2013_last_3y": 0,
            "at_2014_last_3y": 100,
            "at_2015_last_3y": 65.99,
            "at_2016_last_3y": 56.66,
            "at_2017_last_3y": 22.23,
            "at_2018_last_3y": -7.13,
            "at_2019_last_3y": -31.62,
            "at_2020_last_3y": -51.72,
            "at_2021_last_3y": -58.71,
            "at_2022_last_3y": -100,
            "at_2023_last_3y": -100,
            "at_2006_last_all": null,
            "at_2007_last_all": null,
            "at_2008_last_all": null,
            "at_2009_last_all": -31.11,
            "at_2010_last_all": -54.07,
            "at_2011_last_all": -54.07,
            "at_2012_last_all": -54.07,
            "at_2013_last_all": -15.55,
            "at_2014_last_all": 7.56,
            "at_2015_last_all": 5.96,
            "at_2016_last_all": 9.21,
            "at_2017_last_all": 3.34,
            "at_2018_last_all": 1.03,
            "at_2019_last_all": -9.07,
            "at_2020_last_all": -9.07,
            "at_2021_last_all": -9.07,
            "at_2022_last_all": -9.07,
            "at_2023_last_all": -9.07
        },
        "latest_eps": -0.66,
        "latest_price": 20.65,
        "latest_roe": -4.88,
        "latest_gross_margin": 7.03,
        "latest_equity": 385595,
        "latest_revenue": 97048,
        "latest_gross_profit": 6826,
        "latest_net_income": 2678,
        "latest_debt_ratio": 28.87,
        "latest_current_ratio": 314.52,
        "latest_account_receivable_turnover_ratio": 1.62,
        "latest_inventory_turnover_ratio": 1.85,
        "latest_reinvestment_rate": null,
        "latest_research_to_sale_ratio": 4.25
    },
    "eps_dividends": {
        "2001": {
            "cash": 0,
            "stock": 0,
            "eps": 0
        },
        "2002": {
            "cash": 0,
            "stock": 0,
            "eps": 0
        },
        "2003": {
            "cash": 0,
            "stock": 0,
            "eps": 0
        },
        "2004": {
            "cash": 0,
            "stock": 0,
            "eps": 0
        },
        "2005": {
            "cash": 0,
            "stock": 0,
            "eps": 0
        },
        "2006": {
            "cash": 0,
            "stock": 0,
            "eps": 0
        },
        "2007": {
            "cash": 0,
            "stock": 0,
            "eps": 1.87
        },
        "2008": {
            "cash": 0,
            "stock": 0,
            "eps": 0.99
        },
        "2009": {
            "cash": 0,
            "stock": 0,
            "eps": 0.84
        },
        "2010": {
            "cash": 0.77,
            "stock": 0,
            "eps": -1.03
        },
        "2011": {
            "cash": 0,
            "stock": 0,
            "eps": -1.56
        },
        "2012": {
            "cash": 0,
            "stock": 0,
            "eps": 0.22
        },
        "2013": {
            "cash": 0,
            "stock": 0,
            "eps": 1.67
        },
        "2014": {
            "cash": 1.4,
            "stock": 0,
            "eps": 3.95
        },
        "2015": {
            "cash": 3,
            "stock": 0,
            "eps": 3.87
        },
        "2016": {
            "cash": 5.5,
            "stock": 0,
            "eps": 4.98
        },
        "2017": {
            "cash": 4,
            "stock": 0,
            "eps": 3.1
        },
        "2018": {
            "cash": 3.2,
            "stock": 0,
            "eps": 2.56
        },
        "2019": {
            "cash": 2.5,
            "stock": 0,
            "eps": -0.23
        },
        "2020": {
            "cash": 0,
            "stock": 0,
            "eps": -1.12
        },
        "2021": {
            "cash": 0,
            "stock": 0,
            "eps": -1.24
        },
        "2022": {
            "cash": 0,
            "stock": 0,
            "eps": -0.94
        },
        "2023": {
            "cash": 0,
            "stock": 0,
            "eps": 0.02
        }
    },
    "dividends": {
        "2010-03-29": {
            "cash": 0.77,
            "stock": 0
        },
        "2014-09-18": {
            "cash": 1.4,
            "stock": 0
        },
        "2015-09-18": {
            "cash": 3,
            "stock": 0
        },
        "2016-09-20": {
            "cash": 5.5,
            "stock": 0
        },
        "2017-08-11": {
            "cash": 4,
            "stock": 0
        },
        "2018-09-14": {
            "cash": 3.2,
            "stock": 0
        },
        "2019-08-22": {
            "cash": 2.5,
            "stock": 0
        }
    },
    "prices": {
        "200101": "無",
        "200102": "無",
        "200103": "無",
        "200104": "無",
        "200105": "無",
        "200106": "無",
        "200107": "無",
        "200108": "無",
        "200109": "無",
        "200110": "無",
        "200111": "無",
        "200112": "無",
        "200201": "無",
        "200202": "無",
        "200203": "無",
        "200204": "無",
        "200205": "無",
        "200206": "無",
        "200207": "無",
        "200208": "無",
        "200209": "無",
        "200210": "無",
        "200211": "無",
        "200212": "無",
        "200301": "無",
        "200302": "無",
        "200303": "無",
        "200304": "無",
        "200305": "無",
        "200306": "無",
        "200307": "無",
        "200308": "無",
        "200309": "無",
        "200310": "無",
        "200311": "無",
        "200312": "無",
        "200401": "無",
        "200402": "無",
        "200403": "無",
        "200404": "無",
        "200405": "無",
        "200406": "無",
        "200407": "無",
        "200408": "無",
        "200409": "無",
        "200410": "無",
        "200411": "無",
        "200412": "無",
        "200501": "無",
        "200502": "無",
        "200503": "無",
        "200504": "無",
        "200505": "無",
        "200506": "無",
        "200507": "無",
        "200508": "無",
        "200509": "無",
        "200510": "無",
        "200511": "無",
        "200512": "無",
        "200601": "無",
        "200602": "無",
        "200603": "無",
        "200604": "無",
        "200605": "無",
        "200606": "無",
        "200607": "無",
        "200608": "無",
        "200609": "無",
        "200610": "無",
        "200611": "無",
        "200612": "無",
        "200701": "無",
        "200702": "無",
        "200703": "無",
        "200704": "無",
        "200705": "無",
        "200706": "無",
        "200707": "無",
        "200708": "無",
        "200709": "無",
        "200710": "無",
        "200711": "無",
        "200712": "無",
        "200801": "無",
        "200802": "無",
        "200803": "無",
        "200804": "59.15",
        "200805": "56.76",
        "200806": "54.89",
        "200807": "41.04",
        "200808": "38.43",
        "200809": "37.23",
        "200810": "34.49",
        "200811": "30.61",
        "200812": "20.52",
        "200901": "14.93",
        "200902": "18.77",
        "200903": "29.94",
        "200904": "40.30",
        "200905": "43.51",
        "200906": "39.02",
        "200907": "38.55",
        "200908": "41.78",
        "200909": "43.07",
        "200910": "48.59",
        "200911": "47.25",
        "200912": "51.81",
        "201001": "50.44",
        "201002": "42.55",
        "201003": "43.89",
        "201004": "70.80",
        "201005": "51.79",
        "201006": "42.56",
        "201007": "40.97",
        "201008": "49.10",
        "201009": "43.09",
        "201010": "40.59",
        "201011": "32.80",
        "201012": "31.85",
        "201101": "28.94",
        "201102": "36.50",
        "201103": "41.96",
        "201104": "41.73",
        "201105": "36.66",
        "201106": "43.06",
        "201107": "40.00",
        "201108": "28.21",
        "201109": "21.00",
        "201110": "17.94",
        "201111": "16.53",
        "201112": "13.66",
        "201201": "13.73",
        "201202": "18.38",
        "201203": "17.13",
        "201204": "13.75",
        "201205": "12.15",
        "201206": "11.81",
        "201207": "10.77",
        "201208": "10.57",
        "201209": "11.73",
        "201210": "10.04",
        "201211": "9.12",
        "201212": "10.81",
        "201301": "10.78",
        "201302": "12.77",
        "201303": "14.71",
        "201304": "14.53",
        "201305": "17.94",
        "201306": "16.95",
        "201307": "16.52",
        "201308": "16.12",
        "201309": "16.12",
        "201310": "17.03",
        "201311": "21.54",
        "201312": "26.20",
        "201401": "32.29",
        "201402": "34.59",
        "201403": "44.61",
        "201404": "49.19",
        "201405": "53.07",
        "201406": "58.84",
        "201407": "61.38",
        "201408": "59.63",
        "201409": "56.61",
        "201410": "47.43",
        "201411": "47.20",
        "201412": "46.39",
        "201501": "48.95",
        "201502": "49.96",
        "201503": "49.90",
        "201504": "43.46",
        "201505": "38.34",
        "201506": "37.15",
        "201507": "35.42",
        "201508": "31.63",
        "201509": "31.70",
        "201510": "38.97",
        "201511": "37.37",
        "201512": "42.36",
        "201601": "59.06",
        "201602": "60.52",
        "201603": "72.07",
        "201604": "66.12",
        "201605": "61.41",
        "201606": "60.97",
        "201607": "64.70",
        "201608": "69.03",
        "201609": "62.42",
        "201610": "53.58",
        "201611": "53.11",
        "201612": "54.07",
        "201701": "50.69",
        "201702": "49.01",
        "201703": "54.10",
        "201704": "54.45",
        "201705": "50.37",
        "201706": "49.57",
        "201707": "46.20",
        "201708": "39.02",
        "201709": "38.45",
        "201710": "37.88",
        "201711": "42.56",
        "201712": "41.55",
        "201801": "41.26",
        "201802": "40.60",
        "201803": "39.99",
        "201804": "38.86",
        "201805": "37.42",
        "201806": "36.40",
        "201807": "33.00",
        "201808": "32.37",
        "201809": "28.84",
        "201810": "24.55",
        "201811": "22.85",
        "201812": "24.19",
        "201901": "23.57",
        "201902": "25.42",
        "201903": "28.57",
        "201904": "29.33",
        "201905": "27.25",
        "201906": "27.03",
        "201907": "27.84",
        "201908": "23.24",
        "201909": "22.49",
        "201910": "22.30",
        "201911": "20.28",
        "201912": "20.02",
        "202001": "20.23",
        "202002": "19.79",
        "202003": "15.70",
        "202004": "14.36",
        "202005": "15.34",
        "202006": "15.72",
        "202007": "15.23",
        "202008": "15.48",
        "202009": "15.56",
        "202010": "15.27",
        "202011": "15.22",
        "202012": "15.80",
        "202101": "15.68",
        "202102": "15.47",
        "202103": "17.88",
        "202104": "21.75",
        "202105": "16.65",
        "202106": "15.49",
        "202107": "16.08",
        "202108": "15.19",
        "202109": "15.30",
        "202110": "16.19",
        "202111": "15.85",
        "202112": "16.29",
        "202201": "19.91",
        "202202": "18.86",
        "202203": "20.34",
        "202204": "20.14",
        "202205": "17.98",
        "202206": "16.12",
        "202207": "16.01",
        "202208": "18.15",
        "202209": "16.90",
        "202210": "14.88",
        "202211": "15.57",
        "202212": "15.93",
        "202301": "15.67",
        "202302": "16.51",
        "202303": "16.62",
        "202304": "16.45",
        "202305": "16.12",
        "202306": "17.87",
        "202307": "18.41",
        "202308": "17.53",
        "202309": "20.42"
    },
    "quarters": {
        "20011": {
            "year_quarter": 20011,
            "year": 2001,
            "quarter": 1,
            "eps": null,
            "eps_growth_year": null,
            "eps_4q": null,
            "eps_4q_growth_year": null,
            "roe": null,
            "roe_4q": 0,
            "gross_profit": null,
            "gross_margin": null,
            "gross_margin_4q_avg": 0,
            "net_income": null,
            "revenue": null,
            "common_shares": null,
            "book_valuer_per_share": null,
            "book_valuer_per_share_4q_avg": 0,
            "equity": null,
            "current_ratio": null,
            "debt_ratio": null,
            "inventory_turnover_ratio": null,
            "account_receivable_turnover_ratio": null,
            "reinvestment_rate": null,
            "research_to_sale_ratio": null,
            "price_fair": 0,
            "eps_avg_yearly": 0,
            "eps_latest_yearly": 0,
            "eps_growth_yearly": 0
        },
        "20012": {
            "year_quarter": 20012,
            "year": 2001,
            "quarter": 2,
            "eps": null,
            "eps_growth_year": null,
            "eps_4q": null,
            "eps_4q_growth_year": null,
            "roe": null,
            "roe_4q": 0,
            "gross_profit": null,
            "gross_margin": null,
            "gross_margin_4q_avg": 0,
            "net_income": null,
            "revenue": null,
            "common_shares": null,
            "book_valuer_per_share": null,
            "book_valuer_per_share_4q_avg": 0,
            "equity": null,
            "current_ratio": null,
            "debt_ratio": null,
            "inventory_turnover_ratio": null,
            "account_receivable_turnover_ratio": null,
            "reinvestment_rate": null,
            "research_to_sale_ratio": null,
            "price_fair": 0,
            "eps_avg_yearly": 0,
            "eps_latest_yearly": 0,
            "eps_growth_yearly": 0
        },
        "20013": {
            "year_quarter": 20013,
            "year": 2001,
            "quarter": 3,
            "eps": null,
            "eps_growth_year": null,
            "eps_4q": null,
            "eps_4q_growth_year": null,
            "roe": null,
            "roe_4q": 0,
            "gross_profit": null,
            "gross_margin": null,
            "gross_margin_4q_avg": 0,
            "net_income": null,
            "revenue": null,
            "common_shares": null,
            "book_valuer_per_share": null,
            "book_valuer_per_share_4q_avg": 0,
            "equity": null,
            "current_ratio": null,
            "debt_ratio": null,
            "inventory_turnover_ratio": null,
            "account_receivable_turnover_ratio": null,
            "reinvestment_rate": null,
            "research_to_sale_ratio": null,
            "price_fair": 0,
            "eps_avg_yearly": 0,
            "eps_latest_yearly": 0,
            "eps_growth_yearly": 0
        },
        "20014": {
            "year_quarter": 20014,
            "year": 2001,
            "quarter": 4,
            "eps": null,
            "eps_growth_year": null,
            "eps_4q": null,
            "eps_4q_growth_year": null,
            "roe": null,
            "roe_4q": 0,
            "gross_profit": null,
            "gross_margin": null,
            "gross_margin_4q_avg": 0,
            "net_income": null,
            "revenue": null,
            "common_shares": null,
            "book_valuer_per_share": null,
            "book_valuer_per_share_4q_avg": 0,
            "equity": null,
            "current_ratio": null,
            "debt_ratio": null,
            "inventory_turnover_ratio": null,
            "account_receivable_turnover_ratio": null,
            "reinvestment_rate": null,
            "research_to_sale_ratio": null,
            "price_fair": 0,
            "eps_avg_yearly": 0,
            "eps_latest_yearly": 0,
            "eps_growth_yearly": 0
        },
        "20021": {
            "year_quarter": 20021,
            "year": 2002,
            "quarter": 1,
            "eps": null,
            "eps_growth_year": null,
            "eps_4q": null,
            "eps_4q_growth_year": null,
            "roe": null,
            "roe_4q": 0,
            "gross_profit": null,
            "gross_margin": null,
            "gross_margin_4q_avg": 0,
            "net_income": null,
            "revenue": null,
            "common_shares": null,
            "book_valuer_per_share": null,
            "book_valuer_per_share_4q_avg": 0,
            "equity": null,
            "current_ratio": null,
            "debt_ratio": null,
            "inventory_turnover_ratio": null,
            "account_receivable_turnover_ratio": null,
            "reinvestment_rate": null,
            "research_to_sale_ratio": null,
            "price_fair": 0,
            "eps_avg_yearly": 0,
            "eps_latest_yearly": 0,
            "eps_growth_yearly": 0
        },
        "20022": {
            "year_quarter": 20022,
            "year": 2002,
            "quarter": 2,
            "eps": null,
            "eps_growth_year": null,
            "eps_4q": null,
            "eps_4q_growth_year": null,
            "roe": null,
            "roe_4q": 0,
            "gross_profit": null,
            "gross_margin": null,
            "gross_margin_4q_avg": 0,
            "net_income": null,
            "revenue": null,
            "common_shares": null,
            "book_valuer_per_share": null,
            "book_valuer_per_share_4q_avg": 0,
            "equity": null,
            "current_ratio": null,
            "debt_ratio": null,
            "inventory_turnover_ratio": null,
            "account_receivable_turnover_ratio": null,
            "reinvestment_rate": null,
            "research_to_sale_ratio": null,
            "price_fair": 0,
            "eps_avg_yearly": 0,
            "eps_latest_yearly": 0,
            "eps_growth_yearly": 0
        },
        "20023": {
            "year_quarter": 20023,
            "year": 2002,
            "quarter": 3,
            "eps": null,
            "eps_growth_year": null,
            "eps_4q": null,
            "eps_4q_growth_year": null,
            "roe": null,
            "roe_4q": 0,
            "gross_profit": null,
            "gross_margin": null,
            "gross_margin_4q_avg": 0,
            "net_income": null,
            "revenue": null,
            "common_shares": null,
            "book_valuer_per_share": null,
            "book_valuer_per_share_4q_avg": 0,
            "equity": null,
            "current_ratio": null,
            "debt_ratio": null,
            "inventory_turnover_ratio": null,
            "account_receivable_turnover_ratio": null,
            "reinvestment_rate": null,
            "research_to_sale_ratio": null,
            "price_fair": 0,
            "eps_avg_yearly": 0,
            "eps_latest_yearly": 0,
            "eps_growth_yearly": 0
        },
        "20024": {
            "year_quarter": 20024,
            "year": 2002,
            "quarter": 4,
            "eps": null,
            "eps_growth_year": null,
            "eps_4q": null,
            "eps_4q_growth_year": null,
            "roe": null,
            "roe_4q": 0,
            "gross_profit": null,
            "gross_margin": null,
            "gross_margin_4q_avg": 0,
            "net_income": null,
            "revenue": null,
            "common_shares": null,
            "book_valuer_per_share": null,
            "book_valuer_per_share_4q_avg": 0,
            "equity": null,
            "current_ratio": null,
            "debt_ratio": null,
            "inventory_turnover_ratio": null,
            "account_receivable_turnover_ratio": null,
            "reinvestment_rate": null,
            "research_to_sale_ratio": null,
            "price_fair": 0,
            "eps_avg_yearly": 0,
            "eps_latest_yearly": 0,
            "eps_growth_yearly": 0
        },
        "20031": {
            "year_quarter": 20031,
            "year": 2003,
            "quarter": 1,
            "eps": null,
            "eps_growth_year": null,
            "eps_4q": null,
            "eps_4q_growth_year": null,
            "roe": null,
            "roe_4q": 0,
            "gross_profit": null,
            "gross_margin": null,
            "gross_margin_4q_avg": 0,
            "net_income": null,
            "revenue": null,
            "common_shares": null,
            "book_valuer_per_share": null,
            "book_valuer_per_share_4q_avg": 0,
            "equity": null,
            "current_ratio": null,
            "debt_ratio": null,
            "inventory_turnover_ratio": null,
            "account_receivable_turnover_ratio": null,
            "reinvestment_rate": null,
            "research_to_sale_ratio": null,
            "price_fair": 0,
            "eps_avg_yearly": 0,
            "eps_latest_yearly": 0,
            "eps_growth_yearly": 0
        },
        "20032": {
            "year_quarter": 20032,
            "year": 2003,
            "quarter": 2,
            "eps": null,
            "eps_growth_year": null,
            "eps_4q": null,
            "eps_4q_growth_year": null,
            "roe": null,
            "roe_4q": 0,
            "gross_profit": null,
            "gross_margin": null,
            "gross_margin_4q_avg": 0,
            "net_income": null,
            "revenue": null,
            "common_shares": null,
            "book_valuer_per_share": null,
            "book_valuer_per_share_4q_avg": 0,
            "equity": null,
            "current_ratio": null,
            "debt_ratio": null,
            "inventory_turnover_ratio": null,
            "account_receivable_turnover_ratio": null,
            "reinvestment_rate": null,
            "research_to_sale_ratio": null,
            "price_fair": 0,
            "eps_avg_yearly": 0,
            "eps_latest_yearly": 0,
            "eps_growth_yearly": 0
        },
        "20033": {
            "year_quarter": 20033,
            "year": 2003,
            "quarter": 3,
            "eps": null,
            "eps_growth_year": null,
            "eps_4q": null,
            "eps_4q_growth_year": null,
            "roe": null,
            "roe_4q": 0,
            "gross_profit": null,
            "gross_margin": null,
            "gross_margin_4q_avg": 0,
            "net_income": null,
            "revenue": null,
            "common_shares": null,
            "book_valuer_per_share": null,
            "book_valuer_per_share_4q_avg": 0,
            "equity": null,
            "current_ratio": null,
            "debt_ratio": null,
            "inventory_turnover_ratio": null,
            "account_receivable_turnover_ratio": null,
            "reinvestment_rate": null,
            "research_to_sale_ratio": null,
            "price_fair": 0,
            "eps_avg_yearly": 0,
            "eps_latest_yearly": 0,
            "eps_growth_yearly": 0
        },
        "20034": {
            "year_quarter": 20034,
            "year": 2003,
            "quarter": 4,
            "eps": null,
            "eps_growth_year": null,
            "eps_4q": null,
            "eps_4q_growth_year": null,
            "roe": null,
            "roe_4q": 0,
            "gross_profit": null,
            "gross_margin": null,
            "gross_margin_4q_avg": 0,
            "net_income": null,
            "revenue": null,
            "common_shares": 500000,
            "book_valuer_per_share": 5.86,
            "book_valuer_per_share_4q_avg": 1.47,
            "equity": 293093,
            "current_ratio": 100.67,
            "debt_ratio": 43.55,
            "inventory_turnover_ratio": null,
            "account_receivable_turnover_ratio": null,
            "reinvestment_rate": null,
            "research_to_sale_ratio": null,
            "price_fair": 0,
            "eps_avg_yearly": 0,
            "eps_latest_yearly": 0,
            "eps_growth_yearly": 0
        },
        "20041": {
            "year_quarter": 20041,
            "year": 2004,
            "quarter": 1,
            "eps": null,
            "eps_growth_year": null,
            "eps_4q": null,
            "eps_4q_growth_year": null,
            "roe": null,
            "roe_4q": 0,
            "gross_profit": null,
            "gross_margin": null,
            "gross_margin_4q_avg": 0,
            "net_income": null,
            "revenue": null,
            "common_shares": null,
            "book_valuer_per_share": null,
            "book_valuer_per_share_4q_avg": 1.47,
            "equity": null,
            "current_ratio": null,
            "debt_ratio": null,
            "inventory_turnover_ratio": null,
            "account_receivable_turnover_ratio": null,
            "reinvestment_rate": null,
            "research_to_sale_ratio": null,
            "price_fair": 0,
            "eps_avg_yearly": 0,
            "eps_latest_yearly": 0,
            "eps_growth_yearly": 0
        },
        "20042": {
            "year_quarter": 20042,
            "year": 2004,
            "quarter": 2,
            "eps": null,
            "eps_growth_year": null,
            "eps_4q": null,
            "eps_4q_growth_year": null,
            "roe": null,
            "roe_4q": 0,
            "gross_profit": null,
            "gross_margin": null,
            "gross_margin_4q_avg": 0,
            "net_income": null,
            "revenue": null,
            "common_shares": null,
            "book_valuer_per_share": null,
            "book_valuer_per_share_4q_avg": 1.47,
            "equity": null,
            "current_ratio": null,
            "debt_ratio": null,
            "inventory_turnover_ratio": null,
            "account_receivable_turnover_ratio": null,
            "reinvestment_rate": null,
            "research_to_sale_ratio": null,
            "price_fair": 0,
            "eps_avg_yearly": 0,
            "eps_latest_yearly": 0,
            "eps_growth_yearly": 0
        },
        "20043": {
            "year_quarter": 20043,
            "year": 2004,
            "quarter": 3,
            "eps": null,
            "eps_growth_year": null,
            "eps_4q": null,
            "eps_4q_growth_year": null,
            "roe": null,
            "roe_4q": 0,
            "gross_profit": null,
            "gross_margin": null,
            "gross_margin_4q_avg": 0,
            "net_income": null,
            "revenue": null,
            "common_shares": null,
            "book_valuer_per_share": null,
            "book_valuer_per_share_4q_avg": 1.47,
            "equity": null,
            "current_ratio": null,
            "debt_ratio": null,
            "inventory_turnover_ratio": null,
            "account_receivable_turnover_ratio": null,
            "reinvestment_rate": null,
            "research_to_sale_ratio": null,
            "price_fair": 0,
            "eps_avg_yearly": 0,
            "eps_latest_yearly": 0,
            "eps_growth_yearly": 0
        },
        "20044": {
            "year_quarter": 20044,
            "year": 2004,
            "quarter": 4,
            "eps": null,
            "eps_growth_year": null,
            "eps_4q": null,
            "eps_4q_growth_year": null,
            "roe": null,
            "roe_4q": 0,
            "gross_profit": null,
            "gross_margin": null,
            "gross_margin_4q_avg": 0,
            "net_income": null,
            "revenue": null,
            "common_shares": 500000,
            "book_valuer_per_share": 4.87,
            "book_valuer_per_share_4q_avg": 1.22,
            "equity": 243270,
            "current_ratio": 97.63,
            "debt_ratio": 45.92,
            "inventory_turnover_ratio": null,
            "account_receivable_turnover_ratio": null,
            "reinvestment_rate": null,
            "research_to_sale_ratio": null,
            "price_fair": 0,
            "eps_avg_yearly": 0,
            "eps_latest_yearly": 0,
            "eps_growth_yearly": 0
        },
        "20051": {
            "year_quarter": 20051,
            "year": 2005,
            "quarter": 1,
            "eps": null,
            "eps_growth_year": null,
            "eps_4q": null,
            "eps_4q_growth_year": null,
            "roe": null,
            "roe_4q": 0,
            "gross_profit": null,
            "gross_margin": null,
            "gross_margin_4q_avg": 0,
            "net_income": null,
            "revenue": null,
            "common_shares": null,
            "book_valuer_per_share": null,
            "book_valuer_per_share_4q_avg": 1.22,
            "equity": null,
            "current_ratio": null,
            "debt_ratio": null,
            "inventory_turnover_ratio": null,
            "account_receivable_turnover_ratio": null,
            "reinvestment_rate": null,
            "research_to_sale_ratio": null,
            "price_fair": 0,
            "eps_avg_yearly": 0,
            "eps_latest_yearly": 0,
            "eps_growth_yearly": 0
        },
        "20052": {
            "year_quarter": 20052,
            "year": 2005,
            "quarter": 2,
            "eps": null,
            "eps_growth_year": null,
            "eps_4q": null,
            "eps_4q_growth_year": null,
            "roe": null,
            "roe_4q": 0,
            "gross_profit": null,
            "gross_margin": null,
            "gross_margin_4q_avg": 0,
            "net_income": null,
            "revenue": null,
            "common_shares": null,
            "book_valuer_per_share": null,
            "book_valuer_per_share_4q_avg": 1.22,
            "equity": null,
            "current_ratio": null,
            "debt_ratio": null,
            "inventory_turnover_ratio": null,
            "account_receivable_turnover_ratio": null,
            "reinvestment_rate": null,
            "research_to_sale_ratio": null,
            "price_fair": 0,
            "eps_avg_yearly": 0,
            "eps_latest_yearly": 0,
            "eps_growth_yearly": 0
        },
        "20053": {
            "year_quarter": 20053,
            "year": 2005,
            "quarter": 3,
            "eps": null,
            "eps_growth_year": null,
            "eps_4q": null,
            "eps_4q_growth_year": null,
            "roe": null,
            "roe_4q": 0,
            "gross_profit": null,
            "gross_margin": null,
            "gross_margin_4q_avg": 0,
            "net_income": null,
            "revenue": null,
            "common_shares": null,
            "book_valuer_per_share": null,
            "book_valuer_per_share_4q_avg": 1.22,
            "equity": null,
            "current_ratio": null,
            "debt_ratio": null,
            "inventory_turnover_ratio": null,
            "account_receivable_turnover_ratio": null,
            "reinvestment_rate": null,
            "research_to_sale_ratio": null,
            "price_fair": 0,
            "eps_avg_yearly": 0,
            "eps_latest_yearly": 0,
            "eps_growth_yearly": 0
        },
        "20054": {
            "year_quarter": 20054,
            "year": 2005,
            "quarter": 4,
            "eps": null,
            "eps_growth_year": null,
            "eps_4q": null,
            "eps_4q_growth_year": null,
            "roe": null,
            "roe_4q": 0,
            "gross_profit": null,
            "gross_margin": null,
            "gross_margin_4q_avg": 0,
            "net_income": null,
            "revenue": null,
            "common_shares": 500000,
            "book_valuer_per_share": 4.45,
            "book_valuer_per_share_4q_avg": 1.11,
            "equity": 222639,
            "current_ratio": 104.6,
            "debt_ratio": 52.36,
            "inventory_turnover_ratio": null,
            "account_receivable_turnover_ratio": null,
            "reinvestment_rate": null,
            "research_to_sale_ratio": null,
            "price_fair": 0,
            "eps_avg_yearly": 0,
            "eps_latest_yearly": 0,
            "eps_growth_yearly": 0
        },
        "20061": {
            "year_quarter": 20061,
            "year": 2006,
            "quarter": 1,
            "eps": null,
            "eps_growth_year": null,
            "eps_4q": null,
            "eps_4q_growth_year": null,
            "roe": null,
            "roe_4q": 0,
            "gross_profit": null,
            "gross_margin": null,
            "gross_margin_4q_avg": 0,
            "net_income": null,
            "revenue": null,
            "common_shares": null,
            "book_valuer_per_share": null,
            "book_valuer_per_share_4q_avg": 1.11,
            "equity": null,
            "current_ratio": null,
            "debt_ratio": null,
            "inventory_turnover_ratio": null,
            "account_receivable_turnover_ratio": null,
            "reinvestment_rate": null,
            "research_to_sale_ratio": null,
            "price_fair": 0,
            "eps_avg_yearly": 0,
            "eps_latest_yearly": 0,
            "eps_growth_yearly": 0
        },
        "20062": {
            "year_quarter": 20062,
            "year": 2006,
            "quarter": 2,
            "eps": null,
            "eps_growth_year": null,
            "eps_4q": null,
            "eps_4q_growth_year": null,
            "roe": null,
            "roe_4q": 0,
            "gross_profit": null,
            "gross_margin": null,
            "gross_margin_4q_avg": 0,
            "net_income": null,
            "revenue": null,
            "common_shares": null,
            "book_valuer_per_share": null,
            "book_valuer_per_share_4q_avg": 1.11,
            "equity": null,
            "current_ratio": null,
            "debt_ratio": null,
            "inventory_turnover_ratio": null,
            "account_receivable_turnover_ratio": null,
            "reinvestment_rate": null,
            "research_to_sale_ratio": null,
            "price_fair": 0,
            "eps_avg_yearly": 0,
            "eps_latest_yearly": 0,
            "eps_growth_yearly": 0
        },
        "20063": {
            "year_quarter": 20063,
            "year": 2006,
            "quarter": 3,
            "eps": null,
            "eps_growth_year": null,
            "eps_4q": null,
            "eps_4q_growth_year": null,
            "roe": null,
            "roe_4q": 0,
            "gross_profit": null,
            "gross_margin": null,
            "gross_margin_4q_avg": 0,
            "net_income": null,
            "revenue": null,
            "common_shares": null,
            "book_valuer_per_share": null,
            "book_valuer_per_share_4q_avg": 1.11,
            "equity": null,
            "current_ratio": null,
            "debt_ratio": null,
            "inventory_turnover_ratio": null,
            "account_receivable_turnover_ratio": null,
            "reinvestment_rate": null,
            "research_to_sale_ratio": null,
            "price_fair": 0,
            "eps_avg_yearly": 0,
            "eps_latest_yearly": 0,
            "eps_growth_yearly": 0
        },
        "20064": {
            "year_quarter": 20064,
            "year": 2006,
            "quarter": 4,
            "eps": null,
            "eps_growth_year": null,
            "eps_4q": null,
            "eps_4q_growth_year": null,
            "roe": null,
            "roe_4q": 0,
            "gross_profit": null,
            "gross_margin": null,
            "gross_margin_4q_avg": 0,
            "net_income": null,
            "revenue": null,
            "common_shares": 500000,
            "book_valuer_per_share": 5.25,
            "book_valuer_per_share_4q_avg": 1.31,
            "equity": 262720,
            "current_ratio": 134.26,
            "debt_ratio": 44.84,
            "inventory_turnover_ratio": null,
            "account_receivable_turnover_ratio": null,
            "reinvestment_rate": null,
            "research_to_sale_ratio": null,
            "price_fair": 0,
            "eps_avg_yearly": 0,
            "eps_latest_yearly": 0,
            "eps_growth_yearly": 0
        },
        "20071": {
            "year_quarter": 20071,
            "year": 2007,
            "quarter": 1,
            "eps": null,
            "eps_growth_year": null,
            "eps_4q": null,
            "eps_4q_growth_year": null,
            "roe": null,
            "roe_4q": 0,
            "gross_profit": null,
            "gross_margin": null,
            "gross_margin_4q_avg": 0,
            "net_income": null,
            "revenue": null,
            "common_shares": null,
            "book_valuer_per_share": null,
            "book_valuer_per_share_4q_avg": 1.31,
            "equity": null,
            "current_ratio": null,
            "debt_ratio": null,
            "inventory_turnover_ratio": null,
            "account_receivable_turnover_ratio": null,
            "reinvestment_rate": null,
            "research_to_sale_ratio": null,
            "price_fair": 0,
            "eps_avg_yearly": 0,
            "eps_latest_yearly": 0,
            "eps_growth_yearly": 0
        },
        "20072": {
            "year_quarter": 20072,
            "year": 2007,
            "quarter": 2,
            "eps": null,
            "eps_growth_year": null,
            "eps_4q": null,
            "eps_4q_growth_year": null,
            "roe": null,
            "roe_4q": 0,
            "gross_profit": null,
            "gross_margin": null,
            "gross_margin_4q_avg": 0,
            "net_income": null,
            "revenue": null,
            "common_shares": null,
            "book_valuer_per_share": null,
            "book_valuer_per_share_4q_avg": 1.31,
            "equity": null,
            "current_ratio": null,
            "debt_ratio": null,
            "inventory_turnover_ratio": null,
            "account_receivable_turnover_ratio": null,
            "reinvestment_rate": null,
            "research_to_sale_ratio": null,
            "price_fair": 0,
            "eps_avg_yearly": 0,
            "eps_latest_yearly": 0,
            "eps_growth_yearly": 0
        },
        "20073": {
            "year_quarter": 20073,
            "year": 2007,
            "quarter": 3,
            "eps": 1.24,
            "eps_growth_year": null,
            "eps_4q": null,
            "eps_4q_growth_year": null,
            "roe": 16.53,
            "roe_4q": 16.53,
            "gross_profit": 61728,
            "gross_margin": 26.5,
            "gross_margin_4q_avg": 6.63,
            "net_income": 62174,
            "revenue": 232896,
            "common_shares": 500000,
            "book_valuer_per_share": 7.52,
            "book_valuer_per_share_4q_avg": 3.19,
            "equity": 376028,
            "current_ratio": 202.95,
            "debt_ratio": 36.63,
            "inventory_turnover_ratio": 3.84,
            "account_receivable_turnover_ratio": null,
            "reinvestment_rate": null,
            "research_to_sale_ratio": null,
            "price_fair": 0,
            "eps_avg_yearly": 0,
            "eps_latest_yearly": 0,
            "eps_growth_yearly": 0
        },
        "20074": {
            "year_quarter": 20074,
            "year": 2007,
            "quarter": 4,
            "eps": 0.63,
            "eps_growth_year": null,
            "eps_4q": null,
            "eps_4q_growth_year": null,
            "roe": 7.81,
            "roe_4q": 24.34,
            "gross_profit": 77721,
            "gross_margin": 28.51,
            "gross_margin_4q_avg": 13.75,
            "net_income": 31364,
            "revenue": 272585,
            "common_shares": 520000,
            "book_valuer_per_share": 8.22,
            "book_valuer_per_share_4q_avg": 3.94,
            "equity": 427392,
            "current_ratio": 196.35,
            "debt_ratio": 38.46,
            "inventory_turnover_ratio": 4.12,
            "account_receivable_turnover_ratio": null,
            "reinvestment_rate": null,
            "research_to_sale_ratio": null,
            "price_fair": 7.56,
            "eps_avg_yearly": 2.52,
            "eps_latest_yearly": 2.52,
            "eps_growth_yearly": -196.77
        },
        "20081": {
            "year_quarter": 20081,
            "year": 2008,
            "quarter": 1,
            "eps": null,
            "eps_growth_year": null,
            "eps_4q": null,
            "eps_4q_growth_year": null,
            "roe": null,
            "roe_4q": 24.34,
            "gross_profit": null,
            "gross_margin": null,
            "gross_margin_4q_avg": 13.75,
            "net_income": null,
            "revenue": null,
            "common_shares": null,
            "book_valuer_per_share": null,
            "book_valuer_per_share_4q_avg": 3.94,
            "equity": null,
            "current_ratio": null,
            "debt_ratio": null,
            "inventory_turnover_ratio": null,
            "account_receivable_turnover_ratio": null,
            "reinvestment_rate": null,
            "research_to_sale_ratio": null,
            "price_fair": 7.56,
            "eps_avg_yearly": 2.52,
            "eps_latest_yearly": 2.52,
            "eps_growth_yearly": -196.77
        },
        "20082": {
            "year_quarter": 20082,
            "year": 2008,
            "quarter": 2,
            "eps": null,
            "eps_growth_year": null,
            "eps_4q": null,
            "eps_4q_growth_year": null,
            "roe": null,
            "roe_4q": 24.34,
            "gross_profit": null,
            "gross_margin": null,
            "gross_margin_4q_avg": 13.75,
            "net_income": null,
            "revenue": null,
            "common_shares": null,
            "book_valuer_per_share": null,
            "book_valuer_per_share_4q_avg": 3.94,
            "equity": null,
            "current_ratio": null,
            "debt_ratio": null,
            "inventory_turnover_ratio": null,
            "account_receivable_turnover_ratio": null,
            "reinvestment_rate": null,
            "research_to_sale_ratio": null,
            "price_fair": 7.56,
            "eps_avg_yearly": 2.52,
            "eps_latest_yearly": 2.52,
            "eps_growth_yearly": -196.77
        },
        "20083": {
            "year_quarter": 20083,
            "year": 2008,
            "quarter": 3,
            "eps": 0.5,
            "eps_growth_year": -59.68,
            "eps_4q": null,
            "eps_4q_growth_year": null,
            "roe": 4.93,
            "roe_4q": 12.739999999999998,
            "gross_profit": 31603,
            "gross_margin": 15.6,
            "gross_margin_4q_avg": 11.03,
            "net_income": 26048,
            "revenue": 202528,
            "common_shares": 520000,
            "book_valuer_per_share": 10.17,
            "book_valuer_per_share_4q_avg": 4.6,
            "equity": 528692,
            "current_ratio": 142.02,
            "debt_ratio": 30.38,
            "inventory_turnover_ratio": 5.12,
            "account_receivable_turnover_ratio": null,
            "reinvestment_rate": null,
            "research_to_sale_ratio": null,
            "price_fair": 7.56,
            "eps_avg_yearly": 2.52,
            "eps_latest_yearly": 2.52,
            "eps_growth_yearly": -196.77
        },
        "20084": {
            "year_quarter": 20084,
            "year": 2008,
            "quarter": 4,
            "eps": 0.49,
            "eps_growth_year": -22.22,
            "eps_4q": null,
            "eps_4q_growth_year": null,
            "roe": 4.66,
            "roe_4q": 9.59,
            "gross_profit": 44061,
            "gross_margin": 22,
            "gross_margin_4q_avg": 9.4,
            "net_income": 25228,
            "revenue": 200259,
            "common_shares": 520000,
            "book_valuer_per_share": 10.65,
            "book_valuer_per_share_4q_avg": 5.21,
            "equity": 553920,
            "current_ratio": 173.59,
            "debt_ratio": 34.56,
            "inventory_turnover_ratio": 4.43,
            "account_receivable_turnover_ratio": 2.49,
            "reinvestment_rate": null,
            "research_to_sale_ratio": null,
            "price_fair": 6.72,
            "eps_avg_yearly": 2.24,
            "eps_latest_yearly": 1.96,
            "eps_growth_yearly": -102.39
        },
        "20091": {
            "year_quarter": 20091,
            "year": 2009,
            "quarter": 1,
            "eps": 0.11,
            "eps_growth_year": null,
            "eps_4q": null,
            "eps_4q_growth_year": null,
            "roe": 1.02,
            "roe_4q": 10.61,
            "gross_profit": 23437,
            "gross_margin": 15.22,
            "gross_margin_4q_avg": 13.21,
            "net_income": 5692,
            "revenue": 154028,
            "common_shares": 520000,
            "book_valuer_per_share": 10.76,
            "book_valuer_per_share_4q_avg": 7.9,
            "equity": 559612,
            "current_ratio": 190.68,
            "debt_ratio": 30.04,
            "inventory_turnover_ratio": 3.63,
            "account_receivable_turnover_ratio": 1.04,
            "reinvestment_rate": null,
            "research_to_sale_ratio": null,
            "price_fair": 4.92,
            "eps_avg_yearly": 1.64,
            "eps_latest_yearly": 0.44,
            "eps_growth_yearly": -171.66
        },
        "20092": {
            "year_quarter": 20092,
            "year": 2009,
            "quarter": 2,
            "eps": -0.09,
            "eps_growth_year": null,
            "eps_4q": 1,
            "eps_4q_growth_year": null,
            "roe": -0.88,
            "roe_4q": 9.73,
            "gross_profit": 11162,
            "gross_margin": 8.33,
            "gross_margin_4q_avg": 15.29,
            "net_income": -4921,
            "revenue": 133942,
            "common_shares": 520000,
            "book_valuer_per_share": 10.67,
            "book_valuer_per_share_4q_avg": 10.56,
            "equity": 554691,
            "current_ratio": 202.3,
            "debt_ratio": 36.31,
            "inventory_turnover_ratio": 3.97,
            "account_receivable_turnover_ratio": 1,
            "reinvestment_rate": null,
            "research_to_sale_ratio": null,
            "price_fair": 4.92,
            "eps_avg_yearly": 1.64,
            "eps_latest_yearly": 0.44,
            "eps_growth_yearly": -171.66
        },
        "20093": {
            "year_quarter": 20093,
            "year": 2009,
            "quarter": 3,
            "eps": 0.31,
            "eps_growth_year": -38,
            "eps_4q": 0.81,
            "eps_4q_growth_year": null,
            "roe": 2.84,
            "roe_4q": 7.640000000000001,
            "gross_profit": 41182,
            "gross_margin": 19.53,
            "gross_margin_4q_avg": 16.27,
            "net_income": 15977,
            "revenue": 210836,
            "common_shares": 520000,
            "book_valuer_per_share": 10.97,
            "book_valuer_per_share_4q_avg": 10.76,
            "equity": 570668,
            "current_ratio": 163.69,
            "debt_ratio": 36.3,
            "inventory_turnover_ratio": 4.45,
            "account_receivable_turnover_ratio": 1.3,
            "reinvestment_rate": null,
            "research_to_sale_ratio": null,
            "price_fair": 4.92,
            "eps_avg_yearly": 1.64,
            "eps_latest_yearly": 0.44,
            "eps_growth_yearly": -171.66
        },
        "20094": {
            "year_quarter": 20094,
            "year": 2009,
            "quarter": 4,
            "eps": 0.51,
            "eps_growth_year": 4.08,
            "eps_4q": 0.83,
            "eps_4q_growth_year": null,
            "roe": 4.55,
            "roe_4q": 7.529999999999999,
            "gross_profit": 43962,
            "gross_margin": 16.45,
            "gross_margin_4q_avg": 14.88,
            "net_income": 26529,
            "revenue": 267197,
            "common_shares": 520000,
            "book_valuer_per_share": 11.47,
            "book_valuer_per_share_4q_avg": 10.97,
            "equity": 596210,
            "current_ratio": 157.37,
            "debt_ratio": 40.71,
            "inventory_turnover_ratio": 4.17,
            "account_receivable_turnover_ratio": 2.46,
            "reinvestment_rate": null,
            "research_to_sale_ratio": null,
            "price_fair": 5.22,
            "eps_avg_yearly": 1.74,
            "eps_latest_yearly": 2.04,
            "eps_growth_yearly": -64.23
        },
        "20101": {
            "year_quarter": 20101,
            "year": 2010,
            "quarter": 1,
            "eps": 0.03,
            "eps_growth_year": -72.73,
            "eps_4q": 0.76,
            "eps_4q_growth_year": null,
            "roe": 0.28,
            "roe_4q": 6.79,
            "gross_profit": 29731,
            "gross_margin": 13.67,
            "gross_margin_4q_avg": 14.5,
            "net_income": 1678,
            "revenue": 217478,
            "common_shares": 520000,
            "book_valuer_per_share": 11.5,
            "book_valuer_per_share_4q_avg": 11.15,
            "equity": 597888,
            "current_ratio": 134.77,
            "debt_ratio": 33.85,
            "inventory_turnover_ratio": 3.21,
            "account_receivable_turnover_ratio": 1.07,
            "reinvestment_rate": null,
            "research_to_sale_ratio": 7.66,
            "price_fair": 4.25,
            "eps_avg_yearly": 1.42,
            "eps_latest_yearly": 0.12,
            "eps_growth_yearly": -126.68
        },
        "20102": {
            "year_quarter": 20102,
            "year": 2010,
            "quarter": 2,
            "eps": -0.2,
            "eps_growth_year": null,
            "eps_4q": 0.57,
            "eps_4q_growth_year": -43.05,
            "roe": -1.75,
            "roe_4q": 5.92,
            "gross_profit": 25688,
            "gross_margin": 11.14,
            "gross_margin_4q_avg": 15.2,
            "net_income": -11591,
            "revenue": 230545,
            "common_shares": 571750,
            "book_valuer_per_share": 12.72,
            "book_valuer_per_share_4q_avg": 11.67,
            "equity": 727399,
            "current_ratio": 154.08,
            "debt_ratio": 35.67,
            "inventory_turnover_ratio": 2.49,
            "account_receivable_turnover_ratio": 1.11,
            "reinvestment_rate": null,
            "research_to_sale_ratio": 10.51,
            "price_fair": 4.25,
            "eps_avg_yearly": 1.42,
            "eps_latest_yearly": 0.12,
            "eps_growth_yearly": -126.68
        },
        "20103": {
            "year_quarter": 20103,
            "year": 2010,
            "quarter": 3,
            "eps": -0.25,
            "eps_growth_year": -181.5,
            "eps_4q": 0.04,
            "eps_4q_growth_year": -95.34,
            "roe": -2.01,
            "roe_4q": 1.0700000000000003,
            "gross_profit": 19561,
            "gross_margin": 6.56,
            "gross_margin_4q_avg": 11.96,
            "net_income": -14445,
            "revenue": 298380,
            "common_shares": 571750,
            "book_valuer_per_share": 12.47,
            "book_valuer_per_share_4q_avg": 12.04,
            "equity": 712955,
            "current_ratio": 158.64,
            "debt_ratio": 33.19,
            "inventory_turnover_ratio": 2.76,
            "account_receivable_turnover_ratio": 1.22,
            "reinvestment_rate": null,
            "research_to_sale_ratio": 5.67,
            "price_fair": 4.25,
            "eps_avg_yearly": 1.42,
            "eps_latest_yearly": 0.12,
            "eps_growth_yearly": -126.68
        },
        "20104": {
            "year_quarter": 20104,
            "year": 2010,
            "quarter": 4,
            "eps": -0.61,
            "eps_growth_year": -219.04,
            "eps_4q": -1.03,
            "eps_4q_growth_year": -224.14,
            "roe": -5,
            "roe_4q": -8.48,
            "gross_profit": -3869,
            "gross_margin": -1.71,
            "gross_margin_4q_avg": 7.42,
            "net_income": -34711,
            "revenue": 226760,
            "common_shares": 571750,
            "book_valuer_per_share": 11.83,
            "book_valuer_per_share_4q_avg": 12.13,
            "equity": 676603,
            "current_ratio": 207.67,
            "debt_ratio": 34.98,
            "inventory_turnover_ratio": 2.88,
            "account_receivable_turnover_ratio": 1.04,
            "reinvestment_rate": null,
            "research_to_sale_ratio": 7.2,
            "price_fair": 4.25,
            "eps_avg_yearly": 1.42,
            "eps_latest_yearly": 0.12,
            "eps_growth_yearly": -126.68
        },
        "20111": {
            "year_quarter": 20111,
            "year": 2011,
            "quarter": 1,
            "eps": -0.28,
            "eps_growth_year": -1033.33,
            "eps_4q": -1.34,
            "eps_4q_growth_year": -277.29,
            "roe": -2.36,
            "roe_4q": -11.12,
            "gross_profit": 6504,
            "gross_margin": 3.12,
            "gross_margin_4q_avg": 4.78,
            "net_income": -15788,
            "revenue": 208648,
            "common_shares": 571750,
            "book_valuer_per_share": 11.56,
            "book_valuer_per_share_4q_avg": 12.15,
            "equity": 660815,
            "current_ratio": 151.29,
            "debt_ratio": 33.92,
            "inventory_turnover_ratio": 2.95,
            "account_receivable_turnover_ratio": 1.14,
            "reinvestment_rate": null,
            "research_to_sale_ratio": 6.67,
            "price_fair": 4.25,
            "eps_avg_yearly": 1.42,
            "eps_latest_yearly": 0.12,
            "eps_growth_yearly": -126.68
        },
        "20112": {
            "year_quarter": 20112,
            "year": 2011,
            "quarter": 2,
            "eps": -0.69,
            "eps_growth_year": null,
            "eps_4q": -1.82,
            "eps_4q_growth_year": -419.43,
            "roe": -6.08,
            "roe_4q": -15.45,
            "gross_profit": 12297,
            "gross_margin": 5.26,
            "gross_margin_4q_avg": 3.31,
            "net_income": -39168,
            "revenue": 233879,
            "common_shares": 571750,
            "book_valuer_per_share": 10.96,
            "book_valuer_per_share_4q_avg": 11.71,
            "equity": 626679,
            "current_ratio": 181.58,
            "debt_ratio": 32.38,
            "inventory_turnover_ratio": 3.23,
            "account_receivable_turnover_ratio": 1.18,
            "reinvestment_rate": null,
            "research_to_sale_ratio": 6.47,
            "price_fair": 4.25,
            "eps_avg_yearly": 1.42,
            "eps_latest_yearly": 0.12,
            "eps_growth_yearly": -126.68
        },
        "20113": {
            "year_quarter": 20113,
            "year": 2011,
            "quarter": 3,
            "eps": -0.41,
            "eps_growth_year": null,
            "eps_4q": -1.98,
            "eps_4q_growth_year": -5309.05,
            "roe": -3.81,
            "roe_4q": -17.25,
            "gross_profit": 9323,
            "gross_margin": 4.07,
            "gross_margin_4q_avg": 2.69,
            "net_income": -23421,
            "revenue": 228988,
            "common_shares": 571750,
            "book_valuer_per_share": 10.55,
            "book_valuer_per_share_4q_avg": 11.23,
            "equity": 603258,
            "current_ratio": 157.81,
            "debt_ratio": 30.88,
            "inventory_turnover_ratio": 3.02,
            "account_receivable_turnover_ratio": 1.14,
            "reinvestment_rate": null,
            "research_to_sale_ratio": 5.87,
            "price_fair": 4.25,
            "eps_avg_yearly": 1.42,
            "eps_latest_yearly": 0.12,
            "eps_growth_yearly": -126.68
        },
        "20114": {
            "year_quarter": 20114,
            "year": 2011,
            "quarter": 4,
            "eps": -0.18,
            "eps_growth_year": null,
            "eps_4q": -1.55,
            "eps_4q_growth_year": null,
            "roe": -1.75,
            "roe_4q": -14,
            "gross_profit": 15173,
            "gross_margin": 6.59,
            "gross_margin_4q_avg": 4.76,
            "net_income": -10453,
            "revenue": 230167,
            "common_shares": 571750,
            "book_valuer_per_share": 10.39,
            "book_valuer_per_share_4q_avg": 10.87,
            "equity": 594127,
            "current_ratio": 170.1,
            "debt_ratio": 28.06,
            "inventory_turnover_ratio": 3.09,
            "account_receivable_turnover_ratio": 1.14,
            "reinvestment_rate": null,
            "research_to_sale_ratio": 4.68,
            "price_fair": 3.42,
            "eps_avg_yearly": 1.14,
            "eps_latest_yearly": 0.12,
            "eps_growth_yearly": -109.15
        },
        "20121": {
            "year_quarter": 20121,
            "year": 2012,
            "quarter": 1,
            "eps": -0.16,
            "eps_growth_year": null,
            "eps_4q": -1.43,
            "eps_4q_growth_year": null,
            "roe": -1.51,
            "roe_4q": -13.15,
            "gross_profit": 11912,
            "gross_margin": 6.15,
            "gross_margin_4q_avg": 5.52,
            "net_income": -8936,
            "revenue": 193598,
            "common_shares": 571750,
            "book_valuer_per_share": 10.26,
            "book_valuer_per_share_4q_avg": 10.54,
            "equity": 586790,
            "current_ratio": 187.69,
            "debt_ratio": 25.73,
            "inventory_turnover_ratio": 3.18,
            "account_receivable_turnover_ratio": 1.03,
            "reinvestment_rate": null,
            "research_to_sale_ratio": 5.4,
            "price_fair": 3.42,
            "eps_avg_yearly": 1.14,
            "eps_latest_yearly": 0.12,
            "eps_growth_yearly": -109.15
        },
        "20122": {
            "year_quarter": 20122,
            "year": 2012,
            "quarter": 2,
            "eps": 0.11,
            "eps_growth_year": null,
            "eps_4q": -0.64,
            "eps_4q_growth_year": null,
            "roe": 1.08,
            "roe_4q": -5.99,
            "gross_profit": 26145,
            "gross_margin": 11.81,
            "gross_margin_4q_avg": 7.16,
            "net_income": 6379,
            "revenue": 221356,
            "common_shares": 571750,
            "book_valuer_per_share": 10.39,
            "book_valuer_per_share_4q_avg": 10.4,
            "equity": 594250,
            "current_ratio": 195.07,
            "debt_ratio": 27.01,
            "inventory_turnover_ratio": 3.37,
            "account_receivable_turnover_ratio": 1.21,
            "reinvestment_rate": null,
            "research_to_sale_ratio": 5.06,
            "price_fair": 3.42,
            "eps_avg_yearly": 1.14,
            "eps_latest_yearly": 0.12,
            "eps_growth_yearly": -109.15
        },
        "20123": {
            "year_quarter": 20123,
            "year": 2012,
            "quarter": 3,
            "eps": 0.13,
            "eps_growth_year": null,
            "eps_4q": -0.1,
            "eps_4q_growth_year": null,
            "roe": 1.26,
            "roe_4q": -0.9200000000000002,
            "gross_profit": 30145,
            "gross_margin": 13.97,
            "gross_margin_4q_avg": 9.63,
            "net_income": 7525,
            "revenue": 215802,
            "common_shares": 571750,
            "book_valuer_per_share": 10.55,
            "book_valuer_per_share_4q_avg": 10.4,
            "equity": 603137,
            "current_ratio": 218.83,
            "debt_ratio": 25.07,
            "inventory_turnover_ratio": 3.14,
            "account_receivable_turnover_ratio": 1.12,
            "reinvestment_rate": null,
            "research_to_sale_ratio": 5.34,
            "price_fair": 3.05,
            "eps_avg_yearly": 1.02,
            "eps_latest_yearly": 0.52,
            "eps_growth_yearly": -72.78
        },
        "20124": {
            "year_quarter": 20124,
            "year": 2012,
            "quarter": 4,
            "eps": 0.14,
            "eps_growth_year": null,
            "eps_4q": 0.23,
            "eps_4q_growth_year": null,
            "roe": 1.34,
            "roe_4q": 2.17,
            "gross_profit": 30122,
            "gross_margin": 15.06,
            "gross_margin_4q_avg": 11.75,
            "net_income": 8129,
            "revenue": 199959,
            "common_shares": 571750,
            "book_valuer_per_share": 10.75,
            "book_valuer_per_share_4q_avg": 10.49,
            "equity": 614457,
            "current_ratio": 246.62,
            "debt_ratio": 22.99,
            "inventory_turnover_ratio": 3.12,
            "account_receivable_turnover_ratio": 1.17,
            "reinvestment_rate": null,
            "research_to_sale_ratio": 5.15,
            "price_fair": 2.21,
            "eps_avg_yearly": 0.74,
            "eps_latest_yearly": 0.56,
            "eps_growth_yearly": -65.02
        },
        "20131": {
            "year_quarter": 20131,
            "year": 2013,
            "quarter": 1,
            "eps": 0.32,
            "eps_growth_year": null,
            "eps_4q": 0.71,
            "eps_4q_growth_year": null,
            "roe": 2.95,
            "roe_4q": 6.63,
            "gross_profit": 38291,
            "gross_margin": 18.13,
            "gross_margin_4q_avg": 14.74,
            "net_income": 18392,
            "revenue": 211194,
            "common_shares": 571750,
            "book_valuer_per_share": 11.05,
            "book_valuer_per_share_4q_avg": 10.69,
            "equity": 631535,
            "current_ratio": 261.57,
            "debt_ratio": 22.88,
            "inventory_turnover_ratio": 3.82,
            "account_receivable_turnover_ratio": 1.29,
            "reinvestment_rate": null,
            "research_to_sale_ratio": 4.65,
            "price_fair": 31.64,
            "eps_avg_yearly": 0.9,
            "eps_latest_yearly": 1.28,
            "eps_growth_yearly": 99.88
        },
        "20132": {
            "year_quarter": 20132,
            "year": 2013,
            "quarter": 2,
            "eps": 0.35,
            "eps_growth_year": 213.7,
            "eps_4q": 0.95,
            "eps_4q_growth_year": null,
            "roe": 3.12,
            "roe_4q": 8.67,
            "gross_profit": 40462,
            "gross_margin": 19.63,
            "gross_margin_4q_avg": 16.7,
            "net_income": 20054,
            "revenue": 206092,
            "common_shares": 571750,
            "book_valuer_per_share": 11.41,
            "book_valuer_per_share_4q_avg": 10.94,
            "equity": 652448,
            "current_ratio": 286.88,
            "debt_ratio": 22.16,
            "inventory_turnover_ratio": 4.12,
            "account_receivable_turnover_ratio": 1.17,
            "reinvestment_rate": null,
            "research_to_sale_ratio": 5.11,
            "price_fair": 34.53,
            "eps_avg_yearly": 0.99,
            "eps_latest_yearly": 1.4,
            "eps_growth_yearly": 89.48
        },
        "20133": {
            "year_quarter": 20133,
            "year": 2013,
            "quarter": 3,
            "eps": 0.41,
            "eps_growth_year": 211.52,
            "eps_4q": 1.23,
            "eps_4q_growth_year": null,
            "roe": 3.56,
            "roe_4q": 10.969999999999999,
            "gross_profit": 48960,
            "gross_margin": 22.18,
            "gross_margin_4q_avg": 18.75,
            "net_income": 23691,
            "revenue": 220746,
            "common_shares": 571750,
            "book_valuer_per_share": 11.85,
            "book_valuer_per_share_4q_avg": 11.27,
            "equity": 677247,
            "current_ratio": 286.96,
            "debt_ratio": 23.61,
            "inventory_turnover_ratio": 3.99,
            "account_receivable_turnover_ratio": 1.37,
            "reinvestment_rate": null,
            "research_to_sale_ratio": 4.91,
            "price_fair": 37.8,
            "eps_avg_yearly": 1.08,
            "eps_latest_yearly": 1.64,
            "eps_growth_yearly": 86.49
        },
        "20134": {
            "year_quarter": 20134,
            "year": 2013,
            "quarter": 4,
            "eps": 0.59,
            "eps_growth_year": 314.93,
            "eps_4q": 1.66,
            "eps_4q_growth_year": 625.04,
            "roe": 4.88,
            "roe_4q": 14.509999999999998,
            "gross_profit": 58435,
            "gross_margin": 22.77,
            "gross_margin_4q_avg": 20.68,
            "net_income": 34230,
            "revenue": 256645,
            "common_shares": 580230,
            "book_valuer_per_share": 12.51,
            "book_valuer_per_share_4q_avg": 11.71,
            "equity": 725811,
            "current_ratio": 279.52,
            "debt_ratio": 26.32,
            "inventory_turnover_ratio": 3.29,
            "account_receivable_turnover_ratio": 1.64,
            "reinvestment_rate": null,
            "research_to_sale_ratio": 3.97,
            "price_fair": 39.4,
            "eps_avg_yearly": 1.13,
            "eps_latest_yearly": 2.36,
            "eps_growth_yearly": 74.71
        },
        "20141": {
            "year_quarter": 20141,
            "year": 2014,
            "quarter": 1,
            "eps": 1.02,
            "eps_growth_year": 218.75,
            "eps_4q": 2.36,
            "eps_4q_growth_year": 234.12,
            "roe": 7.84,
            "roe_4q": 19.4,
            "gross_profit": 89096,
            "gross_margin": 29.05,
            "gross_margin_4q_avg": 23.41,
            "net_income": 59266,
            "revenue": 306688,
            "common_shares": 580950,
            "book_valuer_per_share": 13.54,
            "book_valuer_per_share_4q_avg": 12.33,
            "equity": 786873,
            "current_ratio": 317.18,
            "debt_ratio": 24.53,
            "inventory_turnover_ratio": 3.2,
            "account_receivable_turnover_ratio": 1.79,
            "reinvestment_rate": -1058.94,
            "research_to_sale_ratio": 3.41,
            "price_fair": 59.2,
            "eps_avg_yearly": 1.69,
            "eps_latest_yearly": 4.08,
            "eps_growth_yearly": 170.14
        },
        "20142": {
            "year_quarter": 20142,
            "year": 2014,
            "quarter": 2,
            "eps": 1,
            "eps_growth_year": 185.71,
            "eps_4q": 3.02,
            "eps_4q_growth_year": 218.76,
            "roe": 7.49,
            "roe_4q": 23.77,
            "gross_profit": 91511,
            "gross_margin": 31.32,
            "gross_margin_4q_avg": 26.33,
            "net_income": 58098,
            "revenue": 292148,
            "common_shares": 581150,
            "book_valuer_per_share": 13.16,
            "book_valuer_per_share_4q_avg": 12.77,
            "equity": 764507,
            "current_ratio": 264.56,
            "debt_ratio": 30.36,
            "inventory_turnover_ratio": 3.38,
            "account_receivable_turnover_ratio": 1.61,
            "reinvestment_rate": -263.67,
            "research_to_sale_ratio": 3.34,
            "price_fair": 69.3,
            "eps_avg_yearly": 1.98,
            "eps_latest_yearly": 4,
            "eps_growth_yearly": 147.89
        },
        "20143": {
            "year_quarter": 20143,
            "year": 2014,
            "quarter": 3,
            "eps": 1.06,
            "eps_growth_year": 158.54,
            "eps_4q": 3.67,
            "eps_4q_growth_year": 198.24,
            "roe": 7.72,
            "roe_4q": 27.93,
            "gross_profit": 93123,
            "gross_margin": 30.96,
            "gross_margin_4q_avg": 28.53,
            "net_income": 61411,
            "revenue": 300817,
            "common_shares": 581150,
            "book_valuer_per_share": 14.22,
            "book_valuer_per_share_4q_avg": 13.36,
            "equity": 826344,
            "current_ratio": 327.37,
            "debt_ratio": 25.07,
            "inventory_turnover_ratio": 3.77,
            "account_receivable_turnover_ratio": 1.59,
            "reinvestment_rate": -146.15,
            "research_to_sale_ratio": 3.45,
            "price_fair": 78.09,
            "eps_avg_yearly": 2.23,
            "eps_latest_yearly": 4.24,
            "eps_growth_yearly": 134.13
        },
        "20144": {
            "year_quarter": 20144,
            "year": 2014,
            "quarter": 4,
            "eps": 0.87,
            "eps_growth_year": 47.84,
            "eps_4q": 3.92,
            "eps_4q_growth_year": 136.18,
            "roe": 5.97,
            "roe_4q": 29.02,
            "gross_profit": 83714,
            "gross_margin": 31.38,
            "gross_margin_4q_avg": 30.68,
            "net_income": 51113,
            "revenue": 266744,
            "common_shares": 586058,
            "book_valuer_per_share": 15.12,
            "book_valuer_per_share_4q_avg": 14.01,
            "equity": 885891,
            "current_ratio": 338.19,
            "debt_ratio": 24.93,
            "inventory_turnover_ratio": 3.05,
            "account_receivable_turnover_ratio": 1.65,
            "reinvestment_rate": -99.18,
            "research_to_sale_ratio": 4.14,
            "price_fair": 82.46,
            "eps_avg_yearly": 2.36,
            "eps_latest_yearly": 3.48,
            "eps_growth_yearly": 113.54
        },
        "20151": {
            "year_quarter": 20151,
            "year": 2015,
            "quarter": 1,
            "eps": 0.88,
            "eps_growth_year": -13.73,
            "eps_4q": 3.78,
            "eps_4q_growth_year": 60.19,
            "roe": 5.64,
            "roe_4q": 26.82,
            "gross_profit": 83918,
            "gross_margin": 32.31,
            "gross_margin_4q_avg": 31.49,
            "net_income": 51436,
            "revenue": 259766,
            "common_shares": 586798,
            "book_valuer_per_share": 16,
            "book_valuer_per_share_4q_avg": 14.63,
            "equity": 938654,
            "current_ratio": 374.66,
            "debt_ratio": 22.81,
            "inventory_turnover_ratio": 2.89,
            "account_receivable_turnover_ratio": 1.89,
            "reinvestment_rate": -79.2,
            "research_to_sale_ratio": 3.7,
            "price_fair": 86.16,
            "eps_avg_yearly": 2.46,
            "eps_latest_yearly": 3.52,
            "eps_growth_yearly": 103.64
        },
        "20152": {
            "year_quarter": 20152,
            "year": 2015,
            "quarter": 2,
            "eps": 0.7,
            "eps_growth_year": -30,
            "eps_4q": 3.49,
            "eps_4q_growth_year": 15.77,
            "roe": 4.71,
            "roe_4q": 24.04,
            "gross_profit": 74517,
            "gross_margin": 32.29,
            "gross_margin_4q_avg": 31.74,
            "net_income": 41035,
            "revenue": 230760,
            "common_shares": 587073,
            "book_valuer_per_share": 13.7,
            "book_valuer_per_share_4q_avg": 14.76,
            "equity": 804233,
            "current_ratio": 255.6,
            "debt_ratio": 33.88,
            "inventory_turnover_ratio": 2.82,
            "account_receivable_turnover_ratio": 1.56,
            "reinvestment_rate": -65.94,
            "research_to_sale_ratio": 4.45,
            "price_fair": 87.15,
            "eps_avg_yearly": 2.49,
            "eps_latest_yearly": 2.8,
            "eps_growth_yearly": 88.19
        },
        "20153": {
            "year_quarter": 20153,
            "year": 2015,
            "quarter": 3,
            "eps": 0.87,
            "eps_growth_year": -17.92,
            "eps_4q": 3.31,
            "eps_4q_growth_year": -9.65,
            "roe": 6.12,
            "roe_4q": 22.439999999999998,
            "gross_profit": 83824,
            "gross_margin": 32.71,
            "gross_margin_4q_avg": 32.17,
            "net_income": 50817,
            "revenue": 256232,
            "common_shares": 587073,
            "book_valuer_per_share": 14.57,
            "book_valuer_per_share_4q_avg": 14.85,
            "equity": 855194,
            "current_ratio": 415.58,
            "debt_ratio": 20.92,
            "inventory_turnover_ratio": 3.24,
            "account_receivable_turnover_ratio": 1.69,
            "reinvestment_rate": -57.34,
            "research_to_sale_ratio": 3.84,
            "price_fair": 89.82,
            "eps_avg_yearly": 2.57,
            "eps_latest_yearly": 3.48,
            "eps_growth_yearly": 88.87
        },
        "20154": {
            "year_quarter": 20154,
            "year": 2015,
            "quarter": 4,
            "eps": 1.42,
            "eps_growth_year": 62.49,
            "eps_4q": 5.43,
            "eps_4q_growth_year": 38.36,
            "roe": 6.6,
            "roe_4q": 23.07,
            "gross_profit": 80729,
            "gross_margin": 35.02,
            "gross_margin_4q_avg": 33.08,
            "net_income": 50639,
            "revenue": 230553,
            "common_shares": 357323,
            "book_valuer_per_share": 19.01,
            "book_valuer_per_share_4q_avg": 15.82,
            "equity": 679220,
            "current_ratio": 212.13,
            "debt_ratio": 41.68,
            "inventory_turnover_ratio": 2.66,
            "account_receivable_turnover_ratio": 1.68,
            "reinvestment_rate": -49.76,
            "research_to_sale_ratio": 4.11,
            "price_fair": 97.6,
            "eps_avg_yearly": 2.79,
            "eps_latest_yearly": 5.68,
            "eps_growth_yearly": 100.59
        },
        "20161": {
            "year_quarter": 20161,
            "year": 2016,
            "quarter": 1,
            "eps": 1.37,
            "eps_growth_year": 55.68,
            "eps_4q": 5.36,
            "eps_4q_growth_year": 41.69,
            "roe": 6.98,
            "roe_4q": 24.41,
            "gross_profit": 80760,
            "gross_margin": 35.04,
            "gross_margin_4q_avg": 33.77,
            "net_income": 49101,
            "revenue": 230488,
            "common_shares": 357323,
            "book_valuer_per_share": 20.38,
            "book_valuer_per_share_4q_avg": 16.92,
            "equity": 728333,
            "current_ratio": 363.1,
            "debt_ratio": 23.68,
            "inventory_turnover_ratio": 2.62,
            "account_receivable_turnover_ratio": 1.78,
            "reinvestment_rate": -42.58,
            "research_to_sale_ratio": 3.99,
            "price_fair": 103.88,
            "eps_avg_yearly": 2.97,
            "eps_latest_yearly": 5.48,
            "eps_growth_yearly": 92.94
        },
        "20162": {
            "year_quarter": 20162,
            "year": 2016,
            "quarter": 2,
            "eps": 1.24,
            "eps_growth_year": 77.14,
            "eps_4q": 5.46,
            "eps_4q_growth_year": 56.24,
            "roe": 6.81,
            "roe_4q": 26.51,
            "gross_profit": 71160,
            "gross_margin": 35.48,
            "gross_margin_4q_avg": 34.56,
            "net_income": 44390,
            "revenue": 200565,
            "common_shares": 357323,
            "book_valuer_per_share": 16.13,
            "book_valuer_per_share_4q_avg": 17.52,
            "equity": 576208,
            "current_ratio": 210.17,
            "debt_ratio": 41.49,
            "inventory_turnover_ratio": 2.32,
            "account_receivable_turnover_ratio": 1.64,
            "reinvestment_rate": -37.05,
            "research_to_sale_ratio": 4.89,
            "price_fair": 108.24,
            "eps_avg_yearly": 3.09,
            "eps_latest_yearly": 4.96,
            "eps_growth_yearly": 84.76
        },
        "20163": {
            "year_quarter": 20163,
            "year": 2016,
            "quarter": 3,
            "eps": 1.13,
            "eps_growth_year": 29.89,
            "eps_4q": 5.09,
            "eps_4q_growth_year": 53.8,
            "roe": 6.73,
            "roe_4q": 27.119999999999997,
            "gross_profit": 73589,
            "gross_margin": 31.09,
            "gross_margin_4q_avg": 34.16,
            "net_income": 40399,
            "revenue": 236703,
            "common_shares": 362323,
            "book_valuer_per_share": 17.22,
            "book_valuer_per_share_4q_avg": 18.19,
            "equity": 623860,
            "current_ratio": 337.32,
            "debt_ratio": 25.3,
            "inventory_turnover_ratio": 2.46,
            "account_receivable_turnover_ratio": 1.78,
            "reinvestment_rate": -33.24,
            "research_to_sale_ratio": 4.43,
            "price_fair": 116.99,
            "eps_avg_yearly": 3.34,
            "eps_latest_yearly": 4.52,
            "eps_growth_yearly": 78
        },
        "20164": {
            "year_quarter": 20164,
            "year": 2016,
            "quarter": 4,
            "eps": 1.24,
            "eps_growth_year": -12.47,
            "eps_4q": 4.93,
            "eps_4q_growth_year": -9.14,
            "roe": 6.94,
            "roe_4q": 27.46,
            "gross_profit": 79625,
            "gross_margin": 30.03,
            "gross_margin_4q_avg": 32.91,
            "net_income": 45000,
            "revenue": 265157,
            "common_shares": 362773,
            "book_valuer_per_share": 18.54,
            "book_valuer_per_share_4q_avg": 18.07,
            "equity": 672432,
            "current_ratio": 321.11,
            "debt_ratio": 27.21,
            "inventory_turnover_ratio": 2.75,
            "account_receivable_turnover_ratio": 1.72,
            "reinvestment_rate": -29.73,
            "research_to_sale_ratio": 4.53,
            "price_fair": 126.61,
            "eps_avg_yearly": 3.62,
            "eps_latest_yearly": 4.96,
            "eps_growth_yearly": 78.51
        },
        "20171": {
            "year_quarter": 20171,
            "year": 2017,
            "quarter": 1,
            "eps": 0.57,
            "eps_growth_year": -58.39,
            "eps_4q": 4.14,
            "eps_4q_growth_year": -22.72,
            "roe": 3,
            "roe_4q": 23.48,
            "gross_profit": 57217,
            "gross_margin": 26.1,
            "gross_margin_4q_avg": 30.68,
            "net_income": 20534,
            "revenue": 219259,
            "common_shares": 362773,
            "book_valuer_per_share": 19.19,
            "book_valuer_per_share_4q_avg": 17.77,
            "equity": 696244,
            "current_ratio": 349.65,
            "debt_ratio": 25.22,
            "inventory_turnover_ratio": 2.66,
            "account_receivable_turnover_ratio": 1.58,
            "reinvestment_rate": -27.42,
            "research_to_sale_ratio": 4.46,
            "price_fair": 128.8,
            "eps_avg_yearly": 3.68,
            "eps_latest_yearly": 2.28,
            "eps_growth_yearly": 32.86
        },
        "20172": {
            "year_quarter": 20172,
            "year": 2017,
            "quarter": 2,
            "eps": 0.8,
            "eps_growth_year": -35.48,
            "eps_4q": 3.71,
            "eps_4q_growth_year": -32.04,
            "roe": 4.47,
            "roe_4q": 21.14,
            "gross_profit": 55756,
            "gross_margin": 26.34,
            "gross_margin_4q_avg": 28.39,
            "net_income": 28575,
            "revenue": 211667,
            "common_shares": 362753,
            "book_valuer_per_share": 16.07,
            "book_valuer_per_share_4q_avg": 17.76,
            "equity": 582927,
            "current_ratio": 230.76,
            "debt_ratio": 38.54,
            "inventory_turnover_ratio": 2.67,
            "account_receivable_turnover_ratio": 1.69,
            "reinvestment_rate": -24.62,
            "research_to_sale_ratio": 5.43,
            "price_fair": 132.74,
            "eps_avg_yearly": 3.79,
            "eps_latest_yearly": 3.2,
            "eps_growth_yearly": 40.6
        },
        "20173": {
            "year_quarter": 20173,
            "year": 2017,
            "quarter": 3,
            "eps": 0.89,
            "eps_growth_year": -21.24,
            "eps_4q": 4.27,
            "eps_4q_growth_year": -16.16,
            "roe": 5.4,
            "roe_4q": 19.810000000000002,
            "gross_profit": 57299,
            "gross_margin": 24.63,
            "gross_margin_4q_avg": 26.78,
            "net_income": 30483,
            "revenue": 232641,
            "common_shares": 291788,
            "book_valuer_per_share": 18.68,
            "book_valuer_per_share_4q_avg": 18.12,
            "equity": 545051,
            "current_ratio": 252.92,
            "debt_ratio": 34.66,
            "inventory_turnover_ratio": 3.18,
            "account_receivable_turnover_ratio": 1.84,
            "reinvestment_rate": -23.38,
            "research_to_sale_ratio": 4.53,
            "price_fair": 136.94,
            "eps_avg_yearly": 3.91,
            "eps_latest_yearly": 3.56,
            "eps_growth_yearly": 39.13
        },
        "20174": {
            "year_quarter": 20174,
            "year": 2017,
            "quarter": 4,
            "eps": 0.84,
            "eps_growth_year": -32.57,
            "eps_4q": 3.56,
            "eps_4q_growth_year": -27.72,
            "roe": 4.37,
            "roe_4q": 17.24,
            "gross_profit": 51269,
            "gross_margin": 22.7,
            "gross_margin_4q_avg": 24.94,
            "net_income": 24403,
            "revenue": 225870,
            "common_shares": 291772,
            "book_valuer_per_share": 19.6,
            "book_valuer_per_share_4q_avg": 18.39,
            "equity": 571737,
            "current_ratio": 305.38,
            "debt_ratio": 28.5,
            "inventory_turnover_ratio": 3.33,
            "account_receivable_turnover_ratio": 1.61,
            "reinvestment_rate": -21.4,
            "research_to_sale_ratio": 4.14,
            "price_fair": 139.13,
            "eps_avg_yearly": 3.98,
            "eps_latest_yearly": 3.36,
            "eps_growth_yearly": 26.75
        },
        "20181": {
            "year_quarter": 20181,
            "year": 2018,
            "quarter": 1,
            "eps": 0.57,
            "eps_growth_year": 0,
            "eps_4q": 3.43,
            "eps_4q_growth_year": -17.26,
            "roe": 2.85,
            "roe_4q": 17.09,
            "gross_profit": 37704,
            "gross_margin": 18.41,
            "gross_margin_4q_avg": 23.02,
            "net_income": 16574,
            "revenue": 204846,
            "common_shares": 291772,
            "book_valuer_per_share": 20.23,
            "book_valuer_per_share_4q_avg": 18.65,
            "equity": 590145,
            "current_ratio": 328.07,
            "debt_ratio": 26.46,
            "inventory_turnover_ratio": 3.26,
            "account_receivable_turnover_ratio": 1.5,
            "reinvestment_rate": -19.41,
            "research_to_sale_ratio": 4.3,
            "price_fair": 38.63,
            "eps_avg_yearly": 3.86,
            "eps_latest_yearly": 2.28,
            "eps_growth_yearly": 0.49
        },
        "20182": {
            "year_quarter": 20182,
            "year": 2018,
            "quarter": 2,
            "eps": 0.78,
            "eps_growth_year": -2.5,
            "eps_4q": 3.2,
            "eps_4q_growth_year": -13.69,
            "roe": 4.01,
            "roe_4q": 16.630000000000003,
            "gross_profit": 37750,
            "gross_margin": 18.77,
            "gross_margin_4q_avg": 21.13,
            "net_income": 22340,
            "revenue": 201082,
            "common_shares": 293076,
            "book_valuer_per_share": 17.84,
            "book_valuer_per_share_4q_avg": 19.09,
            "equity": 522927,
            "current_ratio": 234.41,
            "debt_ratio": 37.33,
            "inventory_turnover_ratio": 2.92,
            "account_receivable_turnover_ratio": 1.55,
            "reinvestment_rate": -18.17,
            "research_to_sale_ratio": 4.41,
            "price_fair": 76.89,
            "eps_avg_yearly": 3.81,
            "eps_latest_yearly": 3.12,
            "eps_growth_yearly": 10.19
        },
        "20183": {
            "year_quarter": 20183,
            "year": 2018,
            "quarter": 3,
            "eps": 0.55,
            "eps_growth_year": -38.2,
            "eps_4q": 2.7,
            "eps_4q_growth_year": -36.73,
            "roe": 2.98,
            "roe_4q": 14.21,
            "gross_profit": 39404,
            "gross_margin": 19.59,
            "gross_margin_4q_avg": 19.87,
            "net_income": 15865,
            "revenue": 201121,
            "common_shares": 293076,
            "book_valuer_per_share": 18.47,
            "book_valuer_per_share_4q_avg": 19.04,
            "equity": 541231,
            "current_ratio": 333.13,
            "debt_ratio": 25.87,
            "inventory_turnover_ratio": 2.83,
            "account_receivable_turnover_ratio": 1.47,
            "reinvestment_rate": -17.53,
            "research_to_sale_ratio": 4.13,
            "price_fair": 41.67,
            "eps_avg_yearly": 3.68,
            "eps_latest_yearly": 2.2,
            "eps_growth_yearly": 1.32
        },
        "20184": {
            "year_quarter": 20184,
            "year": 2018,
            "quarter": 4,
            "eps": 0.66,
            "eps_growth_year": -21.55,
            "eps_4q": 2.53,
            "eps_4q_growth_year": -29.14,
            "roe": 3.48,
            "roe_4q": 13.319999999999999,
            "gross_profit": 35921,
            "gross_margin": 19.52,
            "gross_margin_4q_avg": 19.07,
            "net_income": 19226,
            "revenue": 184029,
            "common_shares": 293008,
            "book_valuer_per_share": 19.19,
            "book_valuer_per_share_4q_avg": 18.93,
            "equity": 562342,
            "current_ratio": 352.24,
            "debt_ratio": 24.69,
            "inventory_turnover_ratio": 2.77,
            "account_receivable_turnover_ratio": 1.48,
            "reinvestment_rate": -14.73,
            "research_to_sale_ratio": 4.01,
            "price_fair": 75.47,
            "eps_avg_yearly": 3.63,
            "eps_latest_yearly": 2.64,
            "eps_growth_yearly": 10.8
        },
        "20191": {
            "year_quarter": 20191,
            "year": 2019,
            "quarter": 1,
            "eps": 0.32,
            "eps_growth_year": -43.86,
            "eps_4q": 2.28,
            "eps_4q_growth_year": -33.45,
            "roe": 1.66,
            "roe_4q": 12.129999999999999,
            "gross_profit": 21333,
            "gross_margin": 14.96,
            "gross_margin_4q_avg": 18.21,
            "net_income": 9412,
            "revenue": 142592,
            "common_shares": 292968,
            "book_valuer_per_share": 19.59,
            "book_valuer_per_share_4q_avg": 18.77,
            "equity": 573933,
            "current_ratio": 391.36,
            "debt_ratio": 32.21,
            "inventory_turnover_ratio": 2.44,
            "account_receivable_turnover_ratio": 1.51,
            "reinvestment_rate": -15.04,
            "research_to_sale_ratio": 5.25,
            "price_fair": 10.46,
            "eps_avg_yearly": 3.49,
            "eps_latest_yearly": 1.28,
            "eps_growth_yearly": -2.36
        },
        "20192": {
            "year_quarter": 20192,
            "year": 2019,
            "quarter": 2,
            "eps": 0.07,
            "eps_growth_year": -91.03,
            "eps_4q": 1.58,
            "eps_4q_growth_year": -50.52,
            "roe": 0.35,
            "roe_4q": 8.47,
            "gross_profit": 13820,
            "gross_margin": 12.97,
            "gross_margin_4q_avg": 16.76,
            "net_income": 1889,
            "revenue": 106570,
            "common_shares": 292968,
            "book_valuer_per_share": 17.23,
            "book_valuer_per_share_4q_avg": 18.62,
            "equity": 504686,
            "current_ratio": 290.65,
            "debt_ratio": 39.01,
            "inventory_turnover_ratio": 1.94,
            "account_receivable_turnover_ratio": 1.58,
            "reinvestment_rate": -15.7,
            "research_to_sale_ratio": 6.24,
            "price_fair": 9.99,
            "eps_avg_yearly": 3.33,
            "eps_latest_yearly": 0.28,
            "eps_growth_yearly": -16.78
        },
        "20193": {
            "year_quarter": 20193,
            "year": 2019,
            "quarter": 3,
            "eps": -0.28,
            "eps_growth_year": -150.91,
            "eps_4q": 0.76,
            "eps_4q_growth_year": -71.8,
            "roe": -1.64,
            "roe_4q": 3.8499999999999996,
            "gross_profit": 3569,
            "gross_margin": 3.29,
            "gross_margin_4q_avg": 12.69,
            "net_income": -8223,
            "revenue": 108375,
            "common_shares": 292735,
            "book_valuer_per_share": 16.96,
            "book_valuer_per_share_4q_avg": 18.24,
            "equity": 496565,
            "current_ratio": 385.66,
            "debt_ratio": 33.04,
            "inventory_turnover_ratio": 2.43,
            "account_receivable_turnover_ratio": 1.56,
            "reinvestment_rate": -15.43,
            "research_to_sale_ratio": 5.9,
            "price_fair": 9.96,
            "eps_avg_yearly": 3.32,
            "eps_latest_yearly": 0.28,
            "eps_growth_yearly": -24.37
        },
        "20194": {
            "year_quarter": 20194,
            "year": 2019,
            "quarter": 4,
            "eps": -0.34,
            "eps_growth_year": -151.57,
            "eps_4q": -0.23,
            "eps_4q_growth_year": -109.23,
            "roe": -2.01,
            "roe_4q": -1.6399999999999995,
            "gross_profit": 7195,
            "gross_margin": 8.81,
            "gross_margin_4q_avg": 10.01,
            "net_income": -9903,
            "revenue": 81632,
            "common_shares": 292636,
            "book_valuer_per_share": 16.63,
            "book_valuer_per_share_4q_avg": 17.6,
            "equity": 486566,
            "current_ratio": 439.3,
            "debt_ratio": 30.69,
            "inventory_turnover_ratio": 1.97,
            "account_receivable_turnover_ratio": 1.31,
            "reinvestment_rate": -16.48,
            "research_to_sale_ratio": 6.58,
            "price_fair": 9.45,
            "eps_avg_yearly": 3.15,
            "eps_latest_yearly": 0.28,
            "eps_growth_yearly": -44.18
        },
        "20201": {
            "year_quarter": 20201,
            "year": 2020,
            "quarter": 1,
            "eps": -0.17,
            "eps_growth_year": -153.12,
            "eps_4q": -0.72,
            "eps_4q_growth_year": -131.65,
            "roe": -1,
            "roe_4q": -4.3,
            "gross_profit": 8145,
            "gross_margin": 8.18,
            "gross_margin_4q_avg": 8.31,
            "net_income": -4854,
            "revenue": 99606,
            "common_shares": 292636,
            "book_valuer_per_share": 16.41,
            "book_valuer_per_share_4q_avg": 16.81,
            "equity": 480281,
            "current_ratio": 414.49,
            "debt_ratio": 31.38,
            "inventory_turnover_ratio": 2.36,
            "account_receivable_turnover_ratio": 2.12,
            "reinvestment_rate": -15.12,
            "research_to_sale_ratio": 4.94,
            "price_fair": 8.92,
            "eps_avg_yearly": 2.97,
            "eps_latest_yearly": 0.28,
            "eps_growth_yearly": -46.49
        },
        "20202": {
            "year_quarter": 20202,
            "year": 2020,
            "quarter": 2,
            "eps": -0.05,
            "eps_growth_year": -171.43,
            "eps_4q": -0.83,
            "eps_4q_growth_year": -152.55,
            "roe": -0.28,
            "roe_4q": -4.93,
            "gross_profit": 4726,
            "gross_margin": 5.4,
            "gross_margin_4q_avg": 6.42,
            "net_income": -1328,
            "revenue": 87496,
            "common_shares": 292096,
            "book_valuer_per_share": 16.4,
            "book_valuer_per_share_4q_avg": 16.6,
            "equity": 479041,
            "current_ratio": 457.53,
            "debt_ratio": 29.65,
            "inventory_turnover_ratio": 1.91,
            "account_receivable_turnover_ratio": 1.79,
            "reinvestment_rate": -19.74,
            "research_to_sale_ratio": 6.51,
            "price_fair": 8.42,
            "eps_avg_yearly": 2.81,
            "eps_latest_yearly": 0.28,
            "eps_growth_yearly": -47.2
        },
        "20203": {
            "year_quarter": 20203,
            "year": 2020,
            "quarter": 3,
            "eps": -0.54,
            "eps_growth_year": null,
            "eps_4q": -1.09,
            "eps_4q_growth_year": -243.38,
            "roe": -3.36,
            "roe_4q": -6.6499999999999995,
            "gross_profit": -7289,
            "gross_margin": -11.01,
            "gross_margin_4q_avg": 2.85,
            "net_income": -15822,
            "revenue": 66211,
            "common_shares": 292083,
            "book_valuer_per_share": 15.86,
            "book_valuer_per_share_4q_avg": 16.33,
            "equity": 463341,
            "current_ratio": 466.24,
            "debt_ratio": 29.3,
            "inventory_turnover_ratio": 1.59,
            "account_receivable_turnover_ratio": 1.54,
            "reinvestment_rate": -24.66,
            "research_to_sale_ratio": 8.94,
            "price_fair": 7.95,
            "eps_avg_yearly": 2.65,
            "eps_latest_yearly": 0.28,
            "eps_growth_yearly": -48.27
        },
        "20204": {
            "year_quarter": 20204,
            "year": 2020,
            "quarter": 4,
            "eps": -0.36,
            "eps_growth_year": null,
            "eps_4q": -1.12,
            "eps_4q_growth_year": null,
            "roe": -2.32,
            "roe_4q": -6.96,
            "gross_profit": -3496,
            "gross_margin": -4.77,
            "gross_margin_4q_avg": -0.55,
            "net_income": -10641,
            "revenue": 73344,
            "common_shares": 291859,
            "book_valuer_per_share": 15.49,
            "book_valuer_per_share_4q_avg": 16.04,
            "equity": 452162,
            "current_ratio": 482.75,
            "debt_ratio": 28.63,
            "inventory_turnover_ratio": 1.78,
            "account_receivable_turnover_ratio": 1.99,
            "reinvestment_rate": -34.07,
            "research_to_sale_ratio": 6.42,
            "price_fair": 7.26,
            "eps_avg_yearly": 2.42,
            "eps_latest_yearly": 0.28,
            "eps_growth_yearly": -56.99
        },
        "20211": {
            "year_quarter": 20211,
            "year": 2021,
            "quarter": 1,
            "eps": -0.55,
            "eps_growth_year": null,
            "eps_4q": -1.5,
            "eps_4q_growth_year": null,
            "roe": -3.63,
            "roe_4q": -9.589999999999998,
            "gross_profit": -6608,
            "gross_margin": -9.02,
            "gross_margin_4q_avg": -4.85,
            "net_income": -16116,
            "revenue": 73269,
            "common_shares": 291859,
            "book_valuer_per_share": 14.94,
            "book_valuer_per_share_4q_avg": 15.67,
            "equity": 436046,
            "current_ratio": 440.98,
            "debt_ratio": 29.86,
            "inventory_turnover_ratio": 1.83,
            "account_receivable_turnover_ratio": 1.89,
            "reinvestment_rate": -42.76,
            "research_to_sale_ratio": 6.25,
            "price_fair": 7.31,
            "eps_avg_yearly": 2.44,
            "eps_latest_yearly": 0.28,
            "eps_growth_yearly": -39.31
        },
        "20212": {
            "year_quarter": 20212,
            "year": 2021,
            "quarter": 2,
            "eps": -0.41,
            "eps_growth_year": null,
            "eps_4q": -1.86,
            "eps_4q_growth_year": null,
            "roe": -2.75,
            "roe_4q": -12.059999999999999,
            "gross_profit": -5320,
            "gross_margin": -6.04,
            "gross_margin_4q_avg": -7.71,
            "net_income": -11834,
            "revenue": 88037,
            "common_shares": 291859,
            "book_valuer_per_share": 14.53,
            "book_valuer_per_share_4q_avg": 15.21,
            "equity": 424212,
            "current_ratio": 384.16,
            "debt_ratio": 31.86,
            "inventory_turnover_ratio": 2.01,
            "account_receivable_turnover_ratio": 1.92,
            "reinvestment_rate": -72.56,
            "research_to_sale_ratio": 5.01,
            "price_fair": 7.02,
            "eps_avg_yearly": 2.34,
            "eps_latest_yearly": 0.28,
            "eps_growth_yearly": -64.4
        },
        "20213": {
            "year_quarter": 20213,
            "year": 2021,
            "quarter": 3,
            "eps": -0.19,
            "eps_growth_year": null,
            "eps_4q": -1.51,
            "eps_4q_growth_year": null,
            "roe": -1.33,
            "roe_4q": -10.03,
            "gross_profit": 5087,
            "gross_margin": 4.24,
            "gross_margin_4q_avg": -3.9,
            "net_income": -5598,
            "revenue": 119944,
            "common_shares": 291859,
            "book_valuer_per_share": 14.34,
            "book_valuer_per_share_4q_avg": 14.83,
            "equity": 418614,
            "current_ratio": 338.61,
            "debt_ratio": 33.93,
            "inventory_turnover_ratio": 2.29,
            "account_receivable_turnover_ratio": 1.91,
            "reinvestment_rate": -170.54,
            "research_to_sale_ratio": 3.75,
            "price_fair": 6.5,
            "eps_avg_yearly": 2.17,
            "eps_latest_yearly": 0.28,
            "eps_growth_yearly": -80.03
        },
        "20214": {
            "year_quarter": 20214,
            "year": 2021,
            "quarter": 4,
            "eps": -0.09,
            "eps_growth_year": null,
            "eps_4q": -1.24,
            "eps_4q_growth_year": null,
            "roe": -0.66,
            "roe_4q": -8.370000000000001,
            "gross_profit": 8371,
            "gross_margin": 6.99,
            "gross_margin_4q_avg": -0.96,
            "net_income": -2735,
            "revenue": 119723,
            "common_shares": 291859,
            "book_valuer_per_share": 14.25,
            "book_valuer_per_share_4q_avg": 14.52,
            "equity": 416017,
            "current_ratio": 324.4,
            "debt_ratio": 34.51,
            "inventory_turnover_ratio": 2.01,
            "account_receivable_turnover_ratio": 1.57,
            "reinvestment_rate": null,
            "research_to_sale_ratio": 3.62,
            "price_fair": 5.9,
            "eps_avg_yearly": 1.97,
            "eps_latest_yearly": 0.28,
            "eps_growth_yearly": -89.62
        },
        "20221": {
            "year_quarter": 20221,
            "year": 2022,
            "quarter": 1,
            "eps": -0.27,
            "eps_growth_year": null,
            "eps_4q": -0.96,
            "eps_4q_growth_year": null,
            "roe": -1.91,
            "roe_4q": -6.65,
            "gross_profit": 1805,
            "gross_margin": 1.78,
            "gross_margin_4q_avg": 1.74,
            "net_income": -7882,
            "revenue": 101637,
            "common_shares": 291859,
            "book_valuer_per_share": 13.98,
            "book_valuer_per_share_4q_avg": 14.28,
            "equity": 408135,
            "current_ratio": 350.14,
            "debt_ratio": 32.61,
            "inventory_turnover_ratio": 1.63,
            "account_receivable_turnover_ratio": 1.44,
            "reinvestment_rate": null,
            "research_to_sale_ratio": 4.43,
            "price_fair": 5.71,
            "eps_avg_yearly": 1.9,
            "eps_latest_yearly": 0.28,
            "eps_growth_yearly": -81.83
        },
        "20222": {
            "year_quarter": 20222,
            "year": 2022,
            "quarter": 2,
            "eps": 0.01,
            "eps_growth_year": null,
            "eps_4q": -0.54,
            "eps_4q_growth_year": null,
            "roe": 0.08,
            "roe_4q": -3.82,
            "gross_profit": 7277,
            "gross_margin": 6.77,
            "gross_margin_4q_avg": 4.95,
            "net_income": 312,
            "revenue": 107506,
            "common_shares": 291859,
            "book_valuer_per_share": 13.91,
            "book_valuer_per_share_4q_avg": 14.12,
            "equity": 406037,
            "current_ratio": 309.65,
            "debt_ratio": 30.97,
            "inventory_turnover_ratio": 1.61,
            "account_receivable_turnover_ratio": 1.56,
            "reinvestment_rate": null,
            "research_to_sale_ratio": 3.87,
            "price_fair": 4.8,
            "eps_avg_yearly": 1.6,
            "eps_latest_yearly": 0.28,
            "eps_growth_yearly": -139.13
        },
        "20223": {
            "year_quarter": 20223,
            "year": 2022,
            "quarter": 3,
            "eps": -0.07,
            "eps_growth_year": null,
            "eps_4q": -0.43,
            "eps_4q_growth_year": null,
            "roe": -0.52,
            "roe_4q": -3.0100000000000002,
            "gross_profit": 1138,
            "gross_margin": 1.57,
            "gross_margin_4q_avg": 4.28,
            "net_income": -2105,
            "revenue": 72377,
            "common_shares": 291859,
            "book_valuer_per_share": 13.68,
            "book_valuer_per_share_4q_avg": 13.96,
            "equity": 399296,
            "current_ratio": 354.99,
            "debt_ratio": 28.13,
            "inventory_turnover_ratio": 1.16,
            "account_receivable_turnover_ratio": 1.11,
            "reinvestment_rate": null,
            "research_to_sale_ratio": 6.04,
            "price_fair": 4.2,
            "eps_avg_yearly": 1.4,
            "eps_latest_yearly": 0.28,
            "eps_growth_yearly": -146.19
        },
        "20224": {
            "year_quarter": 20224,
            "year": 2022,
            "quarter": 4,
            "eps": -0.61,
            "eps_growth_year": null,
            "eps_4q": -0.94,
            "eps_4q_growth_year": null,
            "roe": -4.58,
            "roe_4q": -6.93,
            "gross_profit": -3868,
            "gross_margin": -5.1,
            "gross_margin_4q_avg": 1.26,
            "net_income": -17902,
            "revenue": 75788,
            "common_shares": 291859,
            "book_valuer_per_share": 13.1,
            "book_valuer_per_share_4q_avg": 13.67,
            "equity": 382356,
            "current_ratio": 339.45,
            "debt_ratio": 28.23,
            "inventory_turnover_ratio": 1.29,
            "account_receivable_turnover_ratio": 1.27,
            "reinvestment_rate": null,
            "research_to_sale_ratio": 5.73,
            "price_fair": 2.34,
            "eps_avg_yearly": 0.78,
            "eps_latest_yearly": 0.28,
            "eps_growth_yearly": -259.28
        },
        "20231": {
            "year_quarter": 20231,
            "year": 2023,
            "quarter": 1,
            "eps": -0.07,
            "eps_growth_year": null,
            "eps_4q": -0.74,
            "eps_4q_growth_year": null,
            "roe": -0.51,
            "roe_4q": -5.529999999999999,
            "gross_profit": 8822,
            "gross_margin": 8.73,
            "gross_margin_4q_avg": 2.99,
            "net_income": -1972,
            "revenue": 101098,
            "common_shares": 291859,
            "book_valuer_per_share": 13.16,
            "book_valuer_per_share_4q_avg": 13.46,
            "equity": 384210,
            "current_ratio": 330.04,
            "debt_ratio": 28.12,
            "inventory_turnover_ratio": 1.65,
            "account_receivable_turnover_ratio": 1.63,
            "reinvestment_rate": null,
            "research_to_sale_ratio": 3.94,
            "price_fair": 0.84,
            "eps_avg_yearly": 0.28,
            "eps_latest_yearly": 0.28,
            "eps_growth_yearly": -312.5
        },
        "20232": {
            "year_quarter": 20232,
            "year": 2023,
            "quarter": 2,
            "eps": 0.09,
            "eps_growth_year": 800,
            "eps_4q": -0.66,
            "eps_4q_growth_year": null,
            "roe": 0.7,
            "roe_4q": -4.91,
            "gross_profit": 6826,
            "gross_margin": 7.03,
            "gross_margin_4q_avg": 3.06,
            "net_income": 2678,
            "revenue": 97048,
            "common_shares": 291859,
            "book_valuer_per_share": 13.21,
            "book_valuer_per_share_4q_avg": 13.29,
            "equity": 385595,
            "current_ratio": 314.52,
            "debt_ratio": 28.87,
            "inventory_turnover_ratio": 1.85,
            "account_receivable_turnover_ratio": 1.62,
            "reinvestment_rate": null,
            "research_to_sale_ratio": 4.25,
            "price_fair": 0,
            "eps_avg_yearly": 0,
            "eps_latest_yearly": 0,
            "eps_growth_yearly": 0
        }
    },
    "months": {
        "2008-04": {
            "month": "2008-04",
            "price": "59.15",
            "revenue": 77859
        },
        "2008-05": {
            "month": "2008-05",
            "price": "56.76",
            "revenue": 95676
        },
        "2008-06": {
            "month": "2008-06",
            "price": "54.89",
            "revenue": 79932
        },
        "2008-07": {
            "month": "2008-07",
            "price": "41.04",
            "revenue": 65139
        },
        "2008-08": {
            "month": "2008-08",
            "price": "38.43",
            "revenue": 62805
        },
        "2008-09": {
            "month": "2008-09",
            "price": "37.23",
            "revenue": 74545
        },
        "2008-10": {
            "month": "2008-10",
            "price": "34.49",
            "revenue": 75484
        },
        "2008-11": {
            "month": "2008-11",
            "price": "30.61",
            "revenue": 62617
        },
        "2008-12": {
            "month": "2008-12",
            "price": "20.52",
            "revenue": 62158
        },
        "2009-01": {
            "month": "2009-01",
            "price": "14.93",
            "revenue": 41888
        },
        "2009-02": {
            "month": "2009-02",
            "price": "18.77",
            "revenue": 59174
        },
        "2009-03": {
            "month": "2009-03",
            "price": "29.94",
            "revenue": 52967
        },
        "2009-04": {
            "month": "2009-04",
            "price": "40.30",
            "revenue": 41253
        },
        "2009-05": {
            "month": "2009-05",
            "price": "43.51",
            "revenue": 46613
        },
        "2009-06": {
            "month": "2009-06",
            "price": "39.02",
            "revenue": 46124
        },
        "2009-07": {
            "month": "2009-07",
            "price": "38.55",
            "revenue": 61657
        },
        "2009-08": {
            "month": "2009-08",
            "price": "41.78",
            "revenue": 71213
        },
        "2009-09": {
            "month": "2009-09",
            "price": "43.07",
            "revenue": 78619
        },
        "2009-10": {
            "month": "2009-10",
            "price": "48.59",
            "revenue": 92474
        },
        "2009-11": {
            "month": "2009-11",
            "price": "47.25",
            "revenue": 96407
        },
        "2009-12": {
            "month": "2009-12",
            "price": "51.81",
            "revenue": 77614
        },
        "2010-01": {
            "month": "2010-01",
            "price": "50.44",
            "revenue": 73176
        },
        "2010-02": {
            "month": "2010-02",
            "price": "42.55",
            "revenue": 53457
        },
        "2010-03": {
            "month": "2010-03",
            "price": "43.89",
            "revenue": 90845
        },
        "2010-04": {
            "month": "2010-04",
            "price": "70.80",
            "revenue": 83213
        },
        "2010-05": {
            "month": "2010-05",
            "price": "51.79",
            "revenue": 92596
        },
        "2010-06": {
            "month": "2010-06",
            "price": "42.56",
            "revenue": 54736
        },
        "2010-07": {
            "month": "2010-07",
            "price": "40.97",
            "revenue": 104855
        },
        "2010-08": {
            "month": "2010-08",
            "price": "49.10",
            "revenue": 101257
        },
        "2010-09": {
            "month": "2010-09",
            "price": "43.09",
            "revenue": 92268
        },
        "2010-10": {
            "month": "2010-10",
            "price": "40.59",
            "revenue": 89849
        },
        "2010-11": {
            "month": "2010-11",
            "price": "32.80",
            "revenue": 69795
        },
        "2010-12": {
            "month": "2010-12",
            "price": "31.85",
            "revenue": 67116
        },
        "2011-01": {
            "month": "2011-01",
            "price": "28.94",
            "revenue": 79859
        },
        "2011-02": {
            "month": "2011-02",
            "price": "36.50",
            "revenue": 52234
        },
        "2011-03": {
            "month": "2011-03",
            "price": "41.96",
            "revenue": 76555
        },
        "2011-04": {
            "month": "2011-04",
            "price": "41.73",
            "revenue": 74021
        },
        "2011-05": {
            "month": "2011-05",
            "price": "36.66",
            "revenue": 80489
        },
        "2011-06": {
            "month": "2011-06",
            "price": "43.06",
            "revenue": 79369
        },
        "2011-07": {
            "month": "2011-07",
            "price": "40.00",
            "revenue": 76493
        },
        "2011-08": {
            "month": "2011-08",
            "price": "28.21",
            "revenue": 74230
        },
        "2011-09": {
            "month": "2011-09",
            "price": "21.00",
            "revenue": 78265
        },
        "2011-10": {
            "month": "2011-10",
            "price": "17.94",
            "revenue": 84552
        },
        "2011-11": {
            "month": "2011-11",
            "price": "16.53",
            "revenue": 83881
        },
        "2011-12": {
            "month": "2011-12",
            "price": "13.66",
            "revenue": 61734
        },
        "2012-01": {
            "month": "2012-01",
            "price": "13.73",
            "revenue": 56442
        },
        "2012-02": {
            "month": "2012-02",
            "price": "18.38",
            "revenue": 62493
        },
        "2012-03": {
            "month": "2012-03",
            "price": "17.13",
            "revenue": 74663
        },
        "2012-04": {
            "month": "2012-04",
            "price": "13.75",
            "revenue": 75322
        },
        "2012-05": {
            "month": "2012-05",
            "price": "12.15",
            "revenue": 75625
        },
        "2012-06": {
            "month": "2012-06",
            "price": "11.81",
            "revenue": 70409
        },
        "2012-07": {
            "month": "2012-07",
            "price": "10.77",
            "revenue": 80490
        },
        "2012-08": {
            "month": "2012-08",
            "price": "10.57",
            "revenue": 70033
        },
        "2012-09": {
            "month": "2012-09",
            "price": "11.73",
            "revenue": 65279
        },
        "2012-10": {
            "month": "2012-10",
            "price": "10.04",
            "revenue": 65038
        },
        "2012-11": {
            "month": "2012-11",
            "price": "9.12",
            "revenue": 70246
        },
        "2012-12": {
            "month": "2012-12",
            "price": "10.81",
            "revenue": 64675
        },
        "2013-01": {
            "month": "2013-01",
            "price": "10.78",
            "revenue": 74985
        },
        "2013-02": {
            "month": "2013-02",
            "price": "12.77",
            "revenue": 61641
        },
        "2013-03": {
            "month": "2013-03",
            "price": "14.71",
            "revenue": 74568
        },
        "2013-04": {
            "month": "2013-04",
            "price": "14.53",
            "revenue": 69503
        },
        "2013-05": {
            "month": "2013-05",
            "price": "17.94",
            "revenue": 70505
        },
        "2013-06": {
            "month": "2013-06",
            "price": "16.95",
            "revenue": 66084
        },
        "2013-07": {
            "month": "2013-07",
            "price": "16.52",
            "revenue": 74023
        },
        "2013-08": {
            "month": "2013-08",
            "price": "16.12",
            "revenue": 72506
        },
        "2013-09": {
            "month": "2013-09",
            "price": "16.12",
            "revenue": 74217
        },
        "2013-10": {
            "month": "2013-10",
            "price": "17.03",
            "revenue": 80038
        },
        "2013-11": {
            "month": "2013-11",
            "price": "21.54",
            "revenue": 90292
        },
        "2013-12": {
            "month": "2013-12",
            "price": "26.20",
            "revenue": 86315
        },
        "2014-01": {
            "month": "2014-01",
            "price": "32.29",
            "revenue": 118800
        },
        "2014-02": {
            "month": "2014-02",
            "price": "34.59",
            "revenue": 86259
        },
        "2014-03": {
            "month": "2014-03",
            "price": "44.61",
            "revenue": 101629
        },
        "2014-04": {
            "month": "2014-04",
            "price": "49.19",
            "revenue": 101183
        },
        "2014-05": {
            "month": "2014-05",
            "price": "53.07",
            "revenue": 100631
        },
        "2014-06": {
            "month": "2014-06",
            "price": "58.84",
            "revenue": 90334
        },
        "2014-07": {
            "month": "2014-07",
            "price": "61.38",
            "revenue": 100269
        },
        "2014-08": {
            "month": "2014-08",
            "price": "59.63",
            "revenue": 100324
        },
        "2014-09": {
            "month": "2014-09",
            "price": "56.61",
            "revenue": 100224
        },
        "2014-10": {
            "month": "2014-10",
            "price": "47.43",
            "revenue": 93694
        },
        "2014-11": {
            "month": "2014-11",
            "price": "47.20",
            "revenue": 92562
        },
        "2014-12": {
            "month": "2014-12",
            "price": "46.39",
            "revenue": 80488
        },
        "2015-01": {
            "month": "2015-01",
            "price": "48.95",
            "revenue": 101081
        },
        "2015-02": {
            "month": "2015-02",
            "price": "49.96",
            "revenue": 68182
        },
        "2015-03": {
            "month": "2015-03",
            "price": "49.90",
            "revenue": 90503
        },
        "2015-04": {
            "month": "2015-04",
            "price": "43.46",
            "revenue": 80125
        },
        "2015-05": {
            "month": "2015-05",
            "price": "38.34",
            "revenue": 80216
        },
        "2015-06": {
            "month": "2015-06",
            "price": "37.15",
            "revenue": 70419
        },
        "2015-07": {
            "month": "2015-07",
            "price": "35.42",
            "revenue": 85570
        },
        "2015-08": {
            "month": "2015-08",
            "price": "31.63",
            "revenue": 85575
        },
        "2015-09": {
            "month": "2015-09",
            "price": "31.70",
            "revenue": 85087
        },
        "2015-10": {
            "month": "2015-10",
            "price": "38.97",
            "revenue": 80147
        },
        "2015-11": {
            "month": "2015-11",
            "price": "37.37",
            "revenue": 80270
        },
        "2015-12": {
            "month": "2015-12",
            "price": "42.36",
            "revenue": 70136
        },
        "2016-01": {
            "month": "2016-01",
            "price": "59.06",
            "revenue": 90168
        },
        "2016-02": {
            "month": "2016-02",
            "price": "60.52",
            "revenue": 60041
        },
        "2016-03": {
            "month": "2016-03",
            "price": "72.07",
            "revenue": 80279
        },
        "2016-04": {
            "month": "2016-04",
            "price": "66.12",
            "revenue": 80143
        },
        "2016-05": {
            "month": "2016-05",
            "price": "61.41",
            "revenue": 70319
        },
        "2016-06": {
            "month": "2016-06",
            "price": "60.97",
            "revenue": 50103
        },
        "2016-07": {
            "month": "2016-07",
            "price": "64.70",
            "revenue": 70140
        },
        "2016-08": {
            "month": "2016-08",
            "price": "69.03",
            "revenue": 81201
        },
        "2016-09": {
            "month": "2016-09",
            "price": "62.42",
            "revenue": 85362
        },
        "2016-10": {
            "month": "2016-10",
            "price": "53.58",
            "revenue": 90988
        },
        "2016-11": {
            "month": "2016-11",
            "price": "53.11",
            "revenue": 100269
        },
        "2016-12": {
            "month": "2016-12",
            "price": "54.07",
            "revenue": 73900
        },
        "2017-01": {
            "month": "2017-01",
            "price": "50.69",
            "revenue": 75535
        },
        "2017-02": {
            "month": "2017-02",
            "price": "49.01",
            "revenue": 63109
        },
        "2017-03": {
            "month": "2017-03",
            "price": "54.10",
            "revenue": 80615
        },
        "2017-04": {
            "month": "2017-04",
            "price": "54.45",
            "revenue": 70380
        },
        "2017-05": {
            "month": "2017-05",
            "price": "50.37",
            "revenue": 70598
        },
        "2017-06": {
            "month": "2017-06",
            "price": "49.57",
            "revenue": 70689
        },
        "2017-07": {
            "month": "2017-07",
            "price": "46.20",
            "revenue": 72170
        },
        "2017-08": {
            "month": "2017-08",
            "price": "39.02",
            "revenue": 80184
        },
        "2017-09": {
            "month": "2017-09",
            "price": "38.45",
            "revenue": 80287
        },
        "2017-10": {
            "month": "2017-10",
            "price": "37.88",
            "revenue": 80462
        },
        "2017-11": {
            "month": "2017-11",
            "price": "42.56",
            "revenue": 80275
        },
        "2017-12": {
            "month": "2017-12",
            "price": "41.55",
            "revenue": 65133
        },
        "2018-01": {
            "month": "2018-01",
            "price": "41.26",
            "revenue": 77085
        },
        "2018-02": {
            "month": "2018-02",
            "price": "40.60",
            "revenue": 47248
        },
        "2018-03": {
            "month": "2018-03",
            "price": "39.99",
            "revenue": 80513
        },
        "2018-04": {
            "month": "2018-04",
            "price": "38.86",
            "revenue": 70557
        },
        "2018-05": {
            "month": "2018-05",
            "price": "37.42",
            "revenue": 70179
        },
        "2018-06": {
            "month": "2018-06",
            "price": "36.40",
            "revenue": 60346
        },
        "2018-07": {
            "month": "2018-07",
            "price": "33.00",
            "revenue": 70321
        },
        "2018-08": {
            "month": "2018-08",
            "price": "32.37",
            "revenue": 70407
        },
        "2018-09": {
            "month": "2018-09",
            "price": "28.84",
            "revenue": 60393
        },
        "2018-10": {
            "month": "2018-10",
            "price": "24.55",
            "revenue": 65165
        },
        "2018-11": {
            "month": "2018-11",
            "price": "22.85",
            "revenue": 65061
        },
        "2018-12": {
            "month": "2018-12",
            "price": "24.19",
            "revenue": 53803
        },
        "2019-01": {
            "month": "2019-01",
            "price": "23.57",
            "revenue": 65114
        },
        "2019-02": {
            "month": "2019-02",
            "price": "25.42",
            "revenue": 40450
        },
        "2019-03": {
            "month": "2019-03",
            "price": "28.57",
            "revenue": 37028
        },
        "2019-04": {
            "month": "2019-04",
            "price": "29.33",
            "revenue": 35632
        },
        "2019-05": {
            "month": "2019-05",
            "price": "27.25",
            "revenue": 35299
        },
        "2019-06": {
            "month": "2019-06",
            "price": "27.03",
            "revenue": 35639
        },
        "2019-07": {
            "month": "2019-07",
            "price": "27.84",
            "revenue": 40111
        },
        "2019-08": {
            "month": "2019-08",
            "price": "23.24",
            "revenue": 33247
        },
        "2019-09": {
            "month": "2019-09",
            "price": "22.49",
            "revenue": 35017
        },
        "2019-10": {
            "month": "2019-10",
            "price": "22.30",
            "revenue": 30053
        },
        "2019-11": {
            "month": "2019-11",
            "price": "20.28",
            "revenue": 30039
        },
        "2019-12": {
            "month": "2019-12",
            "price": "20.02",
            "revenue": 21540
        },
        "2020-01": {
            "month": "2020-01",
            "price": "20.23",
            "revenue": 40055
        },
        "2020-02": {
            "month": "2020-02",
            "price": "19.79",
            "revenue": 27688
        },
        "2020-03": {
            "month": "2020-03",
            "price": "15.70",
            "revenue": 31863
        },
        "2020-04": {
            "month": "2020-04",
            "price": "14.36",
            "revenue": 30602
        },
        "2020-05": {
            "month": "2020-05",
            "price": "15.34",
            "revenue": 26230
        },
        "2020-06": {
            "month": "2020-06",
            "price": "15.72",
            "revenue": 30664
        },
        "2020-07": {
            "month": "2020-07",
            "price": "15.23",
            "revenue": 25629
        },
        "2020-08": {
            "month": "2020-08",
            "price": "15.48",
            "revenue": 25092
        },
        "2020-09": {
            "month": "2020-09",
            "price": "15.56",
            "revenue": 15490
        },
        "2020-10": {
            "month": "2020-10",
            "price": "15.27",
            "revenue": 30252
        },
        "2020-11": {
            "month": "2020-11",
            "price": "15.22",
            "revenue": 25528
        },
        "2020-12": {
            "month": "2020-12",
            "price": "15.80",
            "revenue": 17564
        },
        "2021-01": {
            "month": "2021-01",
            "price": "15.68",
            "revenue": 27316
        },
        "2021-02": {
            "month": "2021-02",
            "price": "15.47",
            "revenue": 18510
        },
        "2021-03": {
            "month": "2021-03",
            "price": "17.88",
            "revenue": 27443
        },
        "2021-04": {
            "month": "2021-04",
            "price": "21.75",
            "revenue": 26766
        },
        "2021-05": {
            "month": "2021-05",
            "price": "16.65",
            "revenue": 30990
        },
        "2021-06": {
            "month": "2021-06",
            "price": "15.49",
            "revenue": 30281
        },
        "2021-07": {
            "month": "2021-07",
            "price": "16.08",
            "revenue": 34854
        },
        "2021-08": {
            "month": "2021-08",
            "price": "15.19",
            "revenue": 37072
        },
        "2021-09": {
            "month": "2021-09",
            "price": "15.30",
            "revenue": 48018
        },
        "2021-10": {
            "month": "2021-10",
            "price": "16.19",
            "revenue": 46517
        },
        "2021-11": {
            "month": "2021-11",
            "price": "15.85",
            "revenue": 43563
        },
        "2021-12": {
            "month": "2021-12",
            "price": "16.29",
            "revenue": 29643
        },
        "2022-01": {
            "month": "2022-01",
            "price": "19.91",
            "revenue": 34122
        },
        "2022-02": {
            "month": "2022-02",
            "price": "18.86",
            "revenue": 28900
        },
        "2022-03": {
            "month": "2022-03",
            "price": "20.34",
            "revenue": 38615
        },
        "2022-04": {
            "month": "2022-04",
            "price": "20.14",
            "revenue": 39048
        },
        "2022-05": {
            "month": "2022-05",
            "price": "17.98",
            "revenue": 26247
        },
        "2022-06": {
            "month": "2022-06",
            "price": "16.12",
            "revenue": 42211
        },
        "2022-07": {
            "month": "2022-07",
            "price": "16.01",
            "revenue": 24758
        },
        "2022-08": {
            "month": "2022-08",
            "price": "18.15",
            "revenue": 27016
        },
        "2022-09": {
            "month": "2022-09",
            "price": "16.90",
            "revenue": 20603
        },
        "2022-10": {
            "month": "2022-10",
            "price": "14.88",
            "revenue": 26823
        },
        "2022-11": {
            "month": "2022-11",
            "price": "15.57",
            "revenue": 28206
        },
        "2022-12": {
            "month": "2022-12",
            "price": "15.93",
            "revenue": 20759
        },
        "2023-01": {
            "month": "2023-01",
            "price": "15.67",
            "revenue": 36042
        },
        "2023-02": {
            "month": "2023-02",
            "price": "16.51",
            "revenue": 28392
        },
        "2023-03": {
            "month": "2023-03",
            "price": "16.62",
            "revenue": 36664
        },
        "2023-04": {
            "month": "2023-04",
            "price": "16.45",
            "revenue": 35342
        },
        "2023-05": {
            "month": "2023-05",
            "price": "16.12",
            "revenue": 31041
        },
        "2023-06": {
            "month": "2023-06",
            "price": "17.87",
            "revenue": 30665
        },
        "2023-07": {
            "month": "2023-07",
            "price": "18.41",
            "revenue": 21973
        },
        "2023-08": {
            "month": "2023-08",
            "price": "17.53",
            "revenue": 34722
        }
    }
}
