{
    "summary": {
        "stock_name": "光頡",
        "stock_id": "3624",
        "category": "電子零組件",
        "main_business": "電子零組件製造業<br>表面處理業<br>電子材料批發業",
        "website_url": "http://www.viking.com.tw",
        "ceo": "胡傳斌",
        "pe_ratio": 16,
        "report_year_from": 2007,
        "report_year_to": 2023,
        "age": 16,
        "eps_negative_percentage": 0,
        "eps_growth_avg": {
            "last_all": 16.84,
            "last_2y": 47.18,
            "last_4y": 38.65,
            "last_8y": 13.1,
            "last_12y": 16.84,
            "last_16y": null,
            "last_20y": null,
            "at_2006_last_3y": null,
            "at_2007_last_3y": null,
            "at_2008_last_3y": null,
            "at_2009_last_3y": null,
            "at_2010_last_3y": null,
            "at_2011_last_3y": null,
            "at_2012_last_3y": null,
            "at_2013_last_3y": 25.26,
            "at_2014_last_3y": -8.49,
            "at_2015_last_3y": 2.45,
            "at_2016_last_3y": -18.78,
            "at_2017_last_3y": -18.85,
            "at_2018_last_3y": 14.9,
            "at_2019_last_3y": 3.21,
            "at_2020_last_3y": 19.24,
            "at_2021_last_3y": 42.43,
            "at_2022_last_3y": 23.31,
            "at_2023_last_3y": 23.31,
            "at_2006_last_all": null,
            "at_2007_last_all": null,
            "at_2008_last_all": null,
            "at_2009_last_all": null,
            "at_2010_last_all": null,
            "at_2011_last_all": 27.35,
            "at_2012_last_all": 31.17,
            "at_2013_last_all": 25.26,
            "at_2014_last_all": 13.21,
            "at_2015_last_all": 10.75,
            "at_2016_last_all": 2.63,
            "at_2017_last_all": 3.21,
            "at_2018_last_all": 13.96,
            "at_2019_last_all": 7.73,
            "at_2020_last_all": 8.67,
            "at_2021_last_all": 16.28,
            "at_2022_last_all": 16.84,
            "at_2023_last_all": 16.84
        },
        "latest_eps": 3.37,
        "latest_price": 55.4,
        "latest_roe": 12.54,
        "latest_gross_margin": 30.11,
        "latest_equity": 3195677,
        "latest_revenue": 658103,
        "latest_gross_profit": 198145,
        "latest_net_income": 86515,
        "latest_debt_ratio": 23.95,
        "latest_current_ratio": 306.55,
        "latest_account_receivable_turnover_ratio": 1.11,
        "latest_inventory_turnover_ratio": 0.59,
        "latest_reinvestment_rate": 4.43,
        "latest_research_to_sale_ratio": 2.45
    },
    "eps_dividends": {
        "2001": {
            "cash": 0,
            "stock": 0,
            "eps": 0
        },
        "2002": {
            "cash": 0,
            "stock": 0,
            "eps": 0
        },
        "2003": {
            "cash": 0,
            "stock": 0,
            "eps": 0
        },
        "2004": {
            "cash": 0,
            "stock": 0,
            "eps": 0
        },
        "2005": {
            "cash": 0,
            "stock": 0,
            "eps": 0
        },
        "2006": {
            "cash": 0,
            "stock": 0,
            "eps": 0
        },
        "2007": {
            "cash": 0,
            "stock": 0,
            "eps": 0
        },
        "2008": {
            "cash": 1.5,
            "stock": 0,
            "eps": 0
        },
        "2009": {
            "cash": 1,
            "stock": 0,
            "eps": 0.54
        },
        "2010": {
            "cash": 1,
            "stock": 0,
            "eps": 2.45
        },
        "2011": {
            "cash": 1.5,
            "stock": 0,
            "eps": 1.34
        },
        "2012": {
            "cash": 1,
            "stock": 0,
            "eps": 1.86
        },
        "2013": {
            "cash": 1.2,
            "stock": 0,
            "eps": 2
        },
        "2014": {
            "cash": 1.5,
            "stock": 0,
            "eps": 1.3
        },
        "2015": {
            "cash": 1,
            "stock": 0,
            "eps": 1.28
        },
        "2016": {
            "cash": 2.5,
            "stock": 0,
            "eps": 0.69
        },
        "2017": {
            "cash": 0.5,
            "stock": 0,
            "eps": 0.74
        },
        "2018": {
            "cash": 0.5,
            "stock": 0,
            "eps": 2.36
        },
        "2019": {
            "cash": 1.2,
            "stock": 0,
            "eps": 1.22
        },
        "2020": {
            "cash": 0.7,
            "stock": 0,
            "eps": 1.44
        },
        "2021": {
            "cash": 0.8,
            "stock": 0,
            "eps": 4.04
        },
        "2022": {
            "cash": 2.2,
            "stock": 0,
            "eps": 4.99
        },
        "2023": {
            "cash": 2.6,
            "stock": 0,
            "eps": 1.44
        }
    },
    "dividends": {
        "2008-04-02": {
            "cash": 1.5,
            "stock": 0
        },
        "2009-03-31": {
            "cash": 1,
            "stock": 0
        },
        "2010-03-24": {
            "cash": 1,
            "stock": 0
        },
        "2011-03-09": {
            "cash": 1.5,
            "stock": 0
        },
        "2012-06-15": {
            "cash": 1,
            "stock": 0
        },
        "2013-06-13": {
            "cash": 1.2,
            "stock": 0
        },
        "2014-08-11": {
            "cash": 1.5,
            "stock": 0
        },
        "2015-08-14": {
            "cash": 1,
            "stock": 0
        },
        "2016-08-12": {
            "cash": 2.5,
            "stock": 0
        },
        "2017-03-08": {
            "cash": 0.5,
            "stock": 0
        },
        "2018-03-14": {
            "cash": 0.5,
            "stock": 0
        },
        "2019-08-16": {
            "cash": 1.2,
            "stock": 0
        },
        "2020-08-05": {
            "cash": 0.7,
            "stock": 0
        },
        "2021-09-02": {
            "cash": 0.8,
            "stock": 0
        },
        "2022-09-08": {
            "cash": 2.2,
            "stock": 0
        },
        "2023-08-10": {
            "cash": 2.6,
            "stock": 0
        }
    },
    "prices": {
        "200101": "無",
        "200102": "無",
        "200103": "無",
        "200104": "無",
        "200105": "無",
        "200106": "無",
        "200107": "無",
        "200108": "無",
        "200109": "無",
        "200110": "無",
        "200111": "無",
        "200112": "無",
        "200201": "無",
        "200202": "無",
        "200203": "無",
        "200204": "無",
        "200205": "無",
        "200206": "無",
        "200207": "無",
        "200208": "無",
        "200209": "無",
        "200210": "無",
        "200211": "無",
        "200212": "無",
        "200301": "無",
        "200302": "無",
        "200303": "無",
        "200304": "無",
        "200305": "無",
        "200306": "無",
        "200307": "無",
        "200308": "無",
        "200309": "無",
        "200310": "無",
        "200311": "無",
        "200312": "無",
        "200401": "無",
        "200402": "無",
        "200403": "無",
        "200404": "無",
        "200405": "無",
        "200406": "無",
        "200407": "無",
        "200408": "無",
        "200409": "無",
        "200410": "無",
        "200411": "無",
        "200412": "無",
        "200501": "無",
        "200502": "無",
        "200503": "無",
        "200504": "無",
        "200505": "無",
        "200506": "無",
        "200507": "無",
        "200508": "無",
        "200509": "無",
        "200510": "無",
        "200511": "無",
        "200512": "無",
        "200601": "無",
        "200602": "無",
        "200603": "無",
        "200604": "無",
        "200605": "無",
        "200606": "無",
        "200607": "無",
        "200608": "無",
        "200609": "無",
        "200610": "無",
        "200611": "無",
        "200612": "無",
        "200701": "無",
        "200702": "無",
        "200703": "無",
        "200704": "無",
        "200705": "無",
        "200706": "無",
        "200707": "無",
        "200708": "無",
        "200709": "無",
        "200710": "無",
        "200711": "無",
        "200712": "無",
        "200801": "無",
        "200802": "無",
        "200803": "無",
        "200804": "無",
        "200805": "30.42",
        "200806": "26.80",
        "200807": "24.73",
        "200808": "25.80",
        "200809": "24.32",
        "200810": "18.86",
        "200811": "16.94",
        "200812": "15.54",
        "200901": "14.86",
        "200902": "16.35",
        "200903": "19.29",
        "200904": "23.03",
        "200905": "23.22",
        "200906": "23.00",
        "200907": "22.67",
        "200908": "20.79",
        "200909": "18.70",
        "200910": "20.17",
        "200911": "19.77",
        "200912": "19.84",
        "201001": "22.96",
        "201002": "22.73",
        "201003": "27.34",
        "201004": "33.09",
        "201005": "34.16",
        "201006": "39.71",
        "201007": "42.70",
        "201008": "52.92",
        "201009": "55.39",
        "201010": "50.27",
        "201011": "45.87",
        "201012": "49.33",
        "201101": "48.99",
        "201102": "53.36",
        "201103": "59.73",
        "201104": "69.27",
        "201105": "61.69",
        "201106": "58.00",
        "201107": "45.55",
        "201108": "34.92",
        "201109": "29.13",
        "201110": "31.90",
        "201111": "25.04",
        "201112": "21.52",
        "201201": "23.12",
        "201202": "30.64",
        "201203": "31.90",
        "201204": "28.17",
        "201205": "29.71",
        "201206": "29.95",
        "201207": "28.68",
        "201208": "26.77",
        "201209": "27.51",
        "201210": "24.56",
        "201211": "22.42",
        "201212": "24.31",
        "201301": "25.68",
        "201302": "26.31",
        "201303": "28.41",
        "201304": "27.49",
        "201305": "27.70",
        "201306": "26.76",
        "201307": "25.52",
        "201308": "25.12",
        "201309": "25.14",
        "201310": "25.88",
        "201311": "22.08",
        "201312": "22.70",
        "201401": "23.09",
        "201402": "22.99",
        "201403": "27.22",
        "201404": "28.29",
        "201405": "27.04",
        "201406": "27.32",
        "201407": "26.67",
        "201408": "23.03",
        "201409": "22.64",
        "201410": "21.42",
        "201411": "20.66",
        "201412": "21.85",
        "201501": "23.47",
        "201502": "24.29",
        "201503": "23.49",
        "201504": "23.28",
        "201505": "26.31",
        "201506": "25.89",
        "201507": "20.51",
        "201508": "22.90",
        "201509": "24.25",
        "201510": "23.45",
        "201511": "23.41",
        "201512": "24.04",
        "201601": "23.73",
        "201602": "24.46",
        "201603": "25.27",
        "201604": "25.51",
        "201605": "27.71",
        "201606": "27.01",
        "201607": "25.45",
        "201608": "23.45",
        "201609": "22.67",
        "201610": "22.62",
        "201611": "20.44",
        "201612": "20.46",
        "201701": "20.33",
        "201702": "21.18",
        "201703": "20.87",
        "201704": "20.25",
        "201705": "19.57",
        "201706": "19.22",
        "201707": "18.39",
        "201708": "18.53",
        "201709": "20.30",
        "201710": "20.37",
        "201711": "21.40",
        "201712": "21.68",
        "201801": "28.98",
        "201802": "30.81",
        "201803": "34.41",
        "201804": "33.77",
        "201805": "40.55",
        "201806": "67.36",
        "201807": "61.09",
        "201808": "47.47",
        "201809": "40.94",
        "201810": "30.12",
        "201811": "29.05",
        "201812": "32.19",
        "201901": "29.90",
        "201902": "32.42",
        "201903": "31.70",
        "201904": "32.16",
        "201905": "28.43",
        "201906": "27.77",
        "201907": "28.61",
        "201908": "24.69",
        "201909": "27.01",
        "201910": "27.48",
        "201911": "25.39",
        "201912": "27.02",
        "202001": "31.03",
        "202002": "30.82",
        "202003": "22.90",
        "202004": "25.37",
        "202005": "27.60",
        "202006": "26.88",
        "202007": "25.42",
        "202008": "24.65",
        "202009": "25.10",
        "202010": "26.49",
        "202011": "28.21",
        "202012": "29.91",
        "202101": "29.31",
        "202102": "27.96",
        "202103": "29.12",
        "202104": "33.54",
        "202105": "30.58",
        "202106": "33.07",
        "202107": "48.64",
        "202108": "44.13",
        "202109": "41.02",
        "202110": "37.97",
        "202111": "44.43",
        "202112": "60.57",
        "202201": "82.66",
        "202202": "80.91",
        "202203": "80.68",
        "202204": "83.07",
        "202205": "79.35",
        "202206": "75.24",
        "202207": "57.52",
        "202208": "54.57",
        "202209": "46.09",
        "202210": "40.26",
        "202211": "43.65",
        "202212": "42.16",
        "202301": "42.97",
        "202302": "55.73",
        "202303": "66.02",
        "202304": "73.17",
        "202305": "65.66",
        "202306": "64.84",
        "202307": "55.61",
        "202308": "51.14",
        "202309": "56.05"
    },
    "quarters": {
        "20011": {
            "year_quarter": 20011,
            "year": 2001,
            "quarter": 1,
            "eps": null,
            "eps_growth_year": null,
            "eps_4q": null,
            "eps_4q_growth_year": null,
            "roe": null,
            "roe_4q": 0,
            "gross_profit": null,
            "gross_margin": null,
            "gross_margin_4q_avg": 0,
            "net_income": null,
            "revenue": null,
            "common_shares": null,
            "book_valuer_per_share": null,
            "book_valuer_per_share_4q_avg": 0,
            "equity": null,
            "current_ratio": null,
            "debt_ratio": null,
            "inventory_turnover_ratio": null,
            "account_receivable_turnover_ratio": null,
            "reinvestment_rate": null,
            "research_to_sale_ratio": null,
            "price_fair": 0,
            "eps_avg_yearly": 0,
            "eps_latest_yearly": 0,
            "eps_growth_yearly": 0
        },
        "20012": {
            "year_quarter": 20012,
            "year": 2001,
            "quarter": 2,
            "eps": null,
            "eps_growth_year": null,
            "eps_4q": null,
            "eps_4q_growth_year": null,
            "roe": null,
            "roe_4q": 0,
            "gross_profit": null,
            "gross_margin": null,
            "gross_margin_4q_avg": 0,
            "net_income": null,
            "revenue": null,
            "common_shares": null,
            "book_valuer_per_share": null,
            "book_valuer_per_share_4q_avg": 0,
            "equity": null,
            "current_ratio": null,
            "debt_ratio": null,
            "inventory_turnover_ratio": null,
            "account_receivable_turnover_ratio": null,
            "reinvestment_rate": null,
            "research_to_sale_ratio": null,
            "price_fair": 0,
            "eps_avg_yearly": 0,
            "eps_latest_yearly": 0,
            "eps_growth_yearly": 0
        },
        "20013": {
            "year_quarter": 20013,
            "year": 2001,
            "quarter": 3,
            "eps": null,
            "eps_growth_year": null,
            "eps_4q": null,
            "eps_4q_growth_year": null,
            "roe": null,
            "roe_4q": 0,
            "gross_profit": null,
            "gross_margin": null,
            "gross_margin_4q_avg": 0,
            "net_income": null,
            "revenue": null,
            "common_shares": null,
            "book_valuer_per_share": null,
            "book_valuer_per_share_4q_avg": 0,
            "equity": null,
            "current_ratio": null,
            "debt_ratio": null,
            "inventory_turnover_ratio": null,
            "account_receivable_turnover_ratio": null,
            "reinvestment_rate": null,
            "research_to_sale_ratio": null,
            "price_fair": 0,
            "eps_avg_yearly": 0,
            "eps_latest_yearly": 0,
            "eps_growth_yearly": 0
        },
        "20014": {
            "year_quarter": 20014,
            "year": 2001,
            "quarter": 4,
            "eps": null,
            "eps_growth_year": null,
            "eps_4q": null,
            "eps_4q_growth_year": null,
            "roe": null,
            "roe_4q": 0,
            "gross_profit": null,
            "gross_margin": null,
            "gross_margin_4q_avg": 0,
            "net_income": null,
            "revenue": null,
            "common_shares": null,
            "book_valuer_per_share": null,
            "book_valuer_per_share_4q_avg": 0,
            "equity": null,
            "current_ratio": null,
            "debt_ratio": null,
            "inventory_turnover_ratio": null,
            "account_receivable_turnover_ratio": null,
            "reinvestment_rate": null,
            "research_to_sale_ratio": null,
            "price_fair": 0,
            "eps_avg_yearly": 0,
            "eps_latest_yearly": 0,
            "eps_growth_yearly": 0
        },
        "20021": {
            "year_quarter": 20021,
            "year": 2002,
            "quarter": 1,
            "eps": null,
            "eps_growth_year": null,
            "eps_4q": null,
            "eps_4q_growth_year": null,
            "roe": null,
            "roe_4q": 0,
            "gross_profit": null,
            "gross_margin": null,
            "gross_margin_4q_avg": 0,
            "net_income": null,
            "revenue": null,
            "common_shares": null,
            "book_valuer_per_share": null,
            "book_valuer_per_share_4q_avg": 0,
            "equity": null,
            "current_ratio": null,
            "debt_ratio": null,
            "inventory_turnover_ratio": null,
            "account_receivable_turnover_ratio": null,
            "reinvestment_rate": null,
            "research_to_sale_ratio": null,
            "price_fair": 0,
            "eps_avg_yearly": 0,
            "eps_latest_yearly": 0,
            "eps_growth_yearly": 0
        },
        "20022": {
            "year_quarter": 20022,
            "year": 2002,
            "quarter": 2,
            "eps": null,
            "eps_growth_year": null,
            "eps_4q": null,
            "eps_4q_growth_year": null,
            "roe": null,
            "roe_4q": 0,
            "gross_profit": null,
            "gross_margin": null,
            "gross_margin_4q_avg": 0,
            "net_income": null,
            "revenue": null,
            "common_shares": null,
            "book_valuer_per_share": null,
            "book_valuer_per_share_4q_avg": 0,
            "equity": null,
            "current_ratio": null,
            "debt_ratio": null,
            "inventory_turnover_ratio": null,
            "account_receivable_turnover_ratio": null,
            "reinvestment_rate": null,
            "research_to_sale_ratio": null,
            "price_fair": 0,
            "eps_avg_yearly": 0,
            "eps_latest_yearly": 0,
            "eps_growth_yearly": 0
        },
        "20023": {
            "year_quarter": 20023,
            "year": 2002,
            "quarter": 3,
            "eps": null,
            "eps_growth_year": null,
            "eps_4q": null,
            "eps_4q_growth_year": null,
            "roe": null,
            "roe_4q": 0,
            "gross_profit": null,
            "gross_margin": null,
            "gross_margin_4q_avg": 0,
            "net_income": null,
            "revenue": null,
            "common_shares": null,
            "book_valuer_per_share": null,
            "book_valuer_per_share_4q_avg": 0,
            "equity": null,
            "current_ratio": null,
            "debt_ratio": null,
            "inventory_turnover_ratio": null,
            "account_receivable_turnover_ratio": null,
            "reinvestment_rate": null,
            "research_to_sale_ratio": null,
            "price_fair": 0,
            "eps_avg_yearly": 0,
            "eps_latest_yearly": 0,
            "eps_growth_yearly": 0
        },
        "20024": {
            "year_quarter": 20024,
            "year": 2002,
            "quarter": 4,
            "eps": null,
            "eps_growth_year": null,
            "eps_4q": null,
            "eps_4q_growth_year": null,
            "roe": null,
            "roe_4q": 0,
            "gross_profit": null,
            "gross_margin": null,
            "gross_margin_4q_avg": 0,
            "net_income": null,
            "revenue": null,
            "common_shares": null,
            "book_valuer_per_share": null,
            "book_valuer_per_share_4q_avg": 0,
            "equity": null,
            "current_ratio": null,
            "debt_ratio": null,
            "inventory_turnover_ratio": null,
            "account_receivable_turnover_ratio": null,
            "reinvestment_rate": null,
            "research_to_sale_ratio": null,
            "price_fair": 0,
            "eps_avg_yearly": 0,
            "eps_latest_yearly": 0,
            "eps_growth_yearly": 0
        },
        "20031": {
            "year_quarter": 20031,
            "year": 2003,
            "quarter": 1,
            "eps": null,
            "eps_growth_year": null,
            "eps_4q": null,
            "eps_4q_growth_year": null,
            "roe": null,
            "roe_4q": 0,
            "gross_profit": null,
            "gross_margin": null,
            "gross_margin_4q_avg": 0,
            "net_income": null,
            "revenue": null,
            "common_shares": null,
            "book_valuer_per_share": null,
            "book_valuer_per_share_4q_avg": 0,
            "equity": null,
            "current_ratio": null,
            "debt_ratio": null,
            "inventory_turnover_ratio": null,
            "account_receivable_turnover_ratio": null,
            "reinvestment_rate": null,
            "research_to_sale_ratio": null,
            "price_fair": 0,
            "eps_avg_yearly": 0,
            "eps_latest_yearly": 0,
            "eps_growth_yearly": 0
        },
        "20032": {
            "year_quarter": 20032,
            "year": 2003,
            "quarter": 2,
            "eps": null,
            "eps_growth_year": null,
            "eps_4q": null,
            "eps_4q_growth_year": null,
            "roe": null,
            "roe_4q": 0,
            "gross_profit": null,
            "gross_margin": null,
            "gross_margin_4q_avg": 0,
            "net_income": null,
            "revenue": null,
            "common_shares": null,
            "book_valuer_per_share": null,
            "book_valuer_per_share_4q_avg": 0,
            "equity": null,
            "current_ratio": null,
            "debt_ratio": null,
            "inventory_turnover_ratio": null,
            "account_receivable_turnover_ratio": null,
            "reinvestment_rate": null,
            "research_to_sale_ratio": null,
            "price_fair": 0,
            "eps_avg_yearly": 0,
            "eps_latest_yearly": 0,
            "eps_growth_yearly": 0
        },
        "20033": {
            "year_quarter": 20033,
            "year": 2003,
            "quarter": 3,
            "eps": null,
            "eps_growth_year": null,
            "eps_4q": null,
            "eps_4q_growth_year": null,
            "roe": null,
            "roe_4q": 0,
            "gross_profit": null,
            "gross_margin": null,
            "gross_margin_4q_avg": 0,
            "net_income": null,
            "revenue": null,
            "common_shares": null,
            "book_valuer_per_share": null,
            "book_valuer_per_share_4q_avg": 0,
            "equity": null,
            "current_ratio": null,
            "debt_ratio": null,
            "inventory_turnover_ratio": null,
            "account_receivable_turnover_ratio": null,
            "reinvestment_rate": null,
            "research_to_sale_ratio": null,
            "price_fair": 0,
            "eps_avg_yearly": 0,
            "eps_latest_yearly": 0,
            "eps_growth_yearly": 0
        },
        "20034": {
            "year_quarter": 20034,
            "year": 2003,
            "quarter": 4,
            "eps": null,
            "eps_growth_year": null,
            "eps_4q": null,
            "eps_4q_growth_year": null,
            "roe": null,
            "roe_4q": 0,
            "gross_profit": null,
            "gross_margin": null,
            "gross_margin_4q_avg": 0,
            "net_income": null,
            "revenue": null,
            "common_shares": 640800,
            "book_valuer_per_share": 5.38,
            "book_valuer_per_share_4q_avg": 1.35,
            "equity": 344852,
            "current_ratio": 150.12,
            "debt_ratio": 29.35,
            "inventory_turnover_ratio": null,
            "account_receivable_turnover_ratio": null,
            "reinvestment_rate": null,
            "research_to_sale_ratio": null,
            "price_fair": 0,
            "eps_avg_yearly": 0,
            "eps_latest_yearly": 0,
            "eps_growth_yearly": 0
        },
        "20041": {
            "year_quarter": 20041,
            "year": 2004,
            "quarter": 1,
            "eps": null,
            "eps_growth_year": null,
            "eps_4q": null,
            "eps_4q_growth_year": null,
            "roe": null,
            "roe_4q": 0,
            "gross_profit": null,
            "gross_margin": null,
            "gross_margin_4q_avg": 0,
            "net_income": null,
            "revenue": null,
            "common_shares": null,
            "book_valuer_per_share": null,
            "book_valuer_per_share_4q_avg": 1.35,
            "equity": null,
            "current_ratio": null,
            "debt_ratio": null,
            "inventory_turnover_ratio": null,
            "account_receivable_turnover_ratio": null,
            "reinvestment_rate": null,
            "research_to_sale_ratio": null,
            "price_fair": 0,
            "eps_avg_yearly": 0,
            "eps_latest_yearly": 0,
            "eps_growth_yearly": 0
        },
        "20042": {
            "year_quarter": 20042,
            "year": 2004,
            "quarter": 2,
            "eps": null,
            "eps_growth_year": null,
            "eps_4q": null,
            "eps_4q_growth_year": null,
            "roe": null,
            "roe_4q": 0,
            "gross_profit": null,
            "gross_margin": null,
            "gross_margin_4q_avg": 0,
            "net_income": null,
            "revenue": null,
            "common_shares": null,
            "book_valuer_per_share": null,
            "book_valuer_per_share_4q_avg": 1.35,
            "equity": null,
            "current_ratio": null,
            "debt_ratio": null,
            "inventory_turnover_ratio": null,
            "account_receivable_turnover_ratio": null,
            "reinvestment_rate": null,
            "research_to_sale_ratio": null,
            "price_fair": 0,
            "eps_avg_yearly": 0,
            "eps_latest_yearly": 0,
            "eps_growth_yearly": 0
        },
        "20043": {
            "year_quarter": 20043,
            "year": 2004,
            "quarter": 3,
            "eps": null,
            "eps_growth_year": null,
            "eps_4q": null,
            "eps_4q_growth_year": null,
            "roe": null,
            "roe_4q": 0,
            "gross_profit": null,
            "gross_margin": null,
            "gross_margin_4q_avg": 0,
            "net_income": null,
            "revenue": null,
            "common_shares": null,
            "book_valuer_per_share": null,
            "book_valuer_per_share_4q_avg": 1.35,
            "equity": null,
            "current_ratio": null,
            "debt_ratio": null,
            "inventory_turnover_ratio": null,
            "account_receivable_turnover_ratio": null,
            "reinvestment_rate": null,
            "research_to_sale_ratio": null,
            "price_fair": 0,
            "eps_avg_yearly": 0,
            "eps_latest_yearly": 0,
            "eps_growth_yearly": 0
        },
        "20044": {
            "year_quarter": 20044,
            "year": 2004,
            "quarter": 4,
            "eps": null,
            "eps_growth_year": null,
            "eps_4q": null,
            "eps_4q_growth_year": null,
            "roe": null,
            "roe_4q": 0,
            "gross_profit": null,
            "gross_margin": null,
            "gross_margin_4q_avg": 0,
            "net_income": null,
            "revenue": null,
            "common_shares": 445000,
            "book_valuer_per_share": 8.81,
            "book_valuer_per_share_4q_avg": 2.2,
            "equity": 391853,
            "current_ratio": 277.55,
            "debt_ratio": 26.35,
            "inventory_turnover_ratio": null,
            "account_receivable_turnover_ratio": null,
            "reinvestment_rate": null,
            "research_to_sale_ratio": null,
            "price_fair": 0,
            "eps_avg_yearly": 0,
            "eps_latest_yearly": 0,
            "eps_growth_yearly": 0
        },
        "20051": {
            "year_quarter": 20051,
            "year": 2005,
            "quarter": 1,
            "eps": null,
            "eps_growth_year": null,
            "eps_4q": null,
            "eps_4q_growth_year": null,
            "roe": null,
            "roe_4q": 0,
            "gross_profit": null,
            "gross_margin": null,
            "gross_margin_4q_avg": 0,
            "net_income": null,
            "revenue": null,
            "common_shares": null,
            "book_valuer_per_share": null,
            "book_valuer_per_share_4q_avg": 2.2,
            "equity": null,
            "current_ratio": null,
            "debt_ratio": null,
            "inventory_turnover_ratio": null,
            "account_receivable_turnover_ratio": null,
            "reinvestment_rate": null,
            "research_to_sale_ratio": null,
            "price_fair": 0,
            "eps_avg_yearly": 0,
            "eps_latest_yearly": 0,
            "eps_growth_yearly": 0
        },
        "20052": {
            "year_quarter": 20052,
            "year": 2005,
            "quarter": 2,
            "eps": null,
            "eps_growth_year": null,
            "eps_4q": null,
            "eps_4q_growth_year": null,
            "roe": null,
            "roe_4q": 0,
            "gross_profit": null,
            "gross_margin": null,
            "gross_margin_4q_avg": 0,
            "net_income": null,
            "revenue": null,
            "common_shares": null,
            "book_valuer_per_share": null,
            "book_valuer_per_share_4q_avg": 2.2,
            "equity": null,
            "current_ratio": null,
            "debt_ratio": null,
            "inventory_turnover_ratio": null,
            "account_receivable_turnover_ratio": null,
            "reinvestment_rate": null,
            "research_to_sale_ratio": null,
            "price_fair": 0,
            "eps_avg_yearly": 0,
            "eps_latest_yearly": 0,
            "eps_growth_yearly": 0
        },
        "20053": {
            "year_quarter": 20053,
            "year": 2005,
            "quarter": 3,
            "eps": null,
            "eps_growth_year": null,
            "eps_4q": null,
            "eps_4q_growth_year": null,
            "roe": null,
            "roe_4q": 0,
            "gross_profit": null,
            "gross_margin": null,
            "gross_margin_4q_avg": 0,
            "net_income": null,
            "revenue": null,
            "common_shares": null,
            "book_valuer_per_share": null,
            "book_valuer_per_share_4q_avg": 2.2,
            "equity": null,
            "current_ratio": null,
            "debt_ratio": null,
            "inventory_turnover_ratio": null,
            "account_receivable_turnover_ratio": null,
            "reinvestment_rate": null,
            "research_to_sale_ratio": null,
            "price_fair": 0,
            "eps_avg_yearly": 0,
            "eps_latest_yearly": 0,
            "eps_growth_yearly": 0
        },
        "20054": {
            "year_quarter": 20054,
            "year": 2005,
            "quarter": 4,
            "eps": null,
            "eps_growth_year": null,
            "eps_4q": null,
            "eps_4q_growth_year": null,
            "roe": null,
            "roe_4q": 0,
            "gross_profit": null,
            "gross_margin": null,
            "gross_margin_4q_avg": 0,
            "net_income": null,
            "revenue": null,
            "common_shares": 445000,
            "book_valuer_per_share": 7.55,
            "book_valuer_per_share_4q_avg": 1.89,
            "equity": 336004,
            "current_ratio": 291.9,
            "debt_ratio": 29.54,
            "inventory_turnover_ratio": null,
            "account_receivable_turnover_ratio": null,
            "reinvestment_rate": null,
            "research_to_sale_ratio": null,
            "price_fair": 0,
            "eps_avg_yearly": 0,
            "eps_latest_yearly": 0,
            "eps_growth_yearly": 0
        },
        "20061": {
            "year_quarter": 20061,
            "year": 2006,
            "quarter": 1,
            "eps": null,
            "eps_growth_year": null,
            "eps_4q": null,
            "eps_4q_growth_year": null,
            "roe": null,
            "roe_4q": 0,
            "gross_profit": null,
            "gross_margin": null,
            "gross_margin_4q_avg": 0,
            "net_income": null,
            "revenue": null,
            "common_shares": null,
            "book_valuer_per_share": null,
            "book_valuer_per_share_4q_avg": 1.89,
            "equity": null,
            "current_ratio": null,
            "debt_ratio": null,
            "inventory_turnover_ratio": null,
            "account_receivable_turnover_ratio": null,
            "reinvestment_rate": null,
            "research_to_sale_ratio": null,
            "price_fair": 0,
            "eps_avg_yearly": 0,
            "eps_latest_yearly": 0,
            "eps_growth_yearly": 0
        },
        "20062": {
            "year_quarter": 20062,
            "year": 2006,
            "quarter": 2,
            "eps": null,
            "eps_growth_year": null,
            "eps_4q": null,
            "eps_4q_growth_year": null,
            "roe": null,
            "roe_4q": 0,
            "gross_profit": null,
            "gross_margin": null,
            "gross_margin_4q_avg": 0,
            "net_income": null,
            "revenue": null,
            "common_shares": null,
            "book_valuer_per_share": null,
            "book_valuer_per_share_4q_avg": 1.89,
            "equity": null,
            "current_ratio": null,
            "debt_ratio": null,
            "inventory_turnover_ratio": null,
            "account_receivable_turnover_ratio": null,
            "reinvestment_rate": null,
            "research_to_sale_ratio": null,
            "price_fair": 0,
            "eps_avg_yearly": 0,
            "eps_latest_yearly": 0,
            "eps_growth_yearly": 0
        },
        "20063": {
            "year_quarter": 20063,
            "year": 2006,
            "quarter": 3,
            "eps": null,
            "eps_growth_year": null,
            "eps_4q": null,
            "eps_4q_growth_year": null,
            "roe": null,
            "roe_4q": 0,
            "gross_profit": null,
            "gross_margin": null,
            "gross_margin_4q_avg": 0,
            "net_income": null,
            "revenue": null,
            "common_shares": null,
            "book_valuer_per_share": null,
            "book_valuer_per_share_4q_avg": 1.89,
            "equity": null,
            "current_ratio": null,
            "debt_ratio": null,
            "inventory_turnover_ratio": null,
            "account_receivable_turnover_ratio": null,
            "reinvestment_rate": null,
            "research_to_sale_ratio": null,
            "price_fair": 0,
            "eps_avg_yearly": 0,
            "eps_latest_yearly": 0,
            "eps_growth_yearly": 0
        },
        "20064": {
            "year_quarter": 20064,
            "year": 2006,
            "quarter": 4,
            "eps": null,
            "eps_growth_year": null,
            "eps_4q": null,
            "eps_4q_growth_year": null,
            "roe": null,
            "roe_4q": 0,
            "gross_profit": null,
            "gross_margin": null,
            "gross_margin_4q_avg": 0,
            "net_income": null,
            "revenue": null,
            "common_shares": 590800,
            "book_valuer_per_share": 11.16,
            "book_valuer_per_share_4q_avg": 2.79,
            "equity": 659225,
            "current_ratio": 488.63,
            "debt_ratio": 12.64,
            "inventory_turnover_ratio": null,
            "account_receivable_turnover_ratio": null,
            "reinvestment_rate": null,
            "research_to_sale_ratio": null,
            "price_fair": 0,
            "eps_avg_yearly": 0,
            "eps_latest_yearly": 0,
            "eps_growth_yearly": 0
        },
        "20071": {
            "year_quarter": 20071,
            "year": 2007,
            "quarter": 1,
            "eps": null,
            "eps_growth_year": null,
            "eps_4q": null,
            "eps_4q_growth_year": null,
            "roe": null,
            "roe_4q": 0,
            "gross_profit": null,
            "gross_margin": null,
            "gross_margin_4q_avg": 0,
            "net_income": null,
            "revenue": null,
            "common_shares": null,
            "book_valuer_per_share": null,
            "book_valuer_per_share_4q_avg": 2.79,
            "equity": null,
            "current_ratio": null,
            "debt_ratio": null,
            "inventory_turnover_ratio": null,
            "account_receivable_turnover_ratio": null,
            "reinvestment_rate": null,
            "research_to_sale_ratio": null,
            "price_fair": 0,
            "eps_avg_yearly": 0,
            "eps_latest_yearly": 0,
            "eps_growth_yearly": 0
        },
        "20072": {
            "year_quarter": 20072,
            "year": 2007,
            "quarter": 2,
            "eps": null,
            "eps_growth_year": null,
            "eps_4q": null,
            "eps_4q_growth_year": null,
            "roe": null,
            "roe_4q": 0,
            "gross_profit": null,
            "gross_margin": null,
            "gross_margin_4q_avg": 0,
            "net_income": null,
            "revenue": null,
            "common_shares": null,
            "book_valuer_per_share": null,
            "book_valuer_per_share_4q_avg": 2.79,
            "equity": null,
            "current_ratio": null,
            "debt_ratio": null,
            "inventory_turnover_ratio": null,
            "account_receivable_turnover_ratio": null,
            "reinvestment_rate": null,
            "research_to_sale_ratio": null,
            "price_fair": 0,
            "eps_avg_yearly": 0,
            "eps_latest_yearly": 0,
            "eps_growth_yearly": 0
        },
        "20073": {
            "year_quarter": 20073,
            "year": 2007,
            "quarter": 3,
            "eps": null,
            "eps_growth_year": null,
            "eps_4q": null,
            "eps_4q_growth_year": null,
            "roe": null,
            "roe_4q": 0,
            "gross_profit": null,
            "gross_margin": null,
            "gross_margin_4q_avg": 0,
            "net_income": null,
            "revenue": null,
            "common_shares": null,
            "book_valuer_per_share": null,
            "book_valuer_per_share_4q_avg": 2.79,
            "equity": null,
            "current_ratio": null,
            "debt_ratio": null,
            "inventory_turnover_ratio": null,
            "account_receivable_turnover_ratio": null,
            "reinvestment_rate": null,
            "research_to_sale_ratio": null,
            "price_fair": 0,
            "eps_avg_yearly": 0,
            "eps_latest_yearly": 0,
            "eps_growth_yearly": 0
        },
        "20074": {
            "year_quarter": 20074,
            "year": 2007,
            "quarter": 4,
            "eps": null,
            "eps_growth_year": null,
            "eps_4q": null,
            "eps_4q_growth_year": null,
            "roe": null,
            "roe_4q": 0,
            "gross_profit": null,
            "gross_margin": null,
            "gross_margin_4q_avg": 0,
            "net_income": null,
            "revenue": null,
            "common_shares": 612050,
            "book_valuer_per_share": 12.69,
            "book_valuer_per_share_4q_avg": 3.17,
            "equity": 776693,
            "current_ratio": 598.31,
            "debt_ratio": 10.67,
            "inventory_turnover_ratio": null,
            "account_receivable_turnover_ratio": null,
            "reinvestment_rate": null,
            "research_to_sale_ratio": null,
            "price_fair": 0,
            "eps_avg_yearly": 0,
            "eps_latest_yearly": 0,
            "eps_growth_yearly": 0
        },
        "20081": {
            "year_quarter": 20081,
            "year": 2008,
            "quarter": 1,
            "eps": null,
            "eps_growth_year": null,
            "eps_4q": null,
            "eps_4q_growth_year": null,
            "roe": null,
            "roe_4q": 0,
            "gross_profit": null,
            "gross_margin": null,
            "gross_margin_4q_avg": 0,
            "net_income": null,
            "revenue": null,
            "common_shares": null,
            "book_valuer_per_share": null,
            "book_valuer_per_share_4q_avg": 3.17,
            "equity": null,
            "current_ratio": null,
            "debt_ratio": null,
            "inventory_turnover_ratio": null,
            "account_receivable_turnover_ratio": null,
            "reinvestment_rate": null,
            "research_to_sale_ratio": null,
            "price_fair": 0,
            "eps_avg_yearly": 0,
            "eps_latest_yearly": 0,
            "eps_growth_yearly": 0
        },
        "20082": {
            "year_quarter": 20082,
            "year": 2008,
            "quarter": 2,
            "eps": null,
            "eps_growth_year": null,
            "eps_4q": null,
            "eps_4q_growth_year": null,
            "roe": null,
            "roe_4q": 0,
            "gross_profit": null,
            "gross_margin": null,
            "gross_margin_4q_avg": 0,
            "net_income": null,
            "revenue": null,
            "common_shares": null,
            "book_valuer_per_share": null,
            "book_valuer_per_share_4q_avg": 3.17,
            "equity": null,
            "current_ratio": null,
            "debt_ratio": null,
            "inventory_turnover_ratio": null,
            "account_receivable_turnover_ratio": null,
            "reinvestment_rate": null,
            "research_to_sale_ratio": null,
            "price_fair": 0,
            "eps_avg_yearly": 0,
            "eps_latest_yearly": 0,
            "eps_growth_yearly": 0
        },
        "20083": {
            "year_quarter": 20083,
            "year": 2008,
            "quarter": 3,
            "eps": null,
            "eps_growth_year": null,
            "eps_4q": null,
            "eps_4q_growth_year": null,
            "roe": null,
            "roe_4q": 0,
            "gross_profit": null,
            "gross_margin": null,
            "gross_margin_4q_avg": 0,
            "net_income": null,
            "revenue": null,
            "common_shares": null,
            "book_valuer_per_share": null,
            "book_valuer_per_share_4q_avg": 3.17,
            "equity": null,
            "current_ratio": null,
            "debt_ratio": null,
            "inventory_turnover_ratio": null,
            "account_receivable_turnover_ratio": null,
            "reinvestment_rate": null,
            "research_to_sale_ratio": null,
            "price_fair": 0,
            "eps_avg_yearly": 0,
            "eps_latest_yearly": 0,
            "eps_growth_yearly": 0
        },
        "20084": {
            "year_quarter": 20084,
            "year": 2008,
            "quarter": 4,
            "eps": null,
            "eps_growth_year": null,
            "eps_4q": null,
            "eps_4q_growth_year": null,
            "roe": null,
            "roe_4q": 0,
            "gross_profit": null,
            "gross_margin": null,
            "gross_margin_4q_avg": 0,
            "net_income": null,
            "revenue": null,
            "common_shares": 728468,
            "book_valuer_per_share": 16.85,
            "book_valuer_per_share_4q_avg": 4.21,
            "equity": 1227426,
            "current_ratio": 532.25,
            "debt_ratio": 11.01,
            "inventory_turnover_ratio": null,
            "account_receivable_turnover_ratio": null,
            "reinvestment_rate": null,
            "research_to_sale_ratio": null,
            "price_fair": 0,
            "eps_avg_yearly": 0,
            "eps_latest_yearly": 0,
            "eps_growth_yearly": 0
        },
        "20091": {
            "year_quarter": 20091,
            "year": 2009,
            "quarter": 1,
            "eps": 0.25,
            "eps_growth_year": null,
            "eps_4q": null,
            "eps_4q_growth_year": null,
            "roe": 1.49,
            "roe_4q": 1.49,
            "gross_profit": 35489,
            "gross_margin": 27.88,
            "gross_margin_4q_avg": 6.97,
            "net_income": 18396,
            "revenue": 127284,
            "common_shares": 728468,
            "book_valuer_per_share": 17.1,
            "book_valuer_per_share_4q_avg": 8.49,
            "equity": 1245822,
            "current_ratio": 904.46,
            "debt_ratio": 6.57,
            "inventory_turnover_ratio": 0.49,
            "account_receivable_turnover_ratio": 1.47,
            "reinvestment_rate": null,
            "research_to_sale_ratio": null,
            "price_fair": 0,
            "eps_avg_yearly": 0,
            "eps_latest_yearly": 0,
            "eps_growth_yearly": 0
        },
        "20092": {
            "year_quarter": 20092,
            "year": 2009,
            "quarter": 2,
            "eps": -0.01,
            "eps_growth_year": null,
            "eps_4q": null,
            "eps_4q_growth_year": null,
            "roe": -0.04,
            "roe_4q": 1.45,
            "gross_profit": 34928,
            "gross_margin": 22.13,
            "gross_margin_4q_avg": 12.5,
            "net_income": -531,
            "revenue": 157857,
            "common_shares": 728468,
            "book_valuer_per_share": 16.09,
            "book_valuer_per_share_4q_avg": 12.51,
            "equity": 1172209,
            "current_ratio": 432.89,
            "debt_ratio": 13.69,
            "inventory_turnover_ratio": 0.7,
            "account_receivable_turnover_ratio": 1.89,
            "reinvestment_rate": null,
            "research_to_sale_ratio": null,
            "price_fair": 0,
            "eps_avg_yearly": 0,
            "eps_latest_yearly": 0,
            "eps_growth_yearly": 0
        },
        "20093": {
            "year_quarter": 20093,
            "year": 2009,
            "quarter": 3,
            "eps": 0.29,
            "eps_growth_year": null,
            "eps_4q": null,
            "eps_4q_growth_year": null,
            "roe": 1.8,
            "roe_4q": 3.25,
            "gross_profit": 59947,
            "gross_margin": 30.9,
            "gross_margin_4q_avg": 20.23,
            "net_income": 21305,
            "revenue": 194022,
            "common_shares": 728468,
            "book_valuer_per_share": 16.38,
            "book_valuer_per_share_4q_avg": 16.61,
            "equity": 1193515,
            "current_ratio": 610.42,
            "debt_ratio": 9.78,
            "inventory_turnover_ratio": 0.77,
            "account_receivable_turnover_ratio": 1.04,
            "reinvestment_rate": null,
            "research_to_sale_ratio": null,
            "price_fair": 0,
            "eps_avg_yearly": 0,
            "eps_latest_yearly": 0,
            "eps_growth_yearly": 0
        },
        "20094": {
            "year_quarter": 20094,
            "year": 2009,
            "quarter": 4,
            "eps": 0.01,
            "eps_growth_year": null,
            "eps_4q": 0.55,
            "eps_4q_growth_year": null,
            "roe": 0.07,
            "roe_4q": 3.3200000000000003,
            "gross_profit": 37860,
            "gross_margin": 18.2,
            "gross_margin_4q_avg": 24.78,
            "net_income": 885,
            "revenue": 207999,
            "common_shares": 728468,
            "book_valuer_per_share": 16.37,
            "book_valuer_per_share_4q_avg": 16.49,
            "equity": 1192403,
            "current_ratio": 583.81,
            "debt_ratio": 10.1,
            "inventory_turnover_ratio": 1.06,
            "account_receivable_turnover_ratio": 1.88,
            "reinvestment_rate": null,
            "research_to_sale_ratio": null,
            "price_fair": 0.12,
            "eps_avg_yearly": 0.04,
            "eps_latest_yearly": 0.04,
            "eps_growth_yearly": -386.21
        },
        "20101": {
            "year_quarter": 20101,
            "year": 2010,
            "quarter": 1,
            "eps": null,
            "eps_growth_year": null,
            "eps_4q": null,
            "eps_4q_growth_year": null,
            "roe": null,
            "roe_4q": 1.83,
            "gross_profit": 92801,
            "gross_margin": null,
            "gross_margin_4q_avg": 17.81,
            "net_income": 50609,
            "revenue": 240595,
            "common_shares": 728468,
            "book_valuer_per_share": 17.06,
            "book_valuer_per_share_4q_avg": 16.48,
            "equity": 1242797,
            "current_ratio": 598.92,
            "debt_ratio": 10.36,
            "inventory_turnover_ratio": null,
            "account_receivable_turnover_ratio": null,
            "reinvestment_rate": null,
            "research_to_sale_ratio": null,
            "price_fair": 0.12,
            "eps_avg_yearly": 0.04,
            "eps_latest_yearly": 0.04,
            "eps_growth_yearly": -386.21
        },
        "20102": {
            "year_quarter": 20102,
            "year": 2010,
            "quarter": 2,
            "eps": 0.89,
            "eps_growth_year": null,
            "eps_4q": 1.2,
            "eps_4q_growth_year": null,
            "roe": 5.24,
            "roe_4q": 7.11,
            "gross_profit": 116691,
            "gross_margin": 41.65,
            "gross_margin_4q_avg": 22.69,
            "net_income": 64931,
            "revenue": 280175,
            "common_shares": 728468,
            "book_valuer_per_share": 16.99,
            "book_valuer_per_share_4q_avg": 16.7,
            "equity": 1237306,
            "current_ratio": 372.09,
            "debt_ratio": 17.47,
            "inventory_turnover_ratio": 0.99,
            "account_receivable_turnover_ratio": 1.88,
            "reinvestment_rate": null,
            "research_to_sale_ratio": null,
            "price_fair": 0.12,
            "eps_avg_yearly": 0.04,
            "eps_latest_yearly": 0.04,
            "eps_growth_yearly": -386.21
        },
        "20103": {
            "year_quarter": 20103,
            "year": 2010,
            "quarter": 3,
            "eps": 1.09,
            "eps_growth_year": 276.6,
            "eps_4q": 2,
            "eps_4q_growth_year": null,
            "roe": 6.23,
            "roe_4q": 11.540000000000001,
            "gross_profit": 118465,
            "gross_margin": 40.06,
            "gross_margin_4q_avg": 24.98,
            "net_income": 79558,
            "revenue": 295746,
            "common_shares": 728468,
            "book_valuer_per_share": 18.07,
            "book_valuer_per_share_4q_avg": 17.12,
            "equity": 1316599,
            "current_ratio": 441.16,
            "debt_ratio": 14.77,
            "inventory_turnover_ratio": 0.93,
            "account_receivable_turnover_ratio": 0.97,
            "reinvestment_rate": null,
            "research_to_sale_ratio": 2.91,
            "price_fair": 6.6,
            "eps_avg_yearly": 2.2,
            "eps_latest_yearly": 4.36,
            "eps_growth_yearly": -148.16
        },
        "20104": {
            "year_quarter": 20104,
            "year": 2010,
            "quarter": 4,
            "eps": 0.47,
            "eps_growth_year": 4641.18,
            "eps_4q": 2.46,
            "eps_4q_growth_year": 346.95,
            "roe": 2.6,
            "roe_4q": 14.07,
            "gross_profit": 108569,
            "gross_margin": 40.8,
            "gross_margin_4q_avg": 30.63,
            "net_income": 34538,
            "revenue": 266124,
            "common_shares": 728468,
            "book_valuer_per_share": 18.47,
            "book_valuer_per_share_4q_avg": 17.65,
            "equity": 1345310,
            "current_ratio": 421.09,
            "debt_ratio": 15.25,
            "inventory_turnover_ratio": 0.7,
            "account_receivable_turnover_ratio": 0.92,
            "reinvestment_rate": null,
            "research_to_sale_ratio": 4.02,
            "price_fair": 6.28,
            "eps_avg_yearly": 2.09,
            "eps_latest_yearly": 1.88,
            "eps_growth_yearly": -174.61
        },
        "20111": {
            "year_quarter": 20111,
            "year": 2011,
            "quarter": 1,
            "eps": 0.4,
            "eps_growth_year": null,
            "eps_4q": 2.42,
            "eps_4q_growth_year": null,
            "roe": 1.96,
            "roe_4q": 16.03,
            "gross_profit": 88114,
            "gross_margin": 34.24,
            "gross_margin_4q_avg": 39.19,
            "net_income": 31470,
            "revenue": 257344,
            "common_shares": 869888,
            "book_valuer_per_share": 21.39,
            "book_valuer_per_share_4q_avg": 18.73,
            "equity": 1864302,
            "current_ratio": 628.1,
            "debt_ratio": 11.42,
            "inventory_turnover_ratio": 0.69,
            "account_receivable_turnover_ratio": 0.95,
            "reinvestment_rate": null,
            "research_to_sale_ratio": 5.12,
            "price_fair": 5.91,
            "eps_avg_yearly": 1.97,
            "eps_latest_yearly": 1.6,
            "eps_growth_yearly": -145.85
        },
        "20112": {
            "year_quarter": 20112,
            "year": 2011,
            "quarter": 2,
            "eps": 0.21,
            "eps_growth_year": -76.72,
            "eps_4q": 1.88,
            "eps_4q_growth_year": 57.27,
            "roe": 0.95,
            "roe_4q": 11.74,
            "gross_profit": 104706,
            "gross_margin": 35.44,
            "gross_margin_4q_avg": 37.64,
            "net_income": 17252,
            "revenue": 295453,
            "common_shares": 869888,
            "book_valuer_per_share": 20.21,
            "book_valuer_per_share_4q_avg": 19.54,
            "equity": 1761335,
            "current_ratio": 369.54,
            "debt_ratio": 18.78,
            "inventory_turnover_ratio": 0.74,
            "account_receivable_turnover_ratio": 1.01,
            "reinvestment_rate": null,
            "research_to_sale_ratio": 4.06,
            "price_fair": 5.23,
            "eps_avg_yearly": 1.74,
            "eps_latest_yearly": 0.84,
            "eps_growth_yearly": -154.68
        },
        "20113": {
            "year_quarter": 20113,
            "year": 2011,
            "quarter": 3,
            "eps": 0.46,
            "eps_growth_year": -57.67,
            "eps_4q": 1.43,
            "eps_4q_growth_year": -28.24,
            "roe": 2.23,
            "roe_4q": 7.74,
            "gross_profit": 94365,
            "gross_margin": 30.96,
            "gross_margin_4q_avg": 35.36,
            "net_income": 39617,
            "revenue": 304806,
            "common_shares": 876038,
            "book_valuer_per_share": 20.64,
            "book_valuer_per_share_4q_avg": 20.18,
            "equity": 1792416,
            "current_ratio": 527.7,
            "debt_ratio": 11.89,
            "inventory_turnover_ratio": 0.77,
            "account_receivable_turnover_ratio": 0.94,
            "reinvestment_rate": null,
            "research_to_sale_ratio": 2.6,
            "price_fair": 5.28,
            "eps_avg_yearly": 1.76,
            "eps_latest_yearly": 1.84,
            "eps_growth_yearly": -49.54
        },
        "20114": {
            "year_quarter": 20114,
            "year": 2011,
            "quarter": 4,
            "eps": 0.27,
            "eps_growth_year": -43.56,
            "eps_4q": 1.3,
            "eps_4q_growth_year": -47.06,
            "roe": 1.26,
            "roe_4q": 6.4,
            "gross_profit": 85963,
            "gross_margin": 31.79,
            "gross_margin_4q_avg": 33.11,
            "net_income": 22759,
            "revenue": 270447,
            "common_shares": 866918,
            "book_valuer_per_share": 20.92,
            "book_valuer_per_share_4q_avg": 20.79,
            "equity": 1815620,
            "current_ratio": 576.63,
            "debt_ratio": 10.34,
            "inventory_turnover_ratio": 0.66,
            "account_receivable_turnover_ratio": 0.88,
            "reinvestment_rate": null,
            "research_to_sale_ratio": 2.99,
            "price_fair": 4.99,
            "eps_avg_yearly": 1.66,
            "eps_latest_yearly": 1.08,
            "eps_growth_yearly": -66.06
        },
        "20121": {
            "year_quarter": 20121,
            "year": 2012,
            "quarter": 1,
            "eps": 0.47,
            "eps_growth_year": 17.5,
            "eps_4q": 1.41,
            "eps_4q_growth_year": -41.73,
            "roe": 2.21,
            "roe_4q": 6.6499999999999995,
            "gross_profit": 84107,
            "gross_margin": 30.45,
            "gross_margin_4q_avg": 32.16,
            "net_income": 40521,
            "revenue": 276221,
            "common_shares": 866918,
            "book_valuer_per_share": 21.35,
            "book_valuer_per_share_4q_avg": 20.78,
            "equity": 1853148,
            "current_ratio": 710.65,
            "debt_ratio": 8.42,
            "inventory_turnover_ratio": 0.72,
            "account_receivable_turnover_ratio": 0.93,
            "reinvestment_rate": null,
            "research_to_sale_ratio": 0.63,
            "price_fair": 5.07,
            "eps_avg_yearly": 1.69,
            "eps_latest_yearly": 1.88,
            "eps_growth_yearly": -20.77
        },
        "20122": {
            "year_quarter": 20122,
            "year": 2012,
            "quarter": 2,
            "eps": 0.43,
            "eps_growth_year": 108.94,
            "eps_4q": 1.64,
            "eps_4q_growth_year": -13.05,
            "roe": 2.04,
            "roe_4q": 7.74,
            "gross_profit": 108267,
            "gross_margin": 34.03,
            "gross_margin_4q_avg": 31.81,
            "net_income": 37318,
            "revenue": 318197,
            "common_shares": 866918,
            "book_valuer_per_share": 20.79,
            "book_valuer_per_share_4q_avg": 20.93,
            "equity": 1804323,
            "current_ratio": 397.59,
            "debt_ratio": 14.92,
            "inventory_turnover_ratio": 0.88,
            "account_receivable_turnover_ratio": 0.97,
            "reinvestment_rate": null,
            "research_to_sale_ratio": 4.57,
            "price_fair": 5.08,
            "eps_avg_yearly": 1.69,
            "eps_latest_yearly": 1.72,
            "eps_growth_yearly": -22.24
        },
        "20123": {
            "year_quarter": 20123,
            "year": 2012,
            "quarter": 3,
            "eps": 0.6,
            "eps_growth_year": 30.28,
            "eps_4q": 1.78,
            "eps_4q_growth_year": 23.98,
            "roe": 2.84,
            "roe_4q": 8.35,
            "gross_profit": 121890,
            "gross_margin": 38.07,
            "gross_margin_4q_avg": 33.59,
            "net_income": 51943,
            "revenue": 320212,
            "common_shares": 866918,
            "book_valuer_per_share": 21.39,
            "book_valuer_per_share_4q_avg": 21.11,
            "equity": 1855543,
            "current_ratio": 545.44,
            "debt_ratio": 10.75,
            "inventory_turnover_ratio": 0.86,
            "account_receivable_turnover_ratio": 0.94,
            "reinvestment_rate": null,
            "research_to_sale_ratio": 4.99,
            "price_fair": 5.29,
            "eps_avg_yearly": 1.76,
            "eps_latest_yearly": 2.4,
            "eps_growth_yearly": -4.21
        },
        "20124": {
            "year_quarter": 20124,
            "year": 2012,
            "quarter": 4,
            "eps": 0.36,
            "eps_growth_year": 33.5,
            "eps_4q": 1.86,
            "eps_4q_growth_year": 43.34,
            "roe": 1.63,
            "roe_4q": 8.719999999999999,
            "gross_profit": 99756,
            "gross_margin": 34.43,
            "gross_margin_4q_avg": 34.25,
            "net_income": 30568,
            "revenue": 289708,
            "common_shares": 866918,
            "book_valuer_per_share": 21.74,
            "book_valuer_per_share_4q_avg": 21.32,
            "equity": 1885987,
            "current_ratio": 537.45,
            "debt_ratio": 10.96,
            "inventory_turnover_ratio": 0.78,
            "account_receivable_turnover_ratio": 0.92,
            "reinvestment_rate": 69.58,
            "research_to_sale_ratio": 3.03,
            "price_fair": 5.2,
            "eps_avg_yearly": 1.73,
            "eps_latest_yearly": 1.44,
            "eps_growth_yearly": -18.37
        },
        "20131": {
            "year_quarter": 20131,
            "year": 2013,
            "quarter": 1,
            "eps": 0.62,
            "eps_growth_year": 31.91,
            "eps_4q": 2.01,
            "eps_4q_growth_year": 42.78,
            "roe": 2.79,
            "roe_4q": 9.3,
            "gross_profit": 99452,
            "gross_margin": 32.95,
            "gross_margin_4q_avg": 34.87,
            "net_income": 53370,
            "revenue": 301839,
            "common_shares": 866918,
            "book_valuer_per_share": 22.38,
            "book_valuer_per_share_4q_avg": 21.58,
            "equity": 1940647,
            "current_ratio": 515.59,
            "debt_ratio": 11.35,
            "inventory_turnover_ratio": 0.8,
            "account_receivable_turnover_ratio": 0.97,
            "reinvestment_rate": 41.95,
            "research_to_sale_ratio": 3.67,
            "price_fair": 30.97,
            "eps_avg_yearly": 1.8,
            "eps_latest_yearly": 2.48,
            "eps_growth_yearly": 7.24
        },
        "20132": {
            "year_quarter": 20132,
            "year": 2013,
            "quarter": 2,
            "eps": 0.53,
            "eps_growth_year": 22.25,
            "eps_4q": 2.11,
            "eps_4q_growth_year": 29.08,
            "roe": 2.4,
            "roe_4q": 9.66,
            "gross_profit": 113392,
            "gross_margin": 33.82,
            "gross_margin_4q_avg": 34.82,
            "net_income": 45863,
            "revenue": 335271,
            "common_shares": 866918,
            "book_valuer_per_share": 21.73,
            "book_valuer_per_share_4q_avg": 21.81,
            "equity": 1883769,
            "current_ratio": 364.88,
            "debt_ratio": 16.09,
            "inventory_turnover_ratio": 0.83,
            "account_receivable_turnover_ratio": 0.99,
            "reinvestment_rate": 41.47,
            "research_to_sale_ratio": 3.51,
            "price_fair": 22.25,
            "eps_avg_yearly": 1.82,
            "eps_latest_yearly": 2.12,
            "eps_growth_yearly": 2.21
        },
        "20133": {
            "year_quarter": 20133,
            "year": 2013,
            "quarter": 3,
            "eps": 0.37,
            "eps_growth_year": -38.57,
            "eps_4q": 1.88,
            "eps_4q_growth_year": 5.96,
            "roe": 1.68,
            "roe_4q": 8.5,
            "gross_profit": 106404,
            "gross_margin": 30.94,
            "gross_margin_4q_avg": 33.04,
            "net_income": 32021,
            "revenue": 343851,
            "common_shares": 866918,
            "book_valuer_per_share": 22.1,
            "book_valuer_per_share_4q_avg": 21.99,
            "equity": 1918010,
            "current_ratio": 513.9,
            "debt_ratio": 15.78,
            "inventory_turnover_ratio": 0.85,
            "account_receivable_turnover_ratio": 0.98,
            "reinvestment_rate": 47.56,
            "research_to_sale_ratio": 3.39,
            "price_fair": 5.39,
            "eps_avg_yearly": 1.8,
            "eps_latest_yearly": 1.48,
            "eps_growth_yearly": -6.57
        },
        "20134": {
            "year_quarter": 20134,
            "year": 2013,
            "quarter": 4,
            "eps": 0.48,
            "eps_growth_year": 33.26,
            "eps_4q": 1.99,
            "eps_4q_growth_year": 6.63,
            "roe": 2.14,
            "roe_4q": 9.010000000000002,
            "gross_profit": 105246,
            "gross_margin": 31.24,
            "gross_margin_4q_avg": 32.24,
            "net_income": 41668,
            "revenue": 336940,
            "common_shares": 873408,
            "book_valuer_per_share": 22.54,
            "book_valuer_per_share_4q_avg": 22.19,
            "equity": 1970061,
            "current_ratio": 288.45,
            "debt_ratio": 25.71,
            "inventory_turnover_ratio": 0.81,
            "account_receivable_turnover_ratio": 0.95,
            "reinvestment_rate": 67.75,
            "research_to_sale_ratio": 5.14,
            "price_fair": 67.6,
            "eps_avg_yearly": 1.93,
            "eps_latest_yearly": 1.92,
            "eps_growth_yearly": 29.51
        },
        "20141": {
            "year_quarter": 20141,
            "year": 2014,
            "quarter": 1,
            "eps": 0.16,
            "eps_growth_year": -74.19,
            "eps_4q": 1.16,
            "eps_4q_growth_year": -42.57,
            "roe": 0.7,
            "roe_4q": 6.92,
            "gross_profit": 102943,
            "gross_margin": 31.36,
            "gross_margin_4q_avg": 31.84,
            "net_income": 15645,
            "revenue": 328211,
            "common_shares": 1173408,
            "book_valuer_per_share": 21.39,
            "book_valuer_per_share_4q_avg": 21.94,
            "equity": 2511299,
            "current_ratio": 301.5,
            "debt_ratio": 27.19,
            "inventory_turnover_ratio": 0.74,
            "account_receivable_turnover_ratio": 0.92,
            "reinvestment_rate": 83.16,
            "research_to_sale_ratio": 7.33,
            "price_fair": 36.47,
            "eps_avg_yearly": 1.85,
            "eps_latest_yearly": 0.64,
            "eps_growth_yearly": 9.77
        },
        "20142": {
            "year_quarter": 20142,
            "year": 2014,
            "quarter": 2,
            "eps": 0.1,
            "eps_growth_year": -81.13,
            "eps_4q": 0.86,
            "eps_4q_growth_year": -59.24,
            "roe": 0.46,
            "roe_4q": 4.9799999999999995,
            "gross_profit": 115153,
            "gross_margin": 29.99,
            "gross_margin_4q_avg": 30.88,
            "net_income": 11176,
            "revenue": 383961,
            "common_shares": 1173408,
            "book_valuer_per_share": 19.97,
            "book_valuer_per_share_4q_avg": 21.5,
            "equity": 2345057,
            "current_ratio": 223.2,
            "debt_ratio": 33.42,
            "inventory_turnover_ratio": 0.85,
            "account_receivable_turnover_ratio": 1.03,
            "reinvestment_rate": 102.49,
            "research_to_sale_ratio": 5.47,
            "price_fair": 5.27,
            "eps_avg_yearly": 1.76,
            "eps_latest_yearly": 0.4,
            "eps_growth_yearly": -0.22
        },
        "20143": {
            "year_quarter": 20143,
            "year": 2014,
            "quarter": 3,
            "eps": 0.55,
            "eps_growth_year": 48.65,
            "eps_4q": 1.14,
            "eps_4q_growth_year": -39.6,
            "roe": 2.71,
            "roe_4q": 6.01,
            "gross_profit": 122546,
            "gross_margin": 32.49,
            "gross_margin_4q_avg": 31.27,
            "net_income": 64470,
            "revenue": 377131,
            "common_shares": 1173408,
            "book_valuer_per_share": 20.54,
            "book_valuer_per_share_4q_avg": 21.11,
            "equity": 2411351,
            "current_ratio": 256.81,
            "debt_ratio": 28.72,
            "inventory_turnover_ratio": 0.77,
            "account_receivable_turnover_ratio": 0.95,
            "reinvestment_rate": 110.65,
            "research_to_sale_ratio": 6.2,
            "price_fair": 56.7,
            "eps_avg_yearly": 1.62,
            "eps_latest_yearly": 2.2,
            "eps_growth_yearly": 106.66
        },
        "20144": {
            "year_quarter": 20144,
            "year": 2014,
            "quarter": 4,
            "eps": 0.49,
            "eps_growth_year": 2.23,
            "eps_4q": 1.27,
            "eps_4q_growth_year": -36.21,
            "roe": 2.33,
            "roe_4q": 6.2,
            "gross_profit": 81313,
            "gross_margin": 23.38,
            "gross_margin_4q_avg": 29.31,
            "net_income": 56804,
            "revenue": 347776,
            "common_shares": 1173408,
            "book_valuer_per_share": 21.04,
            "book_valuer_per_share_4q_avg": 20.74,
            "equity": 2470510,
            "current_ratio": 243.22,
            "debt_ratio": 28.5,
            "inventory_turnover_ratio": 0.76,
            "account_receivable_turnover_ratio": 0.89,
            "reinvestment_rate": 111.91,
            "research_to_sale_ratio": 4.87,
            "price_fair": 56.88,
            "eps_avg_yearly": 1.63,
            "eps_latest_yearly": 1.96,
            "eps_growth_yearly": 118.15
        },
        "20151": {
            "year_quarter": 20151,
            "year": 2015,
            "quarter": 1,
            "eps": 0.2,
            "eps_growth_year": 25,
            "eps_4q": 1.33,
            "eps_4q_growth_year": 15.31,
            "roe": 0.93,
            "roe_4q": 6.430000000000001,
            "gross_profit": 108510,
            "gross_margin": 28.45,
            "gross_margin_4q_avg": 28.58,
            "net_income": 23051,
            "revenue": 381374,
            "common_shares": 1173408,
            "book_valuer_per_share": 21.24,
            "book_valuer_per_share_4q_avg": 20.7,
            "equity": 2492872,
            "current_ratio": 241.47,
            "debt_ratio": 27.86,
            "inventory_turnover_ratio": 0.77,
            "account_receivable_turnover_ratio": 0.99,
            "reinvestment_rate": 119.56,
            "research_to_sale_ratio": 4.29,
            "price_fair": 55.13,
            "eps_avg_yearly": 1.58,
            "eps_latest_yearly": 0.8,
            "eps_growth_yearly": 107.08
        },
        "20152": {
            "year_quarter": 20152,
            "year": 2015,
            "quarter": 2,
            "eps": 0.3,
            "eps_growth_year": 200,
            "eps_4q": 1.54,
            "eps_4q_growth_year": 78.55,
            "roe": 1.43,
            "roe_4q": 7.3999999999999995,
            "gross_profit": 114829,
            "gross_margin": 29.64,
            "gross_margin_4q_avg": 28.49,
            "net_income": 34982,
            "revenue": 387367,
            "common_shares": 1173408,
            "book_valuer_per_share": 20.53,
            "book_valuer_per_share_4q_avg": 20.84,
            "equity": 2409509,
            "current_ratio": 212.29,
            "debt_ratio": 31.35,
            "inventory_turnover_ratio": 0.77,
            "account_receivable_turnover_ratio": 0.96,
            "reinvestment_rate": 107.49,
            "research_to_sale_ratio": 4.02,
            "price_fair": 55.91,
            "eps_avg_yearly": 1.6,
            "eps_latest_yearly": 1.2,
            "eps_growth_yearly": 131.46
        },
        "20153": {
            "year_quarter": 20153,
            "year": 2015,
            "quarter": 3,
            "eps": 0.7,
            "eps_growth_year": 27.27,
            "eps_4q": 1.69,
            "eps_4q_growth_year": 48.48,
            "roe": 3.36,
            "roe_4q": 8.05,
            "gross_profit": 115866,
            "gross_margin": 29.04,
            "gross_margin_4q_avg": 27.63,
            "net_income": 82371,
            "revenue": 398970,
            "common_shares": 1173408,
            "book_valuer_per_share": 21.25,
            "book_valuer_per_share_4q_avg": 21.02,
            "equity": 2494757,
            "current_ratio": 249.77,
            "debt_ratio": 26.58,
            "inventory_turnover_ratio": 0.76,
            "account_receivable_turnover_ratio": 0.95,
            "reinvestment_rate": 89.1,
            "research_to_sale_ratio": 4.04,
            "price_fair": 58.01,
            "eps_avg_yearly": 1.66,
            "eps_latest_yearly": 2.8,
            "eps_growth_yearly": 135.03
        },
        "20154": {
            "year_quarter": 20154,
            "year": 2015,
            "quarter": 4,
            "eps": 0.08,
            "eps_growth_year": -83.65,
            "eps_4q": 1.28,
            "eps_4q_growth_year": 0.91,
            "roe": 0.37,
            "roe_4q": 6.09,
            "gross_profit": 92416,
            "gross_margin": 24.21,
            "gross_margin_4q_avg": 27.84,
            "net_income": 9311,
            "revenue": 381683,
            "common_shares": 1173408,
            "book_valuer_per_share": 21.31,
            "book_valuer_per_share_4q_avg": 21.08,
            "equity": 2501716,
            "current_ratio": 250.18,
            "debt_ratio": 26.44,
            "inventory_turnover_ratio": 0.76,
            "account_receivable_turnover_ratio": 0.92,
            "reinvestment_rate": 80.52,
            "research_to_sale_ratio": 5.55,
            "price_fair": 56.35,
            "eps_avg_yearly": 1.61,
            "eps_latest_yearly": 0.32,
            "eps_growth_yearly": 123.21
        },
        "20161": {
            "year_quarter": 20161,
            "year": 2016,
            "quarter": 1,
            "eps": 0.15,
            "eps_growth_year": -25,
            "eps_4q": 1.23,
            "eps_4q_growth_year": -7.58,
            "roe": 0.72,
            "roe_4q": 5.879999999999999,
            "gross_profit": 108924,
            "gross_margin": 27.12,
            "gross_margin_4q_avg": 27.5,
            "net_income": 18003,
            "revenue": 401563,
            "common_shares": 1173408,
            "book_valuer_per_share": 21.47,
            "book_valuer_per_share_4q_avg": 21.14,
            "equity": 2520038,
            "current_ratio": 283.51,
            "debt_ratio": 23.23,
            "inventory_turnover_ratio": 0.81,
            "account_receivable_turnover_ratio": 1,
            "reinvestment_rate": 82.43,
            "research_to_sale_ratio": 3.94,
            "price_fair": 53.55,
            "eps_avg_yearly": 1.53,
            "eps_latest_yearly": 0.6,
            "eps_growth_yearly": 126.57
        },
        "20162": {
            "year_quarter": 20162,
            "year": 2016,
            "quarter": 2,
            "eps": 0.37,
            "eps_growth_year": 23.33,
            "eps_4q": 1.3,
            "eps_4q_growth_year": -15.29,
            "roe": 1.83,
            "roe_4q": 6.279999999999999,
            "gross_profit": 134235,
            "gross_margin": 29.6,
            "gross_margin_4q_avg": 27.49,
            "net_income": 43782,
            "revenue": 453568,
            "common_shares": 1173408,
            "book_valuer_per_share": 19.33,
            "book_valuer_per_share_4q_avg": 20.84,
            "equity": 2269283,
            "current_ratio": 198.94,
            "debt_ratio": 32.59,
            "inventory_turnover_ratio": 0.91,
            "account_receivable_turnover_ratio": 1.06,
            "reinvestment_rate": 72.42,
            "research_to_sale_ratio": 3.59,
            "price_fair": 53.03,
            "eps_avg_yearly": 1.52,
            "eps_latest_yearly": 1.48,
            "eps_growth_yearly": 165.36
        },
        "20163": {
            "year_quarter": 20163,
            "year": 2016,
            "quarter": 3,
            "eps": 0,
            "eps_growth_year": -100,
            "eps_4q": 0.6,
            "eps_4q_growth_year": -64.54,
            "roe": 0.03,
            "roe_4q": 2.95,
            "gross_profit": 102277,
            "gross_margin": 22.97,
            "gross_margin_4q_avg": 25.98,
            "net_income": 646,
            "revenue": 445271,
            "common_shares": 1173408,
            "book_valuer_per_share": 19.31,
            "book_valuer_per_share_4q_avg": 20.36,
            "equity": 2268246,
            "current_ratio": 252.04,
            "debt_ratio": 24.66,
            "inventory_turnover_ratio": 0.97,
            "account_receivable_turnover_ratio": 1.04,
            "reinvestment_rate": 74.08,
            "research_to_sale_ratio": 3.69,
            "price_fair": 50.96,
            "eps_avg_yearly": 1.46,
            "eps_latest_yearly": 1.48,
            "eps_growth_yearly": 165.84
        },
        "20164": {
            "year_quarter": 20164,
            "year": 2016,
            "quarter": 4,
            "eps": 0.17,
            "eps_growth_year": 109.46,
            "eps_4q": 0.69,
            "eps_4q_growth_year": -46.46,
            "roe": 0.86,
            "roe_4q": 3.4400000000000004,
            "gross_profit": 92293,
            "gross_margin": 21.96,
            "gross_margin_4q_avg": 25.41,
            "net_income": 19672,
            "revenue": 420216,
            "common_shares": 1173408,
            "book_valuer_per_share": 19.43,
            "book_valuer_per_share_4q_avg": 19.89,
            "equity": 2282790,
            "current_ratio": 250.83,
            "debt_ratio": 24.71,
            "inventory_turnover_ratio": 0.95,
            "account_receivable_turnover_ratio": 1.02,
            "reinvestment_rate": 60.31,
            "research_to_sale_ratio": 3.67,
            "price_fair": 51,
            "eps_avg_yearly": 1.46,
            "eps_latest_yearly": 1.48,
            "eps_growth_yearly": 189.12
        },
        "20171": {
            "year_quarter": 20171,
            "year": 2017,
            "quarter": 1,
            "eps": -0.16,
            "eps_growth_year": -206.67,
            "eps_4q": 0.38,
            "eps_4q_growth_year": -69.5,
            "roe": -0.82,
            "roe_4q": 1.9000000000000001,
            "gross_profit": 100471,
            "gross_margin": 23.38,
            "gross_margin_4q_avg": 24.48,
            "net_income": -18670,
            "revenue": 429804,
            "common_shares": 1173408,
            "book_valuer_per_share": 19.26,
            "book_valuer_per_share_4q_avg": 19.33,
            "equity": 2262637,
            "current_ratio": 284.98,
            "debt_ratio": 22.82,
            "inventory_turnover_ratio": 0.95,
            "account_receivable_turnover_ratio": 1.04,
            "reinvestment_rate": 100.16,
            "research_to_sale_ratio": 3.77,
            "price_fair": 48.25,
            "eps_avg_yearly": 1.38,
            "eps_latest_yearly": 1.48,
            "eps_growth_yearly": 181.44
        },
        "20172": {
            "year_quarter": 20172,
            "year": 2017,
            "quarter": 2,
            "eps": 0.39,
            "eps_growth_year": 5.41,
            "eps_4q": 0.4,
            "eps_4q_growth_year": -69.44,
            "roe": 2.03,
            "roe_4q": 2.0999999999999996,
            "gross_profit": 116449,
            "gross_margin": 25.8,
            "gross_margin_4q_avg": 23.53,
            "net_income": 45769,
            "revenue": 451340,
            "common_shares": 1173408,
            "book_valuer_per_share": 19.17,
            "book_valuer_per_share_4q_avg": 19.29,
            "equity": 2251198,
            "current_ratio": 267.23,
            "debt_ratio": 24.4,
            "inventory_turnover_ratio": 0.91,
            "account_receivable_turnover_ratio": 1.06,
            "reinvestment_rate": 98.58,
            "research_to_sale_ratio": 3.31,
            "price_fair": 46.08,
            "eps_avg_yearly": 1.32,
            "eps_latest_yearly": 1.48,
            "eps_growth_yearly": 201.4
        },
        "20173": {
            "year_quarter": 20173,
            "year": 2017,
            "quarter": 3,
            "eps": 0.34,
            "eps_growth_year": null,
            "eps_4q": 0.74,
            "eps_4q_growth_year": 23.01,
            "roe": 1.75,
            "roe_4q": 3.82,
            "gross_profit": 118713,
            "gross_margin": 24.37,
            "gross_margin_4q_avg": 23.88,
            "net_income": 39754,
            "revenue": 487173,
            "common_shares": 1173408,
            "book_valuer_per_share": 19.52,
            "book_valuer_per_share_4q_avg": 19.35,
            "equity": 2292796,
            "current_ratio": 299.56,
            "debt_ratio": 21.79,
            "inventory_turnover_ratio": 0.93,
            "account_receivable_turnover_ratio": 1.1,
            "reinvestment_rate": 86.61,
            "research_to_sale_ratio": 2.7,
            "price_fair": 45.73,
            "eps_avg_yearly": 1.31,
            "eps_latest_yearly": 1.36,
            "eps_growth_yearly": 207.19
        },
        "20174": {
            "year_quarter": 20174,
            "year": 2017,
            "quarter": 4,
            "eps": 0.17,
            "eps_growth_year": 5.01,
            "eps_4q": 0.74,
            "eps_4q_growth_year": 8.6,
            "roe": 0.93,
            "roe_4q": 3.89,
            "gross_profit": 102821,
            "gross_margin": 21.43,
            "gross_margin_4q_avg": 23.75,
            "net_income": 21319,
            "revenue": 479751,
            "common_shares": 1173408,
            "book_valuer_per_share": 19.69,
            "book_valuer_per_share_4q_avg": 19.41,
            "equity": 2313684,
            "current_ratio": 286.54,
            "debt_ratio": 23.81,
            "inventory_turnover_ratio": 0.93,
            "account_receivable_turnover_ratio": 1.12,
            "reinvestment_rate": 61.82,
            "research_to_sale_ratio": 2.42,
            "price_fair": 42.12,
            "eps_avg_yearly": 1.2,
            "eps_latest_yearly": 0.68,
            "eps_growth_yearly": 180.62
        },
        "20181": {
            "year_quarter": 20181,
            "year": 2018,
            "quarter": 1,
            "eps": 0.42,
            "eps_growth_year": null,
            "eps_4q": 1.33,
            "eps_4q_growth_year": 252.91,
            "roe": 2.13,
            "roe_4q": 6.84,
            "gross_profit": 156701,
            "gross_margin": 28.08,
            "gross_margin_4q_avg": 24.92,
            "net_income": 49813,
            "revenue": 558085,
            "common_shares": 1173408,
            "book_valuer_per_share": 20.11,
            "book_valuer_per_share_4q_avg": 19.62,
            "equity": 2362575,
            "current_ratio": 321.27,
            "debt_ratio": 23.62,
            "inventory_turnover_ratio": 1,
            "account_receivable_turnover_ratio": 1.27,
            "reinvestment_rate": 40.23,
            "research_to_sale_ratio": 2.22,
            "price_fair": 45.15,
            "eps_avg_yearly": 1.29,
            "eps_latest_yearly": 1.68,
            "eps_growth_yearly": 251.86
        },
        "20182": {
            "year_quarter": 20182,
            "year": 2018,
            "quarter": 2,
            "eps": 0.75,
            "eps_growth_year": 92.31,
            "eps_4q": 1.68,
            "eps_4q_growth_year": 323.25,
            "roe": 3.72,
            "roe_4q": 8.53,
            "gross_profit": 215878,
            "gross_margin": 32.4,
            "gross_margin_4q_avg": 26.57,
            "net_income": 88356,
            "revenue": 666310,
            "common_shares": 1173408,
            "book_valuer_per_share": 20.34,
            "book_valuer_per_share_4q_avg": 19.92,
            "equity": 2391172,
            "current_ratio": 296.02,
            "debt_ratio": 25.67,
            "inventory_turnover_ratio": 1.12,
            "account_receivable_turnover_ratio": 1.29,
            "reinvestment_rate": 15.01,
            "research_to_sale_ratio": 1.91,
            "price_fair": 52.73,
            "eps_avg_yearly": 1.51,
            "eps_latest_yearly": 3,
            "eps_growth_yearly": 290.55
        },
        "20183": {
            "year_quarter": 20183,
            "year": 2018,
            "quarter": 3,
            "eps": 0.85,
            "eps_growth_year": 150,
            "eps_4q": 2.19,
            "eps_4q_growth_year": 198.27,
            "roe": 4.11,
            "roe_4q": 10.89,
            "gross_profit": 269643,
            "gross_margin": 36.29,
            "gross_margin_4q_avg": 29.55,
            "net_income": 100180,
            "revenue": 742952,
            "common_shares": 1173408,
            "book_valuer_per_share": 21.16,
            "book_valuer_per_share_4q_avg": 20.33,
            "equity": 2487292,
            "current_ratio": 297.47,
            "debt_ratio": 25.61,
            "inventory_turnover_ratio": 1,
            "account_receivable_turnover_ratio": 1.24,
            "reinvestment_rate": 0.01,
            "research_to_sale_ratio": 1.79,
            "price_fair": 56.23,
            "eps_avg_yearly": 1.61,
            "eps_latest_yearly": 3.4,
            "eps_growth_yearly": 144.99
        },
        "20184": {
            "year_quarter": 20184,
            "year": 2018,
            "quarter": 4,
            "eps": 0.34,
            "eps_growth_year": 91.66,
            "eps_4q": 2.36,
            "eps_4q_growth_year": 216.47,
            "roe": 1.58,
            "roe_4q": 11.54,
            "gross_profit": 202914,
            "gross_margin": 29.55,
            "gross_margin_4q_avg": 31.58,
            "net_income": 39677,
            "revenue": 686613,
            "common_shares": 1173408,
            "book_valuer_per_share": 21.51,
            "book_valuer_per_share_4q_avg": 20.78,
            "equity": 2529153,
            "current_ratio": 313.52,
            "debt_ratio": 24.57,
            "inventory_turnover_ratio": 0.88,
            "account_receivable_turnover_ratio": 1.09,
            "reinvestment_rate": -15.37,
            "research_to_sale_ratio": 1.79,
            "price_fair": 54.48,
            "eps_avg_yearly": 1.56,
            "eps_latest_yearly": 1.36,
            "eps_growth_yearly": 128.63
        },
        "20191": {
            "year_quarter": 20191,
            "year": 2019,
            "quarter": 1,
            "eps": 0.88,
            "eps_growth_year": 109.52,
            "eps_4q": 2.81,
            "eps_4q_growth_year": 112.21,
            "roe": 4.03,
            "roe_4q": 13.440000000000001,
            "gross_profit": 215783,
            "gross_margin": 31.75,
            "gross_margin_4q_avg": 32.5,
            "net_income": 104193,
            "revenue": 679568,
            "common_shares": 1173408,
            "book_valuer_per_share": 22.44,
            "book_valuer_per_share_4q_avg": 21.36,
            "equity": 2638051,
            "current_ratio": 313.73,
            "debt_ratio": 25.01,
            "inventory_turnover_ratio": 0.81,
            "account_receivable_turnover_ratio": 1.11,
            "reinvestment_rate": -18.96,
            "research_to_sale_ratio": 2.06,
            "price_fair": 62.42,
            "eps_avg_yearly": 1.78,
            "eps_latest_yearly": 3.52,
            "eps_growth_yearly": 201.3
        },
        "20192": {
            "year_quarter": 20192,
            "year": 2019,
            "quarter": 2,
            "eps": 0.45,
            "eps_growth_year": -40,
            "eps_4q": 2.52,
            "eps_4q_growth_year": 49.83,
            "roe": 2.07,
            "roe_4q": 11.79,
            "gross_profit": 145960,
            "gross_margin": 25.2,
            "gross_margin_4q_avg": 30.7,
            "net_income": 53767,
            "revenue": 579309,
            "common_shares": 1173408,
            "book_valuer_per_share": 21.67,
            "book_valuer_per_share_4q_avg": 21.7,
            "equity": 2549202,
            "current_ratio": 282.57,
            "debt_ratio": 26.6,
            "inventory_turnover_ratio": 0.74,
            "account_receivable_turnover_ratio": 1.03,
            "reinvestment_rate": -12,
            "research_to_sale_ratio": 2.44,
            "price_fair": 64.17,
            "eps_avg_yearly": 1.83,
            "eps_latest_yearly": 1.8,
            "eps_growth_yearly": 168.34
        },
        "20193": {
            "year_quarter": 20193,
            "year": 2019,
            "quarter": 3,
            "eps": 0.13,
            "eps_growth_year": -84.71,
            "eps_4q": 1.8,
            "eps_4q_growth_year": -17.9,
            "roe": 0.59,
            "roe_4q": 8.27,
            "gross_profit": 103564,
            "gross_margin": 22.38,
            "gross_margin_4q_avg": 27.22,
            "net_income": 15151,
            "revenue": 462731,
            "common_shares": 1173408,
            "book_valuer_per_share": 21.75,
            "book_valuer_per_share_4q_avg": 21.84,
            "equity": 2558486,
            "current_ratio": 417.6,
            "debt_ratio": 18.81,
            "inventory_turnover_ratio": 0.62,
            "account_receivable_turnover_ratio": 0.98,
            "reinvestment_rate": -13.64,
            "research_to_sale_ratio": 2.86,
            "price_fair": 57.52,
            "eps_avg_yearly": 1.64,
            "eps_latest_yearly": 0.52,
            "eps_growth_yearly": 100.2
        },
        "20194": {
            "year_quarter": 20194,
            "year": 2019,
            "quarter": 4,
            "eps": -0.24,
            "eps_growth_year": -172.12,
            "eps_4q": 1.22,
            "eps_4q_growth_year": -48,
            "roe": -1.13,
            "roe_4q": 5.5600000000000005,
            "gross_profit": 47689,
            "gross_margin": 11.28,
            "gross_margin_4q_avg": 22.65,
            "net_income": -28739,
            "revenue": 422919,
            "common_shares": 1173408,
            "book_valuer_per_share": 21.5,
            "book_valuer_per_share_4q_avg": 21.84,
            "equity": 2527840,
            "current_ratio": 431.7,
            "debt_ratio": 18.23,
            "inventory_turnover_ratio": 0.69,
            "account_receivable_turnover_ratio": 1.03,
            "reinvestment_rate": -16.45,
            "research_to_sale_ratio": 3.25,
            "price_fair": 61.73,
            "eps_avg_yearly": 1.76,
            "eps_latest_yearly": 0.52,
            "eps_growth_yearly": 141.51
        },
        "20201": {
            "year_quarter": 20201,
            "year": 2020,
            "quarter": 1,
            "eps": 0.14,
            "eps_growth_year": -84.09,
            "eps_4q": 0.48,
            "eps_4q_growth_year": -82.88,
            "roe": 0.66,
            "roe_4q": 2.19,
            "gross_profit": 90240,
            "gross_margin": 20.92,
            "gross_margin_4q_avg": 19.95,
            "net_income": 16634,
            "revenue": 431387,
            "common_shares": 1173408,
            "book_valuer_per_share": 21.62,
            "book_valuer_per_share_4q_avg": 21.64,
            "equity": 2542923,
            "current_ratio": 479.16,
            "debt_ratio": 16.93,
            "inventory_turnover_ratio": 0.66,
            "account_receivable_turnover_ratio": 1.04,
            "reinvestment_rate": -23.14,
            "research_to_sale_ratio": 3.45,
            "price_fair": 65.8,
            "eps_avg_yearly": 1.88,
            "eps_latest_yearly": 0.52,
            "eps_growth_yearly": 120.66
        },
        "20202": {
            "year_quarter": 20202,
            "year": 2020,
            "quarter": 2,
            "eps": 0.53,
            "eps_growth_year": 17.78,
            "eps_4q": 0.56,
            "eps_4q_growth_year": -77.79,
            "roe": 2.5,
            "roe_4q": 2.62,
            "gross_profit": 155784,
            "gross_margin": 28.77,
            "gross_margin_4q_avg": 20.84,
            "net_income": 63225,
            "revenue": 541515,
            "common_shares": 1173408,
            "book_valuer_per_share": 21.43,
            "book_valuer_per_share_4q_avg": 21.58,
            "equity": 2521068,
            "current_ratio": 338.06,
            "debt_ratio": 22.28,
            "inventory_turnover_ratio": 0.68,
            "account_receivable_turnover_ratio": 1.2,
            "reinvestment_rate": -21.65,
            "research_to_sale_ratio": 2.58,
            "price_fair": 68.04,
            "eps_avg_yearly": 1.94,
            "eps_latest_yearly": 2.12,
            "eps_growth_yearly": 173.43
        },
        "20203": {
            "year_quarter": 20203,
            "year": 2020,
            "quarter": 3,
            "eps": 0.32,
            "eps_growth_year": 146.15,
            "eps_4q": 0.75,
            "eps_4q_growth_year": -58.61,
            "roe": 1.5,
            "roe_4q": 3.5300000000000002,
            "gross_profit": 127393,
            "gross_margin": 22.21,
            "gross_margin_4q_avg": 20.8,
            "net_income": 38117,
            "revenue": 573666,
            "common_shares": 1173408,
            "book_valuer_per_share": 21.77,
            "book_valuer_per_share_4q_avg": 21.58,
            "equity": 2561633,
            "current_ratio": 425.91,
            "debt_ratio": 18.43,
            "inventory_turnover_ratio": 0.74,
            "account_receivable_turnover_ratio": 1.22,
            "reinvestment_rate": -21.07,
            "research_to_sale_ratio": 2.97,
            "price_fair": 65.93,
            "eps_avg_yearly": 1.88,
            "eps_latest_yearly": 1.28,
            "eps_growth_yearly": 143.25
        },
        "20204": {
            "year_quarter": 20204,
            "year": 2020,
            "quarter": 4,
            "eps": 0.45,
            "eps_growth_year": null,
            "eps_4q": 1.44,
            "eps_4q_growth_year": 17.59,
            "roe": 2.07,
            "roe_4q": 6.73,
            "gross_profit": 140192,
            "gross_margin": 24.19,
            "gross_margin_4q_avg": 24.02,
            "net_income": 53543,
            "revenue": 579618,
            "common_shares": 1173408,
            "book_valuer_per_share": 22.25,
            "book_valuer_per_share_4q_avg": 21.77,
            "equity": 2618757,
            "current_ratio": 431.97,
            "debt_ratio": 18.34,
            "inventory_turnover_ratio": 0.74,
            "account_receivable_turnover_ratio": 1.18,
            "reinvestment_rate": -24.75,
            "research_to_sale_ratio": 2.32,
            "price_fair": 65.68,
            "eps_avg_yearly": 1.88,
            "eps_latest_yearly": 1.8,
            "eps_growth_yearly": 144.86
        },
        "20211": {
            "year_quarter": 20211,
            "year": 2021,
            "quarter": 1,
            "eps": 0.72,
            "eps_growth_year": 414.29,
            "eps_4q": 2.02,
            "eps_4q_growth_year": 318.43,
            "roe": 3.18,
            "roe_4q": 9.25,
            "gross_profit": 193058,
            "gross_margin": 30.67,
            "gross_margin_4q_avg": 26.46,
            "net_income": 84665,
            "revenue": 629544,
            "common_shares": 1173408,
            "book_valuer_per_share": 22.96,
            "book_valuer_per_share_4q_avg": 22.1,
            "equity": 2702129,
            "current_ratio": 404.55,
            "debt_ratio": 19.42,
            "inventory_turnover_ratio": 0.69,
            "account_receivable_turnover_ratio": 1.18,
            "reinvestment_rate": -22.99,
            "research_to_sale_ratio": 2.27,
            "price_fair": 68.38,
            "eps_avg_yearly": 1.95,
            "eps_latest_yearly": 2.88,
            "eps_growth_yearly": 152.17
        },
        "20212": {
            "year_quarter": 20212,
            "year": 2021,
            "quarter": 2,
            "eps": 0.94,
            "eps_growth_year": 77.36,
            "eps_4q": 2.43,
            "eps_4q_growth_year": 334.15,
            "roe": 4.08,
            "roe_4q": 10.83,
            "gross_profit": 259324,
            "gross_margin": 33.75,
            "gross_margin_4q_avg": 27.71,
            "net_income": 112433,
            "revenue": 768293,
            "common_shares": 1173408,
            "book_valuer_per_share": 23.89,
            "book_valuer_per_share_4q_avg": 22.72,
            "equity": 2812158,
            "current_ratio": 314.24,
            "debt_ratio": 24.33,
            "inventory_turnover_ratio": 0.73,
            "account_receivable_turnover_ratio": 1.27,
            "reinvestment_rate": -21.73,
            "research_to_sale_ratio": 1.81,
            "price_fair": 72.9,
            "eps_avg_yearly": 2.08,
            "eps_latest_yearly": 3.76,
            "eps_growth_yearly": 150.03
        },
        "20213": {
            "year_quarter": 20213,
            "year": 2021,
            "quarter": 3,
            "eps": 1.1,
            "eps_growth_year": 243.75,
            "eps_4q": 3.21,
            "eps_4q_growth_year": 330.65,
            "roe": 4.61,
            "roe_4q": 13.940000000000001,
            "gross_profit": 272679,
            "gross_margin": 32.6,
            "gross_margin_4q_avg": 30.3,
            "net_income": 130427,
            "revenue": 836568,
            "common_shares": 1173408,
            "book_valuer_per_share": 24.18,
            "book_valuer_per_share_4q_avg": 23.32,
            "equity": 2848529,
            "current_ratio": 306.2,
            "debt_ratio": 24.56,
            "inventory_turnover_ratio": 0.7,
            "account_receivable_turnover_ratio": 1.22,
            "reinvestment_rate": -16.3,
            "research_to_sale_ratio": 1.92,
            "price_fair": 80.5,
            "eps_avg_yearly": 2.3,
            "eps_latest_yearly": 4.4,
            "eps_growth_yearly": 158.56
        },
        "20214": {
            "year_quarter": 20214,
            "year": 2021,
            "quarter": 4,
            "eps": 1.28,
            "eps_growth_year": 183.81,
            "eps_4q": 4.04,
            "eps_4q_growth_year": 180.79,
            "roe": 5.2,
            "roe_4q": 17.07,
            "gross_profit": 285747,
            "gross_margin": 32.77,
            "gross_margin_4q_avg": 32.45,
            "net_income": 152054,
            "revenue": 872080,
            "common_shares": 1173408,
            "book_valuer_per_share": 25.48,
            "book_valuer_per_share_4q_avg": 24.13,
            "equity": 3002050,
            "current_ratio": 305.45,
            "debt_ratio": 24.68,
            "inventory_turnover_ratio": 0.65,
            "account_receivable_turnover_ratio": 1.22,
            "reinvestment_rate": -13.83,
            "research_to_sale_ratio": 1.92,
            "price_fair": 91.6,
            "eps_avg_yearly": 2.62,
            "eps_latest_yearly": 5.12,
            "eps_growth_yearly": 177.52
        },
        "20221": {
            "year_quarter": 20221,
            "year": 2022,
            "quarter": 1,
            "eps": 1.56,
            "eps_growth_year": 116.67,
            "eps_4q": 4.89,
            "eps_4q_growth_year": 142.42,
            "roe": 5.98,
            "roe_4q": 19.869999999999997,
            "gross_profit": 295795,
            "gross_margin": 33.8,
            "gross_margin_4q_avg": 33.23,
            "net_income": 185211,
            "revenue": 875142,
            "common_shares": 1173408,
            "book_valuer_per_share": 27.12,
            "book_valuer_per_share_4q_avg": 25.17,
            "equity": 3197164,
            "current_ratio": 334.67,
            "debt_ratio": 22.79,
            "inventory_turnover_ratio": 0.63,
            "account_receivable_turnover_ratio": 1.21,
            "reinvestment_rate": -11.33,
            "research_to_sale_ratio": 1.83,
            "price_fair": 103,
            "eps_avg_yearly": 2.94,
            "eps_latest_yearly": 6.24,
            "eps_growth_yearly": 141.76
        },
        "20222": {
            "year_quarter": 20222,
            "year": 2022,
            "quarter": 2,
            "eps": 1.5,
            "eps_growth_year": 59.57,
            "eps_4q": 5.45,
            "eps_4q_growth_year": 124,
            "roe": 5.57,
            "roe_4q": 21.36,
            "gross_profit": 335994,
            "gross_margin": 39.01,
            "gross_margin_4q_avg": 34.55,
            "net_income": 175877,
            "revenue": 861279,
            "common_shares": 1173408,
            "book_valuer_per_share": 26.41,
            "book_valuer_per_share_4q_avg": 25.8,
            "equity": 3113565,
            "current_ratio": 281.06,
            "debt_ratio": 26.6,
            "inventory_turnover_ratio": 0.59,
            "account_receivable_turnover_ratio": 1.15,
            "reinvestment_rate": -8.63,
            "research_to_sale_ratio": 2.04,
            "price_fair": 110.5,
            "eps_avg_yearly": 3.16,
            "eps_latest_yearly": 6,
            "eps_growth_yearly": 118.21
        },
        "20223": {
            "year_quarter": 20223,
            "year": 2022,
            "quarter": 3,
            "eps": 1.24,
            "eps_growth_year": 12.73,
            "eps_4q": 5.59,
            "eps_4q_growth_year": 73.94,
            "roe": 4.58,
            "roe_4q": 21.330000000000002,
            "gross_profit": 237364,
            "gross_margin": 30.8,
            "gross_margin_4q_avg": 34.1,
            "net_income": 146218,
            "revenue": 770707,
            "common_shares": 1173408,
            "book_valuer_per_share": 27.69,
            "book_valuer_per_share_4q_avg": 26.68,
            "equity": 3265929,
            "current_ratio": 400.07,
            "debt_ratio": 18.94,
            "inventory_turnover_ratio": 0.62,
            "account_receivable_turnover_ratio": 1.04,
            "reinvestment_rate": -0.72,
            "research_to_sale_ratio": 2.26,
            "price_fair": 114.4,
            "eps_avg_yearly": 3.27,
            "eps_latest_yearly": 4.96,
            "eps_growth_yearly": 109.45
        },
        "20224": {
            "year_quarter": 20224,
            "year": 2022,
            "quarter": 4,
            "eps": 0.69,
            "eps_growth_year": -46.61,
            "eps_4q": 4.99,
            "eps_4q_growth_year": 23.38,
            "roe": 2.45,
            "roe_4q": 18.580000000000002,
            "gross_profit": 209201,
            "gross_margin": 31.95,
            "gross_margin_4q_avg": 33.89,
            "net_income": 80871,
            "revenue": 654757,
            "common_shares": 1173408,
            "book_valuer_per_share": 28.32,
            "book_valuer_per_share_4q_avg": 27.39,
            "equity": 3339691,
            "current_ratio": 411.49,
            "debt_ratio": 18.19,
            "inventory_turnover_ratio": 0.53,
            "account_receivable_turnover_ratio": 1.04,
            "reinvestment_rate": 9.38,
            "research_to_sale_ratio": 2.82,
            "price_fair": 117.9,
            "eps_avg_yearly": 3.37,
            "eps_latest_yearly": 2.76,
            "eps_growth_yearly": 113.92
        },
        "20231": {
            "year_quarter": 20231,
            "year": 2023,
            "quarter": 1,
            "eps": 0.7,
            "eps_growth_year": -55.13,
            "eps_4q": 4.13,
            "eps_4q_growth_year": -15.55,
            "roe": 2.43,
            "roe_4q": 15.030000000000001,
            "gross_profit": 201840,
            "gross_margin": 29.99,
            "gross_margin_4q_avg": 32.94,
            "net_income": 82102,
            "revenue": 672940,
            "common_shares": 1173408,
            "book_valuer_per_share": 29.03,
            "book_valuer_per_share_4q_avg": 27.86,
            "equity": 3422721,
            "current_ratio": 438.11,
            "debt_ratio": 17.28,
            "inventory_turnover_ratio": 0.58,
            "account_receivable_turnover_ratio": 1.16,
            "reinvestment_rate": 9.81,
            "research_to_sale_ratio": 2.57,
            "price_fair": 116.1,
            "eps_avg_yearly": 3.32,
            "eps_latest_yearly": 2.8,
            "eps_growth_yearly": 68.95
        },
        "20232": {
            "year_quarter": 20232,
            "year": 2023,
            "quarter": 2,
            "eps": 0.74,
            "eps_growth_year": -50.67,
            "eps_4q": 3.37,
            "eps_4q_growth_year": -38.19,
            "roe": 2.61,
            "roe_4q": 12.07,
            "gross_profit": 198145,
            "gross_margin": 30.11,
            "gross_margin_4q_avg": 30.71,
            "net_income": 86515,
            "revenue": 658103,
            "common_shares": 1173408,
            "book_valuer_per_share": 27.1,
            "book_valuer_per_share_4q_avg": 28.04,
            "equity": 3195677,
            "current_ratio": 306.55,
            "debt_ratio": 23.95,
            "inventory_turnover_ratio": 0.59,
            "account_receivable_turnover_ratio": 1.11,
            "reinvestment_rate": 4.43,
            "research_to_sale_ratio": 2.45,
            "price_fair": 119,
            "eps_avg_yearly": 3.4,
            "eps_latest_yearly": 2.96,
            "eps_growth_yearly": 84.54
        }
    },
    "months": {
        "2008-05": {
            "month": "2008-05",
            "price": "30.42",
            "revenue": 42032
        },
        "2008-06": {
            "month": "2008-06",
            "price": "26.80",
            "revenue": 42744
        },
        "2008-07": {
            "month": "2008-07",
            "price": "24.73",
            "revenue": 50742
        },
        "2008-08": {
            "month": "2008-08",
            "price": "25.80",
            "revenue": 37292
        },
        "2008-09": {
            "month": "2008-09",
            "price": "24.32",
            "revenue": 40855
        },
        "2008-10": {
            "month": "2008-10",
            "price": "18.86",
            "revenue": 43570
        },
        "2008-11": {
            "month": "2008-11",
            "price": "16.94",
            "revenue": 28735
        },
        "2008-12": {
            "month": "2008-12",
            "price": "15.54",
            "revenue": 22141
        },
        "2009-01": {
            "month": "2009-01",
            "price": "14.86",
            "revenue": 29488
        },
        "2009-02": {
            "month": "2009-02",
            "price": "16.35",
            "revenue": 34704
        },
        "2009-03": {
            "month": "2009-03",
            "price": "19.29",
            "revenue": 50333
        },
        "2009-04": {
            "month": "2009-04",
            "price": "23.03",
            "revenue": 44499
        },
        "2009-05": {
            "month": "2009-05",
            "price": "23.22",
            "revenue": 43068
        },
        "2009-06": {
            "month": "2009-06",
            "price": "23.00",
            "revenue": 47266
        },
        "2009-07": {
            "month": "2009-07",
            "price": "22.67",
            "revenue": 53247
        },
        "2009-08": {
            "month": "2009-08",
            "price": "20.79",
            "revenue": 56298
        },
        "2009-09": {
            "month": "2009-09",
            "price": "18.70",
            "revenue": 62874
        },
        "2009-10": {
            "month": "2009-10",
            "price": "20.17",
            "revenue": 66894
        },
        "2009-11": {
            "month": "2009-11",
            "price": "19.77",
            "revenue": 60050
        },
        "2009-12": {
            "month": "2009-12",
            "price": "19.84",
            "revenue": 65820
        },
        "2010-01": {
            "month": "2010-01",
            "price": "22.96",
            "revenue": 76685
        },
        "2010-02": {
            "month": "2010-02",
            "price": "22.73",
            "revenue": 53818
        },
        "2010-03": {
            "month": "2010-03",
            "price": "27.34",
            "revenue": 79440
        },
        "2010-04": {
            "month": "2010-04",
            "price": "33.09",
            "revenue": 80023
        },
        "2010-05": {
            "month": "2010-05",
            "price": "34.16",
            "revenue": 84484
        },
        "2010-06": {
            "month": "2010-06",
            "price": "39.71",
            "revenue": 93619
        },
        "2010-07": {
            "month": "2010-07",
            "price": "42.70",
            "revenue": 93214
        },
        "2010-08": {
            "month": "2010-08",
            "price": "52.92",
            "revenue": 89669
        },
        "2010-09": {
            "month": "2010-09",
            "price": "55.39",
            "revenue": 93825
        },
        "2010-10": {
            "month": "2010-10",
            "price": "50.27",
            "revenue": 83458
        },
        "2010-11": {
            "month": "2010-11",
            "price": "45.87",
            "revenue": 88589
        },
        "2010-12": {
            "month": "2010-12",
            "price": "49.33",
            "revenue": 74591
        },
        "2011-01": {
            "month": "2011-01",
            "price": "48.99",
            "revenue": 85321
        },
        "2011-02": {
            "month": "2011-02",
            "price": "53.36",
            "revenue": 59517
        },
        "2011-03": {
            "month": "2011-03",
            "price": "59.73",
            "revenue": 96311
        },
        "2011-04": {
            "month": "2011-04",
            "price": "69.27",
            "revenue": 87045
        },
        "2011-05": {
            "month": "2011-05",
            "price": "61.69",
            "revenue": 86227
        },
        "2011-06": {
            "month": "2011-06",
            "price": "58.00",
            "revenue": 96986
        },
        "2011-07": {
            "month": "2011-07",
            "price": "45.55",
            "revenue": 87544
        },
        "2011-08": {
            "month": "2011-08",
            "price": "34.92",
            "revenue": 90960
        },
        "2011-09": {
            "month": "2011-09",
            "price": "29.13",
            "revenue": 93192
        },
        "2011-10": {
            "month": "2011-10",
            "price": "31.90",
            "revenue": 84561
        },
        "2011-11": {
            "month": "2011-11",
            "price": "25.04",
            "revenue": 86079
        },
        "2011-12": {
            "month": "2011-12",
            "price": "21.52",
            "revenue": 71465
        },
        "2012-01": {
            "month": "2012-01",
            "price": "23.12",
            "revenue": 73372
        },
        "2012-02": {
            "month": "2012-02",
            "price": "30.64",
            "revenue": 82953
        },
        "2012-03": {
            "month": "2012-03",
            "price": "31.90",
            "revenue": 97020
        },
        "2012-04": {
            "month": "2012-04",
            "price": "28.17",
            "revenue": 96795
        },
        "2012-05": {
            "month": "2012-05",
            "price": "29.71",
            "revenue": 101333
        },
        "2012-06": {
            "month": "2012-06",
            "price": "29.95",
            "revenue": 92200
        },
        "2012-07": {
            "month": "2012-07",
            "price": "28.68",
            "revenue": 95180
        },
        "2012-08": {
            "month": "2012-08",
            "price": "26.77",
            "revenue": 97356
        },
        "2012-09": {
            "month": "2012-09",
            "price": "27.51",
            "revenue": 91111
        },
        "2012-10": {
            "month": "2012-10",
            "price": "24.56",
            "revenue": 83590
        },
        "2012-11": {
            "month": "2012-11",
            "price": "22.42",
            "revenue": 94664
        },
        "2012-12": {
            "month": "2012-12",
            "price": "24.31",
            "revenue": 79615
        },
        "2013-01": {
            "month": "2013-01",
            "price": "25.68",
            "revenue": 103867
        },
        "2013-02": {
            "month": "2013-02",
            "price": "26.31",
            "revenue": 79591
        },
        "2013-03": {
            "month": "2013-03",
            "price": "28.41",
            "revenue": 118381
        },
        "2013-04": {
            "month": "2013-04",
            "price": "27.49",
            "revenue": 112213
        },
        "2013-05": {
            "month": "2013-05",
            "price": "27.70",
            "revenue": 116622
        },
        "2013-06": {
            "month": "2013-06",
            "price": "26.76",
            "revenue": 107436
        },
        "2013-07": {
            "month": "2013-07",
            "price": "25.52",
            "revenue": 113531
        },
        "2013-08": {
            "month": "2013-08",
            "price": "25.12",
            "revenue": 113560
        },
        "2013-09": {
            "month": "2013-09",
            "price": "25.14",
            "revenue": 116760
        },
        "2013-10": {
            "month": "2013-10",
            "price": "25.88",
            "revenue": 119440
        },
        "2013-11": {
            "month": "2013-11",
            "price": "22.08",
            "revenue": 112341
        },
        "2013-12": {
            "month": "2013-12",
            "price": "22.70",
            "revenue": 105159
        },
        "2014-01": {
            "month": "2014-01",
            "price": "23.09",
            "revenue": 110085
        },
        "2014-02": {
            "month": "2014-02",
            "price": "22.99",
            "revenue": 99180
        },
        "2014-03": {
            "month": "2014-03",
            "price": "27.22",
            "revenue": 118946
        },
        "2014-04": {
            "month": "2014-04",
            "price": "28.29",
            "revenue": 132403
        },
        "2014-05": {
            "month": "2014-05",
            "price": "27.04",
            "revenue": 122672
        },
        "2014-06": {
            "month": "2014-06",
            "price": "27.32",
            "revenue": 128887
        },
        "2014-07": {
            "month": "2014-07",
            "price": "26.67",
            "revenue": 122660
        },
        "2014-08": {
            "month": "2014-08",
            "price": "23.03",
            "revenue": 124281
        },
        "2014-09": {
            "month": "2014-09",
            "price": "22.64",
            "revenue": 130190
        },
        "2014-10": {
            "month": "2014-10",
            "price": "21.42",
            "revenue": 119338
        },
        "2014-11": {
            "month": "2014-11",
            "price": "20.66",
            "revenue": 113148
        },
        "2014-12": {
            "month": "2014-12",
            "price": "21.85",
            "revenue": 115290
        },
        "2015-01": {
            "month": "2015-01",
            "price": "23.47",
            "revenue": 148191
        },
        "2015-02": {
            "month": "2015-02",
            "price": "24.29",
            "revenue": 95525
        },
        "2015-03": {
            "month": "2015-03",
            "price": "23.49",
            "revenue": 137658
        },
        "2015-04": {
            "month": "2015-04",
            "price": "23.28",
            "revenue": 139214
        },
        "2015-05": {
            "month": "2015-05",
            "price": "26.31",
            "revenue": 120489
        },
        "2015-06": {
            "month": "2015-06",
            "price": "25.89",
            "revenue": 127665
        },
        "2015-07": {
            "month": "2015-07",
            "price": "20.51",
            "revenue": 127324
        },
        "2015-08": {
            "month": "2015-08",
            "price": "22.90",
            "revenue": 134578
        },
        "2015-09": {
            "month": "2015-09",
            "price": "24.25",
            "revenue": 137068
        },
        "2015-10": {
            "month": "2015-10",
            "price": "23.45",
            "revenue": 137265
        },
        "2015-11": {
            "month": "2015-11",
            "price": "23.41",
            "revenue": 121957
        },
        "2015-12": {
            "month": "2015-12",
            "price": "24.04",
            "revenue": 122460
        },
        "2016-01": {
            "month": "2016-01",
            "price": "23.73",
            "revenue": 140082
        },
        "2016-02": {
            "month": "2016-02",
            "price": "24.46",
            "revenue": 101972
        },
        "2016-03": {
            "month": "2016-03",
            "price": "25.27",
            "revenue": 159510
        },
        "2016-04": {
            "month": "2016-04",
            "price": "25.51",
            "revenue": 140567
        },
        "2016-05": {
            "month": "2016-05",
            "price": "27.71",
            "revenue": 153765
        },
        "2016-06": {
            "month": "2016-06",
            "price": "27.01",
            "revenue": 159237
        },
        "2016-07": {
            "month": "2016-07",
            "price": "25.45",
            "revenue": 157155
        },
        "2016-08": {
            "month": "2016-08",
            "price": "23.45",
            "revenue": 151073
        },
        "2016-09": {
            "month": "2016-09",
            "price": "22.67",
            "revenue": 137042
        },
        "2016-10": {
            "month": "2016-10",
            "price": "22.62",
            "revenue": 132475
        },
        "2016-11": {
            "month": "2016-11",
            "price": "20.44",
            "revenue": 143574
        },
        "2016-12": {
            "month": "2016-12",
            "price": "20.46",
            "revenue": 144167
        },
        "2017-01": {
            "month": "2017-01",
            "price": "20.33",
            "revenue": 137122
        },
        "2017-02": {
            "month": "2017-02",
            "price": "21.18",
            "revenue": 126883
        },
        "2017-03": {
            "month": "2017-03",
            "price": "20.87",
            "revenue": 165799
        },
        "2017-04": {
            "month": "2017-04",
            "price": "20.25",
            "revenue": 145354
        },
        "2017-05": {
            "month": "2017-05",
            "price": "19.57",
            "revenue": 150395
        },
        "2017-06": {
            "month": "2017-06",
            "price": "19.22",
            "revenue": 155591
        },
        "2017-07": {
            "month": "2017-07",
            "price": "18.39",
            "revenue": 171113
        },
        "2017-08": {
            "month": "2017-08",
            "price": "18.53",
            "revenue": 162006
        },
        "2017-09": {
            "month": "2017-09",
            "price": "20.30",
            "revenue": 154055
        },
        "2017-10": {
            "month": "2017-10",
            "price": "20.37",
            "revenue": 151462
        },
        "2017-11": {
            "month": "2017-11",
            "price": "21.40",
            "revenue": 167762
        },
        "2017-12": {
            "month": "2017-12",
            "price": "21.68",
            "revenue": 160527
        },
        "2018-01": {
            "month": "2018-01",
            "price": "28.98",
            "revenue": 208876
        },
        "2018-02": {
            "month": "2018-02",
            "price": "30.81",
            "revenue": 147941
        },
        "2018-03": {
            "month": "2018-03",
            "price": "34.41",
            "revenue": 201268
        },
        "2018-04": {
            "month": "2018-04",
            "price": "33.77",
            "revenue": 203867
        },
        "2018-05": {
            "month": "2018-05",
            "price": "40.55",
            "revenue": 236846
        },
        "2018-06": {
            "month": "2018-06",
            "price": "67.36",
            "revenue": 225596
        },
        "2018-07": {
            "month": "2018-07",
            "price": "61.09",
            "revenue": 270656
        },
        "2018-08": {
            "month": "2018-08",
            "price": "47.47",
            "revenue": 247165
        },
        "2018-09": {
            "month": "2018-09",
            "price": "40.94",
            "revenue": 225131
        },
        "2018-10": {
            "month": "2018-10",
            "price": "30.12",
            "revenue": 232230
        },
        "2018-11": {
            "month": "2018-11",
            "price": "29.05",
            "revenue": 248731
        },
        "2018-12": {
            "month": "2018-12",
            "price": "32.19",
            "revenue": 205652
        },
        "2019-01": {
            "month": "2019-01",
            "price": "29.90",
            "revenue": 245858
        },
        "2019-02": {
            "month": "2019-02",
            "price": "32.42",
            "revenue": 201698
        },
        "2019-03": {
            "month": "2019-03",
            "price": "31.70",
            "revenue": 232013
        },
        "2019-04": {
            "month": "2019-04",
            "price": "32.16",
            "revenue": 200190
        },
        "2019-05": {
            "month": "2019-05",
            "price": "28.43",
            "revenue": 205564
        },
        "2019-06": {
            "month": "2019-06",
            "price": "27.77",
            "revenue": 173554
        },
        "2019-07": {
            "month": "2019-07",
            "price": "28.61",
            "revenue": 163584
        },
        "2019-08": {
            "month": "2019-08",
            "price": "24.69",
            "revenue": 161010
        },
        "2019-09": {
            "month": "2019-09",
            "price": "27.01",
            "revenue": 138138
        },
        "2019-10": {
            "month": "2019-10",
            "price": "27.48",
            "revenue": 143139
        },
        "2019-11": {
            "month": "2019-11",
            "price": "25.39",
            "revenue": 146950
        },
        "2019-12": {
            "month": "2019-12",
            "price": "27.02",
            "revenue": 132830
        },
        "2020-01": {
            "month": "2020-01",
            "price": "31.03",
            "revenue": 131772
        },
        "2020-02": {
            "month": "2020-02",
            "price": "30.82",
            "revenue": 119929
        },
        "2020-03": {
            "month": "2020-03",
            "price": "22.90",
            "revenue": 179686
        },
        "2020-04": {
            "month": "2020-04",
            "price": "25.37",
            "revenue": 177949
        },
        "2020-05": {
            "month": "2020-05",
            "price": "27.60",
            "revenue": 177947
        },
        "2020-06": {
            "month": "2020-06",
            "price": "26.88",
            "revenue": 185618
        },
        "2020-07": {
            "month": "2020-07",
            "price": "25.42",
            "revenue": 184756
        },
        "2020-08": {
            "month": "2020-08",
            "price": "24.65",
            "revenue": 186874
        },
        "2020-09": {
            "month": "2020-09",
            "price": "25.10",
            "revenue": 202036
        },
        "2020-10": {
            "month": "2020-10",
            "price": "26.49",
            "revenue": 176110
        },
        "2020-11": {
            "month": "2020-11",
            "price": "28.21",
            "revenue": 192915
        },
        "2020-12": {
            "month": "2020-12",
            "price": "29.91",
            "revenue": 210592
        },
        "2021-01": {
            "month": "2021-01",
            "price": "29.31",
            "revenue": 220143
        },
        "2021-02": {
            "month": "2021-02",
            "price": "27.96",
            "revenue": 170742
        },
        "2021-03": {
            "month": "2021-03",
            "price": "29.12",
            "revenue": 238658
        },
        "2021-04": {
            "month": "2021-04",
            "price": "33.54",
            "revenue": 252517
        },
        "2021-05": {
            "month": "2021-05",
            "price": "30.58",
            "revenue": 251623
        },
        "2021-06": {
            "month": "2021-06",
            "price": "33.07",
            "revenue": 264153
        },
        "2021-07": {
            "month": "2021-07",
            "price": "48.64",
            "revenue": 257850
        },
        "2021-08": {
            "month": "2021-08",
            "price": "44.13",
            "revenue": 294580
        },
        "2021-09": {
            "month": "2021-09",
            "price": "41.02",
            "revenue": 284138
        },
        "2021-10": {
            "month": "2021-10",
            "price": "37.97",
            "revenue": 278051
        },
        "2021-11": {
            "month": "2021-11",
            "price": "44.43",
            "revenue": 283449
        },
        "2021-12": {
            "month": "2021-12",
            "price": "60.57",
            "revenue": 310579
        },
        "2022-01": {
            "month": "2022-01",
            "price": "82.66",
            "revenue": 316246
        },
        "2022-02": {
            "month": "2022-02",
            "price": "80.91",
            "revenue": 254720
        },
        "2022-03": {
            "month": "2022-03",
            "price": "80.68",
            "revenue": 304176
        },
        "2022-04": {
            "month": "2022-04",
            "price": "83.07",
            "revenue": 260193
        },
        "2022-05": {
            "month": "2022-05",
            "price": "79.35",
            "revenue": 308710
        },
        "2022-06": {
            "month": "2022-06",
            "price": "75.24",
            "revenue": 292377
        },
        "2022-07": {
            "month": "2022-07",
            "price": "57.52",
            "revenue": 244403
        },
        "2022-08": {
            "month": "2022-08",
            "price": "54.57",
            "revenue": 251831
        },
        "2022-09": {
            "month": "2022-09",
            "price": "46.09",
            "revenue": 274473
        },
        "2022-10": {
            "month": "2022-10",
            "price": "40.26",
            "revenue": 229978
        },
        "2022-11": {
            "month": "2022-11",
            "price": "43.65",
            "revenue": 225474
        },
        "2022-12": {
            "month": "2022-12",
            "price": "42.16",
            "revenue": 199305
        },
        "2023-01": {
            "month": "2023-01",
            "price": "42.97",
            "revenue": 206676
        },
        "2023-02": {
            "month": "2023-02",
            "price": "55.73",
            "revenue": 213941
        },
        "2023-03": {
            "month": "2023-03",
            "price": "66.02",
            "revenue": 252323
        },
        "2023-04": {
            "month": "2023-04",
            "price": "73.17",
            "revenue": 202722
        },
        "2023-05": {
            "month": "2023-05",
            "price": "65.66",
            "revenue": 236891
        },
        "2023-06": {
            "month": "2023-06",
            "price": "64.84",
            "revenue": 218490
        },
        "2023-07": {
            "month": "2023-07",
            "price": "55.61",
            "revenue": 218951
        },
        "2023-08": {
            "month": "2023-08",
            "price": "51.14",
            "revenue": 220541
        }
    }
}
