{
    "summary": {
        "stock_name": "西勝",
        "stock_id": "3625",
        "category": "電腦及週邊設備",
        "main_business": "電子零組件製造業<br>電池製造業<br>電腦及週邊設備製造業",
        "website_url": "http://www.c-techone.com",
        "ceo": "黃宗偉",
        "pe_ratio": -4,
        "report_year_from": 2007,
        "report_year_to": 2023,
        "age": 17,
        "eps_negative_percentage": 50,
        "eps_growth_avg": {
            "last_all": -26.19,
            "last_2y": null,
            "last_4y": -61.98,
            "last_8y": -10.47,
            "last_12y": -25.39,
            "last_16y": null,
            "last_20y": null,
            "at_2006_last_3y": null,
            "at_2007_last_3y": null,
            "at_2008_last_3y": null,
            "at_2009_last_3y": null,
            "at_2010_last_3y": null,
            "at_2011_last_3y": null,
            "at_2012_last_3y": -28.57,
            "at_2013_last_3y": -100,
            "at_2014_last_3y": -100,
            "at_2015_last_3y": -100,
            "at_2016_last_3y": 0,
            "at_2017_last_3y": 54.78,
            "at_2018_last_3y": 23.87,
            "at_2019_last_3y": 11.91,
            "at_2020_last_3y": -38.09,
            "at_2021_last_3y": -53.97,
            "at_2022_last_3y": -61.98,
            "at_2023_last_3y": -100,
            "at_2024_last_3y": -100,
            "at_2006_last_all": null,
            "at_2007_last_all": null,
            "at_2008_last_all": null,
            "at_2009_last_all": null,
            "at_2010_last_all": -28.57,
            "at_2011_last_all": -28.57,
            "at_2012_last_all": -28.57,
            "at_2013_last_all": -52.38,
            "at_2014_last_all": -52.38,
            "at_2015_last_all": -52.38,
            "at_2016_last_all": -14.29,
            "at_2017_last_all": -9.52,
            "at_2018_last_all": -14.26,
            "at_2019_last_all": -15.64,
            "at_2020_last_all": -26.19,
            "at_2021_last_all": -26.19,
            "at_2022_last_all": -26.19,
            "at_2023_last_all": -26.19,
            "at_2024_last_all": -26.19
        },
        "latest_eps": -3.53,
        "latest_price": 15,
        "latest_roe": -36.27,
        "latest_gross_margin": 15.19,
        "latest_equity": 821444,
        "latest_revenue": 336156,
        "latest_gross_profit": 51074,
        "latest_net_income": -14484,
        "latest_debt_ratio": 64.56,
        "latest_current_ratio": 79.37,
        "latest_account_receivable_turnover_ratio": 1.42,
        "latest_inventory_turnover_ratio": 2.16,
        "latest_reinvestment_rate": null,
        "latest_research_to_sale_ratio": 4.79
    },
    "eps_dividends": {
        "2001": {
            "cash": 0,
            "stock": 0,
            "eps": 0
        },
        "2002": {
            "cash": 0,
            "stock": 0,
            "eps": 0
        },
        "2003": {
            "cash": 0,
            "stock": 0,
            "eps": 0
        },
        "2004": {
            "cash": 0,
            "stock": 0,
            "eps": 0
        },
        "2005": {
            "cash": 0,
            "stock": 0,
            "eps": 0
        },
        "2006": {
            "cash": 0,
            "stock": 0,
            "eps": 0
        },
        "2007": {
            "cash": 0,
            "stock": 0,
            "eps": 0
        },
        "2008": {
            "cash": 0,
            "stock": 0,
            "eps": 1.19
        },
        "2009": {
            "cash": 0.5,
            "stock": 0.5,
            "eps": 1.7
        },
        "2010": {
            "cash": 1,
            "stock": 0,
            "eps": -1.72
        },
        "2011": {
            "cash": 0,
            "stock": 0,
            "eps": -0.24
        },
        "2012": {
            "cash": 0,
            "stock": 0,
            "eps": 0.11
        },
        "2013": {
            "cash": 0,
            "stock": 0,
            "eps": -2.18
        },
        "2014": {
            "cash": 0,
            "stock": 0,
            "eps": -2.41
        },
        "2015": {
            "cash": 0,
            "stock": 0,
            "eps": 0.05
        },
        "2016": {
            "cash": 0,
            "stock": 0,
            "eps": 1.78
        },
        "2017": {
            "cash": 0,
            "stock": 0,
            "eps": 1.95
        },
        "2018": {
            "cash": 1,
            "stock": 0,
            "eps": 1.21
        },
        "2019": {
            "cash": 1,
            "stock": 0,
            "eps": 0.92
        },
        "2020": {
            "cash": 0.5,
            "stock": 0,
            "eps": -2.11
        },
        "2021": {
            "cash": 0,
            "stock": 0,
            "eps": -1.96
        },
        "2022": {
            "cash": 0,
            "stock": 0,
            "eps": -4.58
        },
        "2023": {
            "cash": 0,
            "stock": 0,
            "eps": -0.3
        }
    },
    "dividends": {
        "2009-03-31": {
            "cash": 0.5,
            "stock": 0.5
        },
        "2010-04-07": {
            "cash": 1,
            "stock": 0
        },
        "2018-08-03": {
            "cash": 1,
            "stock": 0
        },
        "2019-07-29": {
            "cash": 1,
            "stock": 0
        },
        "2020-08-13": {
            "cash": 0.5,
            "stock": 0
        }
    },
    "prices": {
        "200101": "無",
        "200102": "無",
        "200103": "無",
        "200104": "無",
        "200105": "無",
        "200106": "無",
        "200107": "無",
        "200108": "無",
        "200109": "無",
        "200110": "無",
        "200111": "無",
        "200112": "無",
        "200201": "無",
        "200202": "無",
        "200203": "無",
        "200204": "無",
        "200205": "無",
        "200206": "無",
        "200207": "無",
        "200208": "無",
        "200209": "無",
        "200210": "無",
        "200211": "無",
        "200212": "無",
        "200301": "無",
        "200302": "無",
        "200303": "無",
        "200304": "無",
        "200305": "無",
        "200306": "無",
        "200307": "無",
        "200308": "無",
        "200309": "無",
        "200310": "無",
        "200311": "無",
        "200312": "無",
        "200401": "無",
        "200402": "無",
        "200403": "無",
        "200404": "無",
        "200405": "無",
        "200406": "無",
        "200407": "無",
        "200408": "無",
        "200409": "無",
        "200410": "無",
        "200411": "無",
        "200412": "無",
        "200501": "無",
        "200502": "無",
        "200503": "無",
        "200504": "無",
        "200505": "無",
        "200506": "無",
        "200507": "無",
        "200508": "無",
        "200509": "無",
        "200510": "無",
        "200511": "無",
        "200512": "無",
        "200601": "無",
        "200602": "無",
        "200603": "無",
        "200604": "無",
        "200605": "無",
        "200606": "無",
        "200607": "無",
        "200608": "無",
        "200609": "無",
        "200610": "無",
        "200611": "無",
        "200612": "無",
        "200701": "無",
        "200702": "無",
        "200703": "無",
        "200704": "無",
        "200705": "無",
        "200706": "無",
        "200707": "無",
        "200708": "無",
        "200709": "無",
        "200710": "無",
        "200711": "無",
        "200712": "無",
        "200801": "無",
        "200802": "無",
        "200803": "無",
        "200804": "29.14",
        "200805": "29.96",
        "200806": "24.61",
        "200807": "25.23",
        "200808": "23.10",
        "200809": "19.89",
        "200810": "21.09",
        "200811": "19.10",
        "200812": "18.06",
        "200901": "17.80",
        "200902": "15.14",
        "200903": "14.56",
        "200904": "17.11",
        "200905": "23.20",
        "200906": "26.74",
        "200907": "29.41",
        "200908": "34.16",
        "200909": "36.46",
        "200910": "35.27",
        "200911": "37.15",
        "200912": "37.61",
        "201001": "39.88",
        "201002": "32.81",
        "201003": "35.22",
        "201004": "38.23",
        "201005": "33.16",
        "201006": "29.80",
        "201007": "30.11",
        "201008": "29.90",
        "201009": "25.89",
        "201010": "26.17",
        "201011": "20.74",
        "201012": "21.63",
        "201101": "20.15",
        "201102": "17.57",
        "201103": "18.28",
        "201104": "17.68",
        "201105": "15.63",
        "201106": "18.03",
        "201107": "20.41",
        "201108": "16.09",
        "201109": "13.22",
        "201110": "12.21",
        "201111": "10.06",
        "201112": "7.91",
        "201201": "8.62",
        "201202": "10.88",
        "201203": "11.79",
        "201204": "9.56",
        "201205": "8.59",
        "201206": "8.40",
        "201207": "8.50",
        "201208": "8.83",
        "201209": "10.60",
        "201210": "10.44",
        "201211": "10.36",
        "201212": "9.94",
        "201301": "9.88",
        "201302": "9.74",
        "201303": "9.69",
        "201304": "10.66",
        "201305": "11.68",
        "201306": "12.07",
        "201307": "11.28",
        "201308": "10.17",
        "201309": "11.74",
        "201310": "11.79",
        "201311": "11.02",
        "201312": "10.78",
        "201401": "10.75",
        "201402": "11.24",
        "201403": "13.47",
        "201404": "13.10",
        "201405": "12.83",
        "201406": "14.35",
        "201407": "13.93",
        "201408": "10.57",
        "201409": "10.06",
        "201410": "9.33",
        "201411": "8.96",
        "201412": "9.35",
        "201501": "10.13",
        "201502": "12.44",
        "201503": "12.65",
        "201504": "11.34",
        "201505": "10.25",
        "201506": "9.12",
        "201507": "8.55",
        "201508": "7.35",
        "201509": "8.24",
        "201510": "10.48",
        "201511": "10.36",
        "201512": "9.52",
        "201601": "9.01",
        "201602": "9.02",
        "201603": "8.82",
        "201604": "9.29",
        "201605": "8.78",
        "201606": "9.28",
        "201607": "10.60",
        "201608": "12.11",
        "201609": "15.72",
        "201610": "16.81",
        "201611": "22.40",
        "201612": "25.09",
        "201701": "25.42",
        "201702": "26.05",
        "201703": "27.10",
        "201704": "29.28",
        "201705": "29.14",
        "201706": "30.83",
        "201707": "33.49",
        "201708": "33.06",
        "201709": "35.41",
        "201710": "37.37",
        "201711": "35.67",
        "201712": "31.40",
        "201801": "30.98",
        "201802": "30.93",
        "201803": "30.43",
        "201804": "27.94",
        "201805": "28.15",
        "201806": "30.98",
        "201807": "28.17",
        "201808": "24.59",
        "201809": "24.94",
        "201810": "19.40",
        "201811": "18.65",
        "201812": "22.58",
        "201901": "21.28",
        "201902": "21.82",
        "201903": "21.04",
        "201904": "21.32",
        "201905": "19.30",
        "201906": "19.54",
        "201907": "19.85",
        "201908": "18.75",
        "201909": "18.84",
        "201910": "21.30",
        "201911": "21.17",
        "201912": "22.29",
        "202001": "21.23",
        "202002": "17.76",
        "202003": "13.77",
        "202004": "14.65",
        "202005": "15.86",
        "202006": "15.31",
        "202007": "14.94",
        "202008": "14.84",
        "202009": "14.95",
        "202010": "14.28",
        "202011": "15.27",
        "202012": "17.28",
        "202101": "20.64",
        "202102": "21.80",
        "202103": "23.75",
        "202104": "25.90",
        "202105": "20.04",
        "202106": "21.89",
        "202107": "28.48",
        "202108": "25.63",
        "202109": "22.93",
        "202110": "21.04",
        "202111": "23.45",
        "202112": "25.71",
        "202201": "23.76",
        "202202": "23.46",
        "202203": "21.99",
        "202204": "19.93",
        "202205": "18.42",
        "202206": "18.70",
        "202207": "15.90",
        "202208": "17.44",
        "202209": "16.66",
        "202210": "14.44",
        "202211": "14.21",
        "202212": "13.11",
        "202301": "12.42",
        "202302": "13.25",
        "202303": "13.66",
        "202304": "14.11",
        "202305": "14.51",
        "202306": "16.90",
        "202307": "15.52",
        "202308": "14.92",
        "202309": "16.04",
        "202310": "15.18",
        "202311": "15.41",
        "202312": "16.08"
    },
    "quarters": {
        "20011": {
            "year_quarter": 20011,
            "year": 2001,
            "quarter": 1,
            "eps": null,
            "eps_growth_year": null,
            "eps_4q": null,
            "eps_4q_growth_year": null,
            "roe": null,
            "roe_4q": 0,
            "gross_profit": null,
            "gross_margin": null,
            "gross_margin_4q_avg": 0,
            "net_income": null,
            "net_income_4q": null,
            "revenue": null,
            "revenue_4q": null,
            "common_shares": null,
            "book_valuer_per_share": null,
            "book_valuer_per_share_4q_avg": 0,
            "equity": null,
            "current_ratio": null,
            "debt_ratio": null,
            "inventory_turnover_ratio": null,
            "account_receivable_turnover_ratio": null,
            "reinvestment_rate": null,
            "research_to_sale_ratio": null,
            "price_fair": 0,
            "eps_avg_yearly": 0,
            "eps_latest_yearly": 0,
            "eps_growth_yearly": 0
        },
        "20012": {
            "year_quarter": 20012,
            "year": 2001,
            "quarter": 2,
            "eps": null,
            "eps_growth_year": null,
            "eps_4q": null,
            "eps_4q_growth_year": null,
            "roe": null,
            "roe_4q": 0,
            "gross_profit": null,
            "gross_margin": null,
            "gross_margin_4q_avg": 0,
            "net_income": null,
            "net_income_4q": null,
            "revenue": null,
            "revenue_4q": null,
            "common_shares": null,
            "book_valuer_per_share": null,
            "book_valuer_per_share_4q_avg": 0,
            "equity": null,
            "current_ratio": null,
            "debt_ratio": null,
            "inventory_turnover_ratio": null,
            "account_receivable_turnover_ratio": null,
            "reinvestment_rate": null,
            "research_to_sale_ratio": null,
            "price_fair": 0,
            "eps_avg_yearly": 0,
            "eps_latest_yearly": 0,
            "eps_growth_yearly": 0
        },
        "20013": {
            "year_quarter": 20013,
            "year": 2001,
            "quarter": 3,
            "eps": null,
            "eps_growth_year": null,
            "eps_4q": null,
            "eps_4q_growth_year": null,
            "roe": null,
            "roe_4q": 0,
            "gross_profit": null,
            "gross_margin": null,
            "gross_margin_4q_avg": 0,
            "net_income": null,
            "net_income_4q": null,
            "revenue": null,
            "revenue_4q": null,
            "common_shares": null,
            "book_valuer_per_share": null,
            "book_valuer_per_share_4q_avg": 0,
            "equity": null,
            "current_ratio": null,
            "debt_ratio": null,
            "inventory_turnover_ratio": null,
            "account_receivable_turnover_ratio": null,
            "reinvestment_rate": null,
            "research_to_sale_ratio": null,
            "price_fair": 0,
            "eps_avg_yearly": 0,
            "eps_latest_yearly": 0,
            "eps_growth_yearly": 0
        },
        "20014": {
            "year_quarter": 20014,
            "year": 2001,
            "quarter": 4,
            "eps": null,
            "eps_growth_year": null,
            "eps_4q": null,
            "eps_4q_growth_year": null,
            "roe": null,
            "roe_4q": 0,
            "gross_profit": null,
            "gross_margin": null,
            "gross_margin_4q_avg": 0,
            "net_income": null,
            "net_income_4q": null,
            "revenue": null,
            "revenue_4q": null,
            "common_shares": 30500,
            "book_valuer_per_share": 11.44,
            "book_valuer_per_share_4q_avg": 2.86,
            "equity": 34891,
            "current_ratio": 139.05,
            "debt_ratio": 59.54,
            "inventory_turnover_ratio": null,
            "account_receivable_turnover_ratio": null,
            "reinvestment_rate": null,
            "research_to_sale_ratio": null,
            "price_fair": 0,
            "eps_avg_yearly": 0,
            "eps_latest_yearly": 0,
            "eps_growth_yearly": 0
        },
        "20021": {
            "year_quarter": 20021,
            "year": 2002,
            "quarter": 1,
            "eps": null,
            "eps_growth_year": null,
            "eps_4q": null,
            "eps_4q_growth_year": null,
            "roe": null,
            "roe_4q": 0,
            "gross_profit": null,
            "gross_margin": null,
            "gross_margin_4q_avg": 0,
            "net_income": null,
            "net_income_4q": null,
            "revenue": null,
            "revenue_4q": null,
            "common_shares": null,
            "book_valuer_per_share": null,
            "book_valuer_per_share_4q_avg": 2.86,
            "equity": null,
            "current_ratio": null,
            "debt_ratio": null,
            "inventory_turnover_ratio": null,
            "account_receivable_turnover_ratio": null,
            "reinvestment_rate": null,
            "research_to_sale_ratio": null,
            "price_fair": 0,
            "eps_avg_yearly": 0,
            "eps_latest_yearly": 0,
            "eps_growth_yearly": 0
        },
        "20022": {
            "year_quarter": 20022,
            "year": 2002,
            "quarter": 2,
            "eps": null,
            "eps_growth_year": null,
            "eps_4q": null,
            "eps_4q_growth_year": null,
            "roe": null,
            "roe_4q": 0,
            "gross_profit": null,
            "gross_margin": null,
            "gross_margin_4q_avg": 0,
            "net_income": null,
            "net_income_4q": null,
            "revenue": null,
            "revenue_4q": null,
            "common_shares": null,
            "book_valuer_per_share": null,
            "book_valuer_per_share_4q_avg": 2.86,
            "equity": null,
            "current_ratio": null,
            "debt_ratio": null,
            "inventory_turnover_ratio": null,
            "account_receivable_turnover_ratio": null,
            "reinvestment_rate": null,
            "research_to_sale_ratio": null,
            "price_fair": 0,
            "eps_avg_yearly": 0,
            "eps_latest_yearly": 0,
            "eps_growth_yearly": 0
        },
        "20023": {
            "year_quarter": 20023,
            "year": 2002,
            "quarter": 3,
            "eps": null,
            "eps_growth_year": null,
            "eps_4q": null,
            "eps_4q_growth_year": null,
            "roe": null,
            "roe_4q": 0,
            "gross_profit": null,
            "gross_margin": null,
            "gross_margin_4q_avg": 0,
            "net_income": null,
            "net_income_4q": null,
            "revenue": null,
            "revenue_4q": null,
            "common_shares": null,
            "book_valuer_per_share": null,
            "book_valuer_per_share_4q_avg": 2.86,
            "equity": null,
            "current_ratio": null,
            "debt_ratio": null,
            "inventory_turnover_ratio": null,
            "account_receivable_turnover_ratio": null,
            "reinvestment_rate": null,
            "research_to_sale_ratio": null,
            "price_fair": 0,
            "eps_avg_yearly": 0,
            "eps_latest_yearly": 0,
            "eps_growth_yearly": 0
        },
        "20024": {
            "year_quarter": 20024,
            "year": 2002,
            "quarter": 4,
            "eps": null,
            "eps_growth_year": null,
            "eps_4q": null,
            "eps_4q_growth_year": null,
            "roe": null,
            "roe_4q": 0,
            "gross_profit": null,
            "gross_margin": null,
            "gross_margin_4q_avg": 0,
            "net_income": null,
            "net_income_4q": null,
            "revenue": null,
            "revenue_4q": null,
            "common_shares": 32940,
            "book_valuer_per_share": 10.71,
            "book_valuer_per_share_4q_avg": 2.68,
            "equity": 35290,
            "current_ratio": 117.68,
            "debt_ratio": 65.73,
            "inventory_turnover_ratio": null,
            "account_receivable_turnover_ratio": null,
            "reinvestment_rate": null,
            "research_to_sale_ratio": null,
            "price_fair": 0,
            "eps_avg_yearly": 0,
            "eps_latest_yearly": 0,
            "eps_growth_yearly": 0
        },
        "20031": {
            "year_quarter": 20031,
            "year": 2003,
            "quarter": 1,
            "eps": null,
            "eps_growth_year": null,
            "eps_4q": null,
            "eps_4q_growth_year": null,
            "roe": null,
            "roe_4q": 0,
            "gross_profit": null,
            "gross_margin": null,
            "gross_margin_4q_avg": 0,
            "net_income": null,
            "net_income_4q": null,
            "revenue": null,
            "revenue_4q": null,
            "common_shares": null,
            "book_valuer_per_share": null,
            "book_valuer_per_share_4q_avg": 2.68,
            "equity": null,
            "current_ratio": null,
            "debt_ratio": null,
            "inventory_turnover_ratio": null,
            "account_receivable_turnover_ratio": null,
            "reinvestment_rate": null,
            "research_to_sale_ratio": null,
            "price_fair": 0,
            "eps_avg_yearly": 0,
            "eps_latest_yearly": 0,
            "eps_growth_yearly": 0
        },
        "20032": {
            "year_quarter": 20032,
            "year": 2003,
            "quarter": 2,
            "eps": null,
            "eps_growth_year": null,
            "eps_4q": null,
            "eps_4q_growth_year": null,
            "roe": null,
            "roe_4q": 0,
            "gross_profit": null,
            "gross_margin": null,
            "gross_margin_4q_avg": 0,
            "net_income": null,
            "net_income_4q": null,
            "revenue": null,
            "revenue_4q": null,
            "common_shares": null,
            "book_valuer_per_share": null,
            "book_valuer_per_share_4q_avg": 2.68,
            "equity": null,
            "current_ratio": null,
            "debt_ratio": null,
            "inventory_turnover_ratio": null,
            "account_receivable_turnover_ratio": null,
            "reinvestment_rate": null,
            "research_to_sale_ratio": null,
            "price_fair": 0,
            "eps_avg_yearly": 0,
            "eps_latest_yearly": 0,
            "eps_growth_yearly": 0
        },
        "20033": {
            "year_quarter": 20033,
            "year": 2003,
            "quarter": 3,
            "eps": null,
            "eps_growth_year": null,
            "eps_4q": null,
            "eps_4q_growth_year": null,
            "roe": null,
            "roe_4q": 0,
            "gross_profit": null,
            "gross_margin": null,
            "gross_margin_4q_avg": 0,
            "net_income": null,
            "net_income_4q": null,
            "revenue": null,
            "revenue_4q": null,
            "common_shares": null,
            "book_valuer_per_share": null,
            "book_valuer_per_share_4q_avg": 2.68,
            "equity": null,
            "current_ratio": null,
            "debt_ratio": null,
            "inventory_turnover_ratio": null,
            "account_receivable_turnover_ratio": null,
            "reinvestment_rate": null,
            "research_to_sale_ratio": null,
            "price_fair": 0,
            "eps_avg_yearly": 0,
            "eps_latest_yearly": 0,
            "eps_growth_yearly": 0
        },
        "20034": {
            "year_quarter": 20034,
            "year": 2003,
            "quarter": 4,
            "eps": null,
            "eps_growth_year": null,
            "eps_4q": null,
            "eps_4q_growth_year": null,
            "roe": null,
            "roe_4q": 0,
            "gross_profit": null,
            "gross_margin": null,
            "gross_margin_4q_avg": 0,
            "net_income": null,
            "net_income_4q": null,
            "revenue": null,
            "revenue_4q": null,
            "common_shares": 32940,
            "book_valuer_per_share": 22.39,
            "book_valuer_per_share_4q_avg": 5.6,
            "equity": 73745,
            "current_ratio": 118.58,
            "debt_ratio": 71.26,
            "inventory_turnover_ratio": null,
            "account_receivable_turnover_ratio": null,
            "reinvestment_rate": null,
            "research_to_sale_ratio": null,
            "price_fair": 0,
            "eps_avg_yearly": 0,
            "eps_latest_yearly": 0,
            "eps_growth_yearly": 0
        },
        "20041": {
            "year_quarter": 20041,
            "year": 2004,
            "quarter": 1,
            "eps": null,
            "eps_growth_year": null,
            "eps_4q": null,
            "eps_4q_growth_year": null,
            "roe": null,
            "roe_4q": 0,
            "gross_profit": null,
            "gross_margin": null,
            "gross_margin_4q_avg": 0,
            "net_income": null,
            "net_income_4q": null,
            "revenue": null,
            "revenue_4q": null,
            "common_shares": null,
            "book_valuer_per_share": null,
            "book_valuer_per_share_4q_avg": 5.6,
            "equity": null,
            "current_ratio": null,
            "debt_ratio": null,
            "inventory_turnover_ratio": null,
            "account_receivable_turnover_ratio": null,
            "reinvestment_rate": null,
            "research_to_sale_ratio": null,
            "price_fair": 0,
            "eps_avg_yearly": 0,
            "eps_latest_yearly": 0,
            "eps_growth_yearly": 0
        },
        "20042": {
            "year_quarter": 20042,
            "year": 2004,
            "quarter": 2,
            "eps": null,
            "eps_growth_year": null,
            "eps_4q": null,
            "eps_4q_growth_year": null,
            "roe": null,
            "roe_4q": 0,
            "gross_profit": null,
            "gross_margin": null,
            "gross_margin_4q_avg": 0,
            "net_income": null,
            "net_income_4q": null,
            "revenue": null,
            "revenue_4q": null,
            "common_shares": null,
            "book_valuer_per_share": null,
            "book_valuer_per_share_4q_avg": 5.6,
            "equity": null,
            "current_ratio": null,
            "debt_ratio": null,
            "inventory_turnover_ratio": null,
            "account_receivable_turnover_ratio": null,
            "reinvestment_rate": null,
            "research_to_sale_ratio": null,
            "price_fair": 0,
            "eps_avg_yearly": 0,
            "eps_latest_yearly": 0,
            "eps_growth_yearly": 0
        },
        "20043": {
            "year_quarter": 20043,
            "year": 2004,
            "quarter": 3,
            "eps": null,
            "eps_growth_year": null,
            "eps_4q": null,
            "eps_4q_growth_year": null,
            "roe": null,
            "roe_4q": 0,
            "gross_profit": null,
            "gross_margin": null,
            "gross_margin_4q_avg": 0,
            "net_income": null,
            "net_income_4q": null,
            "revenue": null,
            "revenue_4q": null,
            "common_shares": null,
            "book_valuer_per_share": null,
            "book_valuer_per_share_4q_avg": 5.6,
            "equity": null,
            "current_ratio": null,
            "debt_ratio": null,
            "inventory_turnover_ratio": null,
            "account_receivable_turnover_ratio": null,
            "reinvestment_rate": null,
            "research_to_sale_ratio": null,
            "price_fair": 0,
            "eps_avg_yearly": 0,
            "eps_latest_yearly": 0,
            "eps_growth_yearly": 0
        },
        "20044": {
            "year_quarter": 20044,
            "year": 2004,
            "quarter": 4,
            "eps": null,
            "eps_growth_year": null,
            "eps_4q": null,
            "eps_4q_growth_year": null,
            "roe": null,
            "roe_4q": 0,
            "gross_profit": null,
            "gross_margin": null,
            "gross_margin_4q_avg": 0,
            "net_income": null,
            "net_income_4q": null,
            "revenue": null,
            "revenue_4q": null,
            "common_shares": 140700,
            "book_valuer_per_share": 11.01,
            "book_valuer_per_share_4q_avg": 2.75,
            "equity": 154847,
            "current_ratio": 228.32,
            "debt_ratio": 38,
            "inventory_turnover_ratio": null,
            "account_receivable_turnover_ratio": null,
            "reinvestment_rate": null,
            "research_to_sale_ratio": null,
            "price_fair": 0,
            "eps_avg_yearly": 0,
            "eps_latest_yearly": 0,
            "eps_growth_yearly": 0
        },
        "20051": {
            "year_quarter": 20051,
            "year": 2005,
            "quarter": 1,
            "eps": null,
            "eps_growth_year": null,
            "eps_4q": null,
            "eps_4q_growth_year": null,
            "roe": null,
            "roe_4q": 0,
            "gross_profit": null,
            "gross_margin": null,
            "gross_margin_4q_avg": 0,
            "net_income": null,
            "net_income_4q": null,
            "revenue": null,
            "revenue_4q": null,
            "common_shares": null,
            "book_valuer_per_share": null,
            "book_valuer_per_share_4q_avg": 2.75,
            "equity": null,
            "current_ratio": null,
            "debt_ratio": null,
            "inventory_turnover_ratio": null,
            "account_receivable_turnover_ratio": null,
            "reinvestment_rate": null,
            "research_to_sale_ratio": null,
            "price_fair": 0,
            "eps_avg_yearly": 0,
            "eps_latest_yearly": 0,
            "eps_growth_yearly": 0
        },
        "20052": {
            "year_quarter": 20052,
            "year": 2005,
            "quarter": 2,
            "eps": null,
            "eps_growth_year": null,
            "eps_4q": null,
            "eps_4q_growth_year": null,
            "roe": null,
            "roe_4q": 0,
            "gross_profit": null,
            "gross_margin": null,
            "gross_margin_4q_avg": 0,
            "net_income": null,
            "net_income_4q": null,
            "revenue": null,
            "revenue_4q": null,
            "common_shares": null,
            "book_valuer_per_share": null,
            "book_valuer_per_share_4q_avg": 2.75,
            "equity": null,
            "current_ratio": null,
            "debt_ratio": null,
            "inventory_turnover_ratio": null,
            "account_receivable_turnover_ratio": null,
            "reinvestment_rate": null,
            "research_to_sale_ratio": null,
            "price_fair": 0,
            "eps_avg_yearly": 0,
            "eps_latest_yearly": 0,
            "eps_growth_yearly": 0
        },
        "20053": {
            "year_quarter": 20053,
            "year": 2005,
            "quarter": 3,
            "eps": null,
            "eps_growth_year": null,
            "eps_4q": null,
            "eps_4q_growth_year": null,
            "roe": null,
            "roe_4q": 0,
            "gross_profit": null,
            "gross_margin": null,
            "gross_margin_4q_avg": 0,
            "net_income": null,
            "net_income_4q": null,
            "revenue": null,
            "revenue_4q": null,
            "common_shares": null,
            "book_valuer_per_share": null,
            "book_valuer_per_share_4q_avg": 2.75,
            "equity": null,
            "current_ratio": null,
            "debt_ratio": null,
            "inventory_turnover_ratio": null,
            "account_receivable_turnover_ratio": null,
            "reinvestment_rate": null,
            "research_to_sale_ratio": null,
            "price_fair": 0,
            "eps_avg_yearly": 0,
            "eps_latest_yearly": 0,
            "eps_growth_yearly": 0
        },
        "20054": {
            "year_quarter": 20054,
            "year": 2005,
            "quarter": 4,
            "eps": null,
            "eps_growth_year": null,
            "eps_4q": null,
            "eps_4q_growth_year": null,
            "roe": null,
            "roe_4q": 0,
            "gross_profit": null,
            "gross_margin": null,
            "gross_margin_4q_avg": 0,
            "net_income": null,
            "net_income_4q": null,
            "revenue": null,
            "revenue_4q": null,
            "common_shares": 198800,
            "book_valuer_per_share": 7.41,
            "book_valuer_per_share_4q_avg": 1.85,
            "equity": 147335,
            "current_ratio": 146.56,
            "debt_ratio": 45.12,
            "inventory_turnover_ratio": null,
            "account_receivable_turnover_ratio": null,
            "reinvestment_rate": null,
            "research_to_sale_ratio": null,
            "price_fair": 0,
            "eps_avg_yearly": 0,
            "eps_latest_yearly": 0,
            "eps_growth_yearly": 0
        },
        "20061": {
            "year_quarter": 20061,
            "year": 2006,
            "quarter": 1,
            "eps": null,
            "eps_growth_year": null,
            "eps_4q": null,
            "eps_4q_growth_year": null,
            "roe": null,
            "roe_4q": 0,
            "gross_profit": null,
            "gross_margin": null,
            "gross_margin_4q_avg": 0,
            "net_income": null,
            "net_income_4q": null,
            "revenue": null,
            "revenue_4q": null,
            "common_shares": null,
            "book_valuer_per_share": null,
            "book_valuer_per_share_4q_avg": 1.85,
            "equity": null,
            "current_ratio": null,
            "debt_ratio": null,
            "inventory_turnover_ratio": null,
            "account_receivable_turnover_ratio": null,
            "reinvestment_rate": null,
            "research_to_sale_ratio": null,
            "price_fair": 0,
            "eps_avg_yearly": 0,
            "eps_latest_yearly": 0,
            "eps_growth_yearly": 0
        },
        "20062": {
            "year_quarter": 20062,
            "year": 2006,
            "quarter": 2,
            "eps": null,
            "eps_growth_year": null,
            "eps_4q": null,
            "eps_4q_growth_year": null,
            "roe": null,
            "roe_4q": 0,
            "gross_profit": null,
            "gross_margin": null,
            "gross_margin_4q_avg": 0,
            "net_income": null,
            "net_income_4q": null,
            "revenue": null,
            "revenue_4q": null,
            "common_shares": null,
            "book_valuer_per_share": null,
            "book_valuer_per_share_4q_avg": 1.85,
            "equity": null,
            "current_ratio": null,
            "debt_ratio": null,
            "inventory_turnover_ratio": null,
            "account_receivable_turnover_ratio": null,
            "reinvestment_rate": null,
            "research_to_sale_ratio": null,
            "price_fair": 0,
            "eps_avg_yearly": 0,
            "eps_latest_yearly": 0,
            "eps_growth_yearly": 0
        },
        "20063": {
            "year_quarter": 20063,
            "year": 2006,
            "quarter": 3,
            "eps": null,
            "eps_growth_year": null,
            "eps_4q": null,
            "eps_4q_growth_year": null,
            "roe": null,
            "roe_4q": 0,
            "gross_profit": null,
            "gross_margin": null,
            "gross_margin_4q_avg": 0,
            "net_income": null,
            "net_income_4q": null,
            "revenue": null,
            "revenue_4q": null,
            "common_shares": null,
            "book_valuer_per_share": null,
            "book_valuer_per_share_4q_avg": 1.85,
            "equity": null,
            "current_ratio": null,
            "debt_ratio": null,
            "inventory_turnover_ratio": null,
            "account_receivable_turnover_ratio": null,
            "reinvestment_rate": null,
            "research_to_sale_ratio": null,
            "price_fair": 0,
            "eps_avg_yearly": 0,
            "eps_latest_yearly": 0,
            "eps_growth_yearly": 0
        },
        "20064": {
            "year_quarter": 20064,
            "year": 2006,
            "quarter": 4,
            "eps": null,
            "eps_growth_year": null,
            "eps_4q": null,
            "eps_4q_growth_year": null,
            "roe": null,
            "roe_4q": 0,
            "gross_profit": null,
            "gross_margin": null,
            "gross_margin_4q_avg": 0,
            "net_income": null,
            "net_income_4q": null,
            "revenue": null,
            "revenue_4q": null,
            "common_shares": 228800,
            "book_valuer_per_share": 8.35,
            "book_valuer_per_share_4q_avg": 2.09,
            "equity": 191085,
            "current_ratio": 155.02,
            "debt_ratio": 44.46,
            "inventory_turnover_ratio": null,
            "account_receivable_turnover_ratio": null,
            "reinvestment_rate": null,
            "research_to_sale_ratio": null,
            "price_fair": 0,
            "eps_avg_yearly": 0,
            "eps_latest_yearly": 0,
            "eps_growth_yearly": 0
        },
        "20071": {
            "year_quarter": 20071,
            "year": 2007,
            "quarter": 1,
            "eps": null,
            "eps_growth_year": null,
            "eps_4q": null,
            "eps_4q_growth_year": null,
            "roe": null,
            "roe_4q": 0,
            "gross_profit": null,
            "gross_margin": null,
            "gross_margin_4q_avg": 0,
            "net_income": null,
            "net_income_4q": null,
            "revenue": null,
            "revenue_4q": null,
            "common_shares": null,
            "book_valuer_per_share": null,
            "book_valuer_per_share_4q_avg": 2.09,
            "equity": null,
            "current_ratio": null,
            "debt_ratio": null,
            "inventory_turnover_ratio": null,
            "account_receivable_turnover_ratio": null,
            "reinvestment_rate": null,
            "research_to_sale_ratio": null,
            "price_fair": 0,
            "eps_avg_yearly": 0,
            "eps_latest_yearly": 0,
            "eps_growth_yearly": 0
        },
        "20072": {
            "year_quarter": 20072,
            "year": 2007,
            "quarter": 2,
            "eps": null,
            "eps_growth_year": null,
            "eps_4q": null,
            "eps_4q_growth_year": null,
            "roe": null,
            "roe_4q": 0,
            "gross_profit": null,
            "gross_margin": null,
            "gross_margin_4q_avg": 0,
            "net_income": null,
            "net_income_4q": null,
            "revenue": null,
            "revenue_4q": null,
            "common_shares": null,
            "book_valuer_per_share": null,
            "book_valuer_per_share_4q_avg": 2.09,
            "equity": null,
            "current_ratio": null,
            "debt_ratio": null,
            "inventory_turnover_ratio": null,
            "account_receivable_turnover_ratio": null,
            "reinvestment_rate": null,
            "research_to_sale_ratio": null,
            "price_fair": 0,
            "eps_avg_yearly": 0,
            "eps_latest_yearly": 0,
            "eps_growth_yearly": 0
        },
        "20073": {
            "year_quarter": 20073,
            "year": 2007,
            "quarter": 3,
            "eps": null,
            "eps_growth_year": null,
            "eps_4q": null,
            "eps_4q_growth_year": null,
            "roe": null,
            "roe_4q": 0,
            "gross_profit": null,
            "gross_margin": null,
            "gross_margin_4q_avg": 0,
            "net_income": null,
            "net_income_4q": null,
            "revenue": null,
            "revenue_4q": null,
            "common_shares": null,
            "book_valuer_per_share": null,
            "book_valuer_per_share_4q_avg": 2.09,
            "equity": null,
            "current_ratio": null,
            "debt_ratio": null,
            "inventory_turnover_ratio": null,
            "account_receivable_turnover_ratio": null,
            "reinvestment_rate": null,
            "research_to_sale_ratio": null,
            "price_fair": 0,
            "eps_avg_yearly": 0,
            "eps_latest_yearly": 0,
            "eps_growth_yearly": 0
        },
        "20074": {
            "year_quarter": 20074,
            "year": 2007,
            "quarter": 4,
            "eps": null,
            "eps_growth_year": null,
            "eps_4q": null,
            "eps_4q_growth_year": null,
            "roe": null,
            "roe_4q": 0,
            "gross_profit": null,
            "gross_margin": null,
            "gross_margin_4q_avg": 0,
            "net_income": null,
            "net_income_4q": null,
            "revenue": null,
            "revenue_4q": null,
            "common_shares": 298800,
            "book_valuer_per_share": 10.31,
            "book_valuer_per_share_4q_avg": 2.58,
            "equity": 308206,
            "current_ratio": 173.51,
            "debt_ratio": 43.49,
            "inventory_turnover_ratio": null,
            "account_receivable_turnover_ratio": null,
            "reinvestment_rate": null,
            "research_to_sale_ratio": null,
            "price_fair": 0,
            "eps_avg_yearly": 0,
            "eps_latest_yearly": 0,
            "eps_growth_yearly": 0
        },
        "20081": {
            "year_quarter": 20081,
            "year": 2008,
            "quarter": 1,
            "eps": -0.02,
            "eps_growth_year": null,
            "eps_4q": null,
            "eps_4q_growth_year": null,
            "roe": -0.24,
            "roe_4q": -0.24,
            "gross_profit": 37412,
            "gross_margin": 21.24,
            "gross_margin_4q_avg": 5.31,
            "net_income": -736,
            "net_income_4q": null,
            "revenue": 176124,
            "revenue_4q": null,
            "common_shares": 298800,
            "book_valuer_per_share": 10.24,
            "book_valuer_per_share_4q_avg": 5.14,
            "equity": 305842,
            "current_ratio": 179.28,
            "debt_ratio": 40.88,
            "inventory_turnover_ratio": 5.42,
            "account_receivable_turnover_ratio": null,
            "reinvestment_rate": null,
            "research_to_sale_ratio": null,
            "price_fair": 0,
            "eps_avg_yearly": 0,
            "eps_latest_yearly": 0,
            "eps_growth_yearly": 0
        },
        "20082": {
            "year_quarter": 20082,
            "year": 2008,
            "quarter": 2,
            "eps": 0.1,
            "eps_growth_year": null,
            "eps_4q": null,
            "eps_4q_growth_year": null,
            "roe": 1,
            "roe_4q": 0.76,
            "gross_profit": 37870,
            "gross_margin": 26.11,
            "gross_margin_4q_avg": 11.84,
            "net_income": 3085,
            "net_income_4q": null,
            "revenue": 145017,
            "revenue_4q": null,
            "common_shares": 298800,
            "book_valuer_per_share": 10.4,
            "book_valuer_per_share_4q_avg": 7.74,
            "equity": 310842,
            "current_ratio": 177.59,
            "debt_ratio": 39.54,
            "inventory_turnover_ratio": 7.3,
            "account_receivable_turnover_ratio": null,
            "reinvestment_rate": null,
            "research_to_sale_ratio": null,
            "price_fair": 0,
            "eps_avg_yearly": 0,
            "eps_latest_yearly": 0,
            "eps_growth_yearly": 0
        },
        "20083": {
            "year_quarter": 20083,
            "year": 2008,
            "quarter": 3,
            "eps": 0.33,
            "eps_growth_year": null,
            "eps_4q": null,
            "eps_4q_growth_year": null,
            "roe": 3.27,
            "roe_4q": 4.029999999999999,
            "gross_profit": 50504,
            "gross_margin": 30.56,
            "gross_margin_4q_avg": 19.48,
            "net_income": 10384,
            "net_income_4q": null,
            "revenue": 165261,
            "revenue_4q": null,
            "common_shares": 298800,
            "book_valuer_per_share": 10.88,
            "book_valuer_per_share_4q_avg": 10.46,
            "equity": 324945,
            "current_ratio": 138.62,
            "debt_ratio": 54.15,
            "inventory_turnover_ratio": 3.43,
            "account_receivable_turnover_ratio": null,
            "reinvestment_rate": null,
            "research_to_sale_ratio": null,
            "price_fair": 46.2,
            "eps_avg_yearly": 1.32,
            "eps_latest_yearly": 1.32,
            "eps_growth_yearly": 920
        },
        "20084": {
            "year_quarter": 20084,
            "year": 2008,
            "quarter": 4,
            "eps": 0.78,
            "eps_growth_year": null,
            "eps_4q": 1.21,
            "eps_4q_growth_year": null,
            "roe": 6.89,
            "roe_4q": 10.92,
            "gross_profit": 73776,
            "gross_margin": 33.48,
            "gross_margin_4q_avg": 27.85,
            "net_income": 23241,
            "net_income_4q": null,
            "revenue": 220329,
            "revenue_4q": null,
            "common_shares": 298800,
            "book_valuer_per_share": 11.72,
            "book_valuer_per_share_4q_avg": 10.81,
            "equity": 350085,
            "current_ratio": 163.89,
            "debt_ratio": 43.13,
            "inventory_turnover_ratio": 4.34,
            "account_receivable_turnover_ratio": 4.88,
            "reinvestment_rate": null,
            "research_to_sale_ratio": null,
            "price_fair": 77.7,
            "eps_avg_yearly": 2.22,
            "eps_latest_yearly": 3.12,
            "eps_growth_yearly": 732.73
        },
        "20091": {
            "year_quarter": 20091,
            "year": 2009,
            "quarter": 1,
            "eps": 0.63,
            "eps_growth_year": null,
            "eps_4q": 1.86,
            "eps_4q_growth_year": null,
            "roe": 5.2,
            "roe_4q": 16.36,
            "gross_profit": 48221,
            "gross_margin": 29.26,
            "gross_margin_4q_avg": 29.85,
            "net_income": 18741,
            "net_income_4q": null,
            "revenue": 164785,
            "revenue_4q": null,
            "common_shares": 298800,
            "book_valuer_per_share": 12.43,
            "book_valuer_per_share_4q_avg": 11.36,
            "equity": 371362,
            "current_ratio": 174.61,
            "debt_ratio": 41.42,
            "inventory_turnover_ratio": 11.81,
            "account_receivable_turnover_ratio": 1.85,
            "reinvestment_rate": null,
            "research_to_sale_ratio": null,
            "price_fair": 81.2,
            "eps_avg_yearly": 2.32,
            "eps_latest_yearly": 2.52,
            "eps_growth_yearly": 462.84
        },
        "20092": {
            "year_quarter": 20092,
            "year": 2009,
            "quarter": 2,
            "eps": 0.33,
            "eps_growth_year": 230,
            "eps_4q": 2.06,
            "eps_4q_growth_year": null,
            "roe": 2.72,
            "roe_4q": 18.08,
            "gross_profit": 48333,
            "gross_margin": 25.69,
            "gross_margin_4q_avg": 29.75,
            "net_income": 9999,
            "net_income_4q": null,
            "revenue": 188163,
            "revenue_4q": null,
            "common_shares": 298800,
            "book_valuer_per_share": 12.18,
            "book_valuer_per_share_4q_avg": 11.8,
            "equity": 363930,
            "current_ratio": 179.01,
            "debt_ratio": 39.79,
            "inventory_turnover_ratio": 14.87,
            "account_receivable_turnover_ratio": 2.44,
            "reinvestment_rate": null,
            "research_to_sale_ratio": null,
            "price_fair": 72.45,
            "eps_avg_yearly": 2.07,
            "eps_latest_yearly": 1.32,
            "eps_growth_yearly": 299.51
        },
        "20093": {
            "year_quarter": 20093,
            "year": 2009,
            "quarter": 3,
            "eps": 0.58,
            "eps_growth_year": 75.76,
            "eps_4q": 2.23,
            "eps_4q_growth_year": null,
            "roe": 4.89,
            "roe_4q": 19.7,
            "gross_profit": 61204,
            "gross_margin": 26.77,
            "gross_margin_4q_avg": 28.8,
            "net_income": 18295,
            "net_income_4q": null,
            "revenue": 228628,
            "revenue_4q": null,
            "common_shares": 317938,
            "book_valuer_per_share": 12.1,
            "book_valuer_per_share_4q_avg": 12.11,
            "equity": 384725,
            "current_ratio": 200.87,
            "debt_ratio": 34.63,
            "inventory_turnover_ratio": 8.47,
            "account_receivable_turnover_ratio": 2.46,
            "reinvestment_rate": null,
            "research_to_sale_ratio": null,
            "price_fair": 74.2,
            "eps_avg_yearly": 2.12,
            "eps_latest_yearly": 2.32,
            "eps_growth_yearly": 300.22
        },
        "20094": {
            "year_quarter": 20094,
            "year": 2009,
            "quarter": 4,
            "eps": 0.16,
            "eps_growth_year": -79.49,
            "eps_4q": 1.5,
            "eps_4q_growth_year": 24.09,
            "roe": 1.22,
            "roe_4q": 14.030000000000001,
            "gross_profit": 54757,
            "gross_margin": 25.23,
            "gross_margin_4q_avg": 26.74,
            "net_income": 5152,
            "net_income_4q": null,
            "revenue": 217045,
            "revenue_4q": null,
            "common_shares": 348330,
            "book_valuer_per_share": 13.11,
            "book_valuer_per_share_4q_avg": 12.46,
            "equity": 456638,
            "current_ratio": 223.24,
            "debt_ratio": 32.87,
            "inventory_turnover_ratio": 7.37,
            "account_receivable_turnover_ratio": 3.72,
            "reinvestment_rate": null,
            "research_to_sale_ratio": null,
            "price_fair": 65.57,
            "eps_avg_yearly": 1.87,
            "eps_latest_yearly": 0.64,
            "eps_growth_yearly": 201.91
        },
        "20101": {
            "year_quarter": 20101,
            "year": 2010,
            "quarter": 1,
            "eps": 0.18,
            "eps_growth_year": -71.43,
            "eps_4q": 1.13,
            "eps_4q_growth_year": -39.45,
            "roe": 1.37,
            "roe_4q": 10.2,
            "gross_profit": 52873,
            "gross_margin": 27.12,
            "gross_margin_4q_avg": 26.2,
            "net_income": 6346,
            "net_income_4q": null,
            "revenue": 194971,
            "revenue_4q": null,
            "common_shares": 352530,
            "book_valuer_per_share": 13.31,
            "book_valuer_per_share_4q_avg": 12.68,
            "equity": 469375,
            "current_ratio": 219.18,
            "debt_ratio": 34.45,
            "inventory_turnover_ratio": 7.36,
            "account_receivable_turnover_ratio": 1.72,
            "reinvestment_rate": null,
            "research_to_sale_ratio": 4.86,
            "price_fair": 59.8,
            "eps_avg_yearly": 1.71,
            "eps_latest_yearly": 0.72,
            "eps_growth_yearly": 180.2
        },
        "20102": {
            "year_quarter": 20102,
            "year": 2010,
            "quarter": 2,
            "eps": -0.27,
            "eps_growth_year": -181.9,
            "eps_4q": 0.57,
            "eps_4q_growth_year": -72.08,
            "roe": -2.13,
            "roe_4q": 5.35,
            "gross_profit": 34422,
            "gross_margin": 17.22,
            "gross_margin_4q_avg": 24.09,
            "net_income": -9531,
            "net_income_4q": null,
            "revenue": 199892,
            "revenue_4q": null,
            "common_shares": 352630,
            "book_valuer_per_share": 12.11,
            "book_valuer_per_share_4q_avg": 12.66,
            "equity": 426983,
            "current_ratio": 161.87,
            "debt_ratio": 44.98,
            "inventory_turnover_ratio": 5.1,
            "account_receivable_turnover_ratio": 1.7,
            "reinvestment_rate": null,
            "research_to_sale_ratio": 4.27,
            "price_fair": 59.8,
            "eps_avg_yearly": 1.71,
            "eps_latest_yearly": 0.72,
            "eps_growth_yearly": 180.2
        },
        "20103": {
            "year_quarter": 20103,
            "year": 2010,
            "quarter": 3,
            "eps": -0.56,
            "eps_growth_year": -195.8,
            "eps_4q": -0.51,
            "eps_4q_growth_year": -122.68,
            "roe": -4.7,
            "roe_4q": -4.24,
            "gross_profit": 19322,
            "gross_margin": 8.96,
            "gross_margin_4q_avg": 19.63,
            "net_income": -21706,
            "net_income_4q": null,
            "revenue": 215656,
            "revenue_4q": null,
            "common_shares": 390630,
            "book_valuer_per_share": 12.72,
            "book_valuer_per_share_4q_avg": 12.81,
            "equity": 496731,
            "current_ratio": 125.55,
            "debt_ratio": 48.13,
            "inventory_turnover_ratio": 3.94,
            "account_receivable_turnover_ratio": 2,
            "reinvestment_rate": null,
            "research_to_sale_ratio": 5.67,
            "price_fair": 59.8,
            "eps_avg_yearly": 1.71,
            "eps_latest_yearly": 0.72,
            "eps_growth_yearly": 180.2
        },
        "20104": {
            "year_quarter": 20104,
            "year": 2010,
            "quarter": 4,
            "eps": -1.07,
            "eps_growth_year": -768.1,
            "eps_4q": -1.71,
            "eps_4q_growth_year": -213.88,
            "roe": -8.83,
            "roe_4q": -14.29,
            "gross_profit": 38185,
            "gross_margin": 17.43,
            "gross_margin_4q_avg": 17.68,
            "net_income": -41757,
            "net_income_4q": null,
            "revenue": 219137,
            "revenue_4q": null,
            "common_shares": 390630,
            "book_valuer_per_share": 11.49,
            "book_valuer_per_share_4q_avg": 12.41,
            "equity": 448981,
            "current_ratio": 108.95,
            "debt_ratio": 49.22,
            "inventory_turnover_ratio": 3.21,
            "account_receivable_turnover_ratio": 2.57,
            "reinvestment_rate": null,
            "research_to_sale_ratio": 4.33,
            "price_fair": 59.8,
            "eps_avg_yearly": 1.71,
            "eps_latest_yearly": 0.72,
            "eps_growth_yearly": 180.2
        },
        "20111": {
            "year_quarter": 20111,
            "year": 2011,
            "quarter": 1,
            "eps": -0.45,
            "eps_growth_year": -350,
            "eps_4q": -1.71,
            "eps_4q_growth_year": -251.48,
            "roe": -3.98,
            "roe_4q": -19.64,
            "gross_profit": 33886,
            "gross_margin": 15.06,
            "gross_margin_4q_avg": 14.67,
            "net_income": -22865,
            "net_income_4q": null,
            "revenue": 225037,
            "revenue_4q": null,
            "common_shares": 560630,
            "book_valuer_per_share": 12.49,
            "book_valuer_per_share_4q_avg": 12.2,
            "equity": 700466,
            "current_ratio": 161,
            "debt_ratio": 40.82,
            "inventory_turnover_ratio": 3.3,
            "account_receivable_turnover_ratio": 2.63,
            "reinvestment_rate": null,
            "research_to_sale_ratio": 3.94,
            "price_fair": 59.8,
            "eps_avg_yearly": 1.71,
            "eps_latest_yearly": 0.72,
            "eps_growth_yearly": 180.2
        },
        "20112": {
            "year_quarter": 20112,
            "year": 2011,
            "quarter": 2,
            "eps": -0.22,
            "eps_growth_year": null,
            "eps_4q": -1.76,
            "eps_4q_growth_year": -405.59,
            "roe": -1.75,
            "roe_4q": -19.26,
            "gross_profit": 14490,
            "gross_margin": 4.13,
            "gross_margin_4q_avg": 11.4,
            "net_income": -12115,
            "net_income_4q": null,
            "revenue": 350977,
            "revenue_4q": null,
            "common_shares": 560630,
            "book_valuer_per_share": 12.25,
            "book_valuer_per_share_4q_avg": 12.24,
            "equity": 686974,
            "current_ratio": 146.84,
            "debt_ratio": 46.52,
            "inventory_turnover_ratio": 5.28,
            "account_receivable_turnover_ratio": 3.03,
            "reinvestment_rate": null,
            "research_to_sale_ratio": 2.16,
            "price_fair": 59.8,
            "eps_avg_yearly": 1.71,
            "eps_latest_yearly": 0.72,
            "eps_growth_yearly": 180.2
        },
        "20113": {
            "year_quarter": 20113,
            "year": 2011,
            "quarter": 3,
            "eps": 0.41,
            "eps_growth_year": null,
            "eps_4q": -0.96,
            "eps_4q_growth_year": null,
            "roe": 3.26,
            "roe_4q": -11.3,
            "gross_profit": 116344,
            "gross_margin": 39.15,
            "gross_margin_4q_avg": 18.94,
            "net_income": 22936,
            "net_income_4q": null,
            "revenue": 297212,
            "revenue_4q": null,
            "common_shares": 560780,
            "book_valuer_per_share": 12.85,
            "book_valuer_per_share_4q_avg": 12.27,
            "equity": 720406,
            "current_ratio": 163.61,
            "debt_ratio": 40.68,
            "inventory_turnover_ratio": 3.2,
            "account_receivable_turnover_ratio": 2.05,
            "reinvestment_rate": null,
            "research_to_sale_ratio": 3.24,
            "price_fair": 59.8,
            "eps_avg_yearly": 1.71,
            "eps_latest_yearly": 0.72,
            "eps_growth_yearly": 180.2
        },
        "20114": {
            "year_quarter": 20114,
            "year": 2011,
            "quarter": 4,
            "eps": 0.02,
            "eps_growth_year": null,
            "eps_4q": -0.2,
            "eps_4q_growth_year": null,
            "roe": 0.15,
            "roe_4q": -2.3200000000000003,
            "gross_profit": 31067,
            "gross_margin": 18.21,
            "gross_margin_4q_avg": 19.14,
            "net_income": 1068,
            "net_income_4q": null,
            "revenue": 170585,
            "revenue_4q": null,
            "common_shares": 560780,
            "book_valuer_per_share": 12.85,
            "book_valuer_per_share_4q_avg": 12.61,
            "equity": 720702,
            "current_ratio": 212.68,
            "debt_ratio": 33.12,
            "inventory_turnover_ratio": 3.82,
            "account_receivable_turnover_ratio": 1.45,
            "reinvestment_rate": 3747.62,
            "research_to_sale_ratio": 5.38,
            "price_fair": 52.68,
            "eps_avg_yearly": 1.51,
            "eps_latest_yearly": 0.08,
            "eps_growth_yearly": 110.12
        },
        "20121": {
            "year_quarter": 20121,
            "year": 2012,
            "quarter": 1,
            "eps": -0.34,
            "eps_growth_year": null,
            "eps_4q": -0.13,
            "eps_4q_growth_year": null,
            "roe": -2.67,
            "roe_4q": -1.0100000000000002,
            "gross_profit": 3191,
            "gross_margin": 3.26,
            "gross_margin_4q_avg": 16.19,
            "net_income": -18947,
            "net_income_4q": null,
            "revenue": 97960,
            "revenue_4q": null,
            "common_shares": 560780,
            "book_valuer_per_share": 12.48,
            "book_valuer_per_share_4q_avg": 12.61,
            "equity": 699783,
            "current_ratio": 230.57,
            "debt_ratio": 30.06,
            "inventory_turnover_ratio": 3.35,
            "account_receivable_turnover_ratio": 1.13,
            "reinvestment_rate": null,
            "research_to_sale_ratio": 3.35,
            "price_fair": 52.68,
            "eps_avg_yearly": 1.51,
            "eps_latest_yearly": 0.08,
            "eps_growth_yearly": 110.12
        },
        "20122": {
            "year_quarter": 20122,
            "year": 2012,
            "quarter": 2,
            "eps": -0.27,
            "eps_growth_year": null,
            "eps_4q": -0.18,
            "eps_4q_growth_year": null,
            "roe": -2.22,
            "roe_4q": -1.4800000000000004,
            "gross_profit": 11231,
            "gross_margin": 8.48,
            "gross_margin_4q_avg": 17.28,
            "net_income": -15345,
            "net_income_4q": null,
            "revenue": 132399,
            "revenue_4q": null,
            "common_shares": 560780,
            "book_valuer_per_share": 12.21,
            "book_valuer_per_share_4q_avg": 12.6,
            "equity": 684697,
            "current_ratio": 224.74,
            "debt_ratio": 29.4,
            "inventory_turnover_ratio": 4.03,
            "account_receivable_turnover_ratio": 1.52,
            "reinvestment_rate": null,
            "research_to_sale_ratio": 2.5,
            "price_fair": 52.68,
            "eps_avg_yearly": 1.51,
            "eps_latest_yearly": 0.08,
            "eps_growth_yearly": 110.12
        },
        "20123": {
            "year_quarter": 20123,
            "year": 2012,
            "quarter": 3,
            "eps": 1.19,
            "eps_growth_year": 191.5,
            "eps_4q": 0.53,
            "eps_4q_growth_year": null,
            "roe": 8.74,
            "roe_4q": 3.9999999999999996,
            "gross_profit": 1893,
            "gross_margin": 1.73,
            "gross_margin_4q_avg": 7.92,
            "net_income": 59874,
            "net_income_4q": null,
            "revenue": 109725,
            "revenue_4q": null,
            "common_shares": 560780,
            "book_valuer_per_share": 13.65,
            "book_valuer_per_share_4q_avg": 12.8,
            "equity": 685284,
            "current_ratio": 308.57,
            "debt_ratio": 27.42,
            "inventory_turnover_ratio": 3.86,
            "account_receivable_turnover_ratio": 1.18,
            "reinvestment_rate": 1152.88,
            "research_to_sale_ratio": 2.23,
            "price_fair": 4.59,
            "eps_avg_yearly": 1.53,
            "eps_latest_yearly": 0.08,
            "eps_growth_yearly": -5.58
        },
        "20124": {
            "year_quarter": 20124,
            "year": 2012,
            "quarter": 4,
            "eps": -0.47,
            "eps_growth_year": -2588.13,
            "eps_4q": 0.04,
            "eps_4q_growth_year": null,
            "roe": -3.53,
            "roe_4q": 0.32000000000000073,
            "gross_profit": 7720,
            "gross_margin": 7.1,
            "gross_margin_4q_avg": 5.14,
            "net_income": -23797,
            "net_income_4q": null,
            "revenue": 108675,
            "revenue_4q": null,
            "common_shares": 560780,
            "book_valuer_per_share": 13.19,
            "book_valuer_per_share_4q_avg": 12.88,
            "equity": 662313,
            "current_ratio": 280.54,
            "debt_ratio": 24.29,
            "inventory_turnover_ratio": 4.97,
            "account_receivable_turnover_ratio": 1.3,
            "reinvestment_rate": null,
            "research_to_sale_ratio": 3.09,
            "price_fair": 3.8,
            "eps_avg_yearly": 1.27,
            "eps_latest_yearly": 0.08,
            "eps_growth_yearly": -97.42
        },
        "20131": {
            "year_quarter": 20131,
            "year": 2013,
            "quarter": 1,
            "eps": -0.47,
            "eps_growth_year": null,
            "eps_4q": -0.06,
            "eps_4q_growth_year": null,
            "roe": -3.62,
            "roe_4q": -0.6300000000000003,
            "gross_profit": 7038,
            "gross_margin": 6.66,
            "gross_margin_4q_avg": 5.99,
            "net_income": -23606,
            "net_income_4q": null,
            "revenue": 105629,
            "revenue_4q": null,
            "common_shares": 560780,
            "book_valuer_per_share": 12.79,
            "book_valuer_per_share_4q_avg": 12.96,
            "equity": 642523,
            "current_ratio": 253.77,
            "debt_ratio": 26.91,
            "inventory_turnover_ratio": 6.07,
            "account_receivable_turnover_ratio": 1.26,
            "reinvestment_rate": null,
            "research_to_sale_ratio": 3.39,
            "price_fair": 3.05,
            "eps_avg_yearly": 1.02,
            "eps_latest_yearly": 0.08,
            "eps_growth_yearly": -101.52
        },
        "20132": {
            "year_quarter": 20132,
            "year": 2013,
            "quarter": 2,
            "eps": -0.6,
            "eps_growth_year": null,
            "eps_4q": -0.35,
            "eps_4q_growth_year": null,
            "roe": -4.8,
            "roe_4q": -3.209999999999999,
            "gross_profit": 450,
            "gross_margin": 0.44,
            "gross_margin_4q_avg": 3.98,
            "net_income": -30207,
            "net_income_4q": null,
            "revenue": 102351,
            "revenue_4q": null,
            "common_shares": 560780,
            "book_valuer_per_share": 12.27,
            "book_valuer_per_share_4q_avg": 12.98,
            "equity": 615944,
            "current_ratio": 247.84,
            "debt_ratio": 25.57,
            "inventory_turnover_ratio": 5.62,
            "account_receivable_turnover_ratio": 1.06,
            "reinvestment_rate": null,
            "research_to_sale_ratio": 2.11,
            "price_fair": 2.82,
            "eps_avg_yearly": 0.94,
            "eps_latest_yearly": 0.08,
            "eps_growth_yearly": -79.28
        },
        "20133": {
            "year_quarter": 20133,
            "year": 2013,
            "quarter": 3,
            "eps": -0.49,
            "eps_growth_year": -141.1,
            "eps_4q": -2.03,
            "eps_4q_growth_year": -483.21,
            "roe": -3.98,
            "roe_4q": -15.929999999999998,
            "gross_profit": 3739,
            "gross_margin": 3.21,
            "gross_margin_4q_avg": 4.35,
            "net_income": -24583,
            "net_income_4q": null,
            "revenue": 116480,
            "revenue_4q": null,
            "common_shares": 560780,
            "book_valuer_per_share": 11.75,
            "book_valuer_per_share_4q_avg": 12.5,
            "equity": 619618,
            "current_ratio": 253.41,
            "debt_ratio": 25.83,
            "inventory_turnover_ratio": 4.65,
            "account_receivable_turnover_ratio": 1.15,
            "reinvestment_rate": null,
            "research_to_sale_ratio": 2.17,
            "price_fair": 1.44,
            "eps_avg_yearly": 0.48,
            "eps_latest_yearly": 0.08,
            "eps_growth_yearly": -206.71
        },
        "20134": {
            "year_quarter": 20134,
            "year": 2013,
            "quarter": 4,
            "eps": -0.62,
            "eps_growth_year": null,
            "eps_4q": -2.18,
            "eps_4q_growth_year": -6234.4,
            "roe": -5.16,
            "roe_4q": -17.560000000000002,
            "gross_profit": 12036,
            "gross_margin": 8.76,
            "gross_margin_4q_avg": 4.77,
            "net_income": -31244,
            "net_income_4q": null,
            "revenue": 137327,
            "revenue_4q": null,
            "common_shares": 560780,
            "book_valuer_per_share": 11.17,
            "book_valuer_per_share_4q_avg": 12,
            "equity": 590523,
            "current_ratio": 221.73,
            "debt_ratio": 30.87,
            "inventory_turnover_ratio": 0.96,
            "account_receivable_turnover_ratio": 1.13,
            "reinvestment_rate": null,
            "research_to_sale_ratio": 1.45,
            "price_fair": 1.2,
            "eps_avg_yearly": 0.4,
            "eps_latest_yearly": 0.08,
            "eps_growth_yearly": -165.24
        },
        "20141": {
            "year_quarter": 20141,
            "year": 2014,
            "quarter": 1,
            "eps": -0.56,
            "eps_growth_year": null,
            "eps_4q": -2.27,
            "eps_4q_growth_year": null,
            "roe": -4.88,
            "roe_4q": -18.82,
            "gross_profit": 335,
            "gross_margin": 0.32,
            "gross_margin_4q_avg": 3.18,
            "net_income": -28156,
            "net_income_4q": null,
            "revenue": 106081,
            "revenue_4q": null,
            "common_shares": 560780,
            "book_valuer_per_share": 10.65,
            "book_valuer_per_share_4q_avg": 11.46,
            "equity": 564223,
            "current_ratio": 195.92,
            "debt_ratio": 41.48,
            "inventory_turnover_ratio": 0.44,
            "account_receivable_turnover_ratio": 1.03,
            "reinvestment_rate": null,
            "research_to_sale_ratio": 2.35,
            "price_fair": 0.24,
            "eps_avg_yearly": 0.08,
            "eps_latest_yearly": 0.08,
            "eps_growth_yearly": -380.49
        },
        "20142": {
            "year_quarter": 20142,
            "year": 2014,
            "quarter": 2,
            "eps": -2.05,
            "eps_growth_year": null,
            "eps_4q": -3.71,
            "eps_4q_growth_year": null,
            "roe": -20.18,
            "roe_4q": -34.199999999999996,
            "gross_profit": 26604,
            "gross_margin": 13.71,
            "gross_margin_4q_avg": 6.5,
            "net_income": -103195,
            "net_income_4q": null,
            "revenue": 194058,
            "revenue_4q": null,
            "common_shares": 560780,
            "book_valuer_per_share": 8.55,
            "book_valuer_per_share_4q_avg": 10.53,
            "equity": 458327,
            "current_ratio": 231.38,
            "debt_ratio": 54.49,
            "inventory_turnover_ratio": 0.45,
            "account_receivable_turnover_ratio": 1.51,
            "reinvestment_rate": null,
            "research_to_sale_ratio": 1.43,
            "price_fair": 0.24,
            "eps_avg_yearly": 0.08,
            "eps_latest_yearly": 0.08,
            "eps_growth_yearly": -380.49
        },
        "20143": {
            "year_quarter": 20143,
            "year": 2014,
            "quarter": 3,
            "eps": 0.15,
            "eps_growth_year": null,
            "eps_4q": -3.07,
            "eps_4q_growth_year": null,
            "roe": 1.55,
            "roe_4q": -28.669999999999998,
            "gross_profit": 40818,
            "gross_margin": 23.43,
            "gross_margin_4q_avg": 11.56,
            "net_income": 7154,
            "net_income_4q": null,
            "revenue": 174231,
            "revenue_4q": null,
            "common_shares": 560780,
            "book_valuer_per_share": 8.72,
            "book_valuer_per_share_4q_avg": 9.77,
            "equity": 466724,
            "current_ratio": 166.45,
            "debt_ratio": 53.15,
            "inventory_turnover_ratio": 0.27,
            "account_receivable_turnover_ratio": 0.97,
            "reinvestment_rate": null,
            "research_to_sale_ratio": 1.41,
            "price_fair": 0.24,
            "eps_avg_yearly": 0.08,
            "eps_latest_yearly": 0.08,
            "eps_growth_yearly": -380.49
        },
        "20144": {
            "year_quarter": 20144,
            "year": 2014,
            "quarter": 4,
            "eps": 0.05,
            "eps_growth_year": null,
            "eps_4q": -2.4,
            "eps_4q_growth_year": null,
            "roe": 0.51,
            "roe_4q": -23,
            "gross_profit": 35251,
            "gross_margin": 19.16,
            "gross_margin_4q_avg": 14.16,
            "net_income": 2402,
            "net_income_4q": null,
            "revenue": 183999,
            "revenue_4q": null,
            "common_shares": 560780,
            "book_valuer_per_share": 8.83,
            "book_valuer_per_share_4q_avg": 9.19,
            "equity": 472252,
            "current_ratio": 161.93,
            "debt_ratio": 54.57,
            "inventory_turnover_ratio": 0.29,
            "account_receivable_turnover_ratio": 1.24,
            "reinvestment_rate": null,
            "research_to_sale_ratio": 1.78,
            "price_fair": 0.42,
            "eps_avg_yearly": 0.14,
            "eps_latest_yearly": 0.2,
            "eps_growth_yearly": -323.58
        },
        "20151": {
            "year_quarter": 20151,
            "year": 2015,
            "quarter": 1,
            "eps": -0.16,
            "eps_growth_year": null,
            "eps_4q": -2.01,
            "eps_4q_growth_year": null,
            "roe": -1.78,
            "roe_4q": -19.9,
            "gross_profit": 26284,
            "gross_margin": 16.34,
            "gross_margin_4q_avg": 18.16,
            "net_income": -8373,
            "net_income_4q": null,
            "revenue": 160821,
            "revenue_4q": null,
            "common_shares": 560780,
            "book_valuer_per_share": 8.79,
            "book_valuer_per_share_4q_avg": 8.72,
            "equity": 469879,
            "current_ratio": 202.37,
            "debt_ratio": 58.6,
            "inventory_turnover_ratio": 0.26,
            "account_receivable_turnover_ratio": 1.72,
            "reinvestment_rate": null,
            "research_to_sale_ratio": 1.51,
            "price_fair": 0.42,
            "eps_avg_yearly": 0.14,
            "eps_latest_yearly": 0.2,
            "eps_growth_yearly": -323.58
        },
        "20152": {
            "year_quarter": 20152,
            "year": 2015,
            "quarter": 2,
            "eps": -0.04,
            "eps_growth_year": null,
            "eps_4q": 0,
            "eps_4q_growth_year": null,
            "roe": -0.5,
            "roe_4q": -0.2200000000000002,
            "gross_profit": 22904,
            "gross_margin": 12.98,
            "gross_margin_4q_avg": 17.98,
            "net_income": -2357,
            "net_income_4q": null,
            "revenue": 176454,
            "revenue_4q": null,
            "common_shares": 560780,
            "book_valuer_per_share": 8.72,
            "book_valuer_per_share_4q_avg": 8.77,
            "equity": 466094,
            "current_ratio": 193.23,
            "debt_ratio": 59.67,
            "inventory_turnover_ratio": 0.3,
            "account_receivable_turnover_ratio": 1.63,
            "reinvestment_rate": null,
            "research_to_sale_ratio": 1.54,
            "price_fair": 0.42,
            "eps_avg_yearly": 0.14,
            "eps_latest_yearly": 0.2,
            "eps_growth_yearly": -323.58
        },
        "20153": {
            "year_quarter": 20153,
            "year": 2015,
            "quarter": 3,
            "eps": 0.07,
            "eps_growth_year": -53.33,
            "eps_4q": -0.08,
            "eps_4q_growth_year": null,
            "roe": 0.71,
            "roe_4q": -1.06,
            "gross_profit": 26331,
            "gross_margin": 13.68,
            "gross_margin_4q_avg": 15.54,
            "net_income": 3356,
            "net_income_4q": null,
            "revenue": 192523,
            "revenue_4q": null,
            "common_shares": 560780,
            "book_valuer_per_share": 8.9,
            "book_valuer_per_share_4q_avg": 8.81,
            "equity": 474524,
            "current_ratio": 185.24,
            "debt_ratio": 59.81,
            "inventory_turnover_ratio": 0.32,
            "account_receivable_turnover_ratio": 1.15,
            "reinvestment_rate": null,
            "research_to_sale_ratio": 1.17,
            "price_fair": 0.42,
            "eps_avg_yearly": 0.14,
            "eps_latest_yearly": 0.2,
            "eps_growth_yearly": -323.58
        },
        "20154": {
            "year_quarter": 20154,
            "year": 2015,
            "quarter": 4,
            "eps": 0.18,
            "eps_growth_year": 237.65,
            "eps_4q": 0.05,
            "eps_4q_growth_year": null,
            "roe": 1.79,
            "roe_4q": 0.21999999999999997,
            "gross_profit": 35868,
            "gross_margin": 14.67,
            "gross_margin_4q_avg": 14.42,
            "net_income": 8545,
            "net_income_4q": null,
            "revenue": 244541,
            "revenue_4q": null,
            "common_shares": 560780,
            "book_valuer_per_share": 9.01,
            "book_valuer_per_share_4q_avg": 8.86,
            "equity": 479777,
            "current_ratio": 172.74,
            "debt_ratio": 61.2,
            "inventory_turnover_ratio": 0.39,
            "account_receivable_turnover_ratio": 1.46,
            "reinvestment_rate": null,
            "research_to_sale_ratio": 0.88,
            "price_fair": 16.1,
            "eps_avg_yearly": 0.46,
            "eps_latest_yearly": 0.72,
            "eps_growth_yearly": 180.95
        },
        "20161": {
            "year_quarter": 20161,
            "year": 2016,
            "quarter": 1,
            "eps": 0.03,
            "eps_growth_year": null,
            "eps_4q": 0.23,
            "eps_4q_growth_year": null,
            "roe": 0.23,
            "roe_4q": 2.23,
            "gross_profit": 18081,
            "gross_margin": 9.75,
            "gross_margin_4q_avg": 12.77,
            "net_income": 1084,
            "net_income_4q": null,
            "revenue": 185442,
            "revenue_4q": null,
            "common_shares": 560780,
            "book_valuer_per_share": 8.87,
            "book_valuer_per_share_4q_avg": 8.88,
            "equity": 472884,
            "current_ratio": 134.86,
            "debt_ratio": 59.7,
            "inventory_turnover_ratio": 0.31,
            "account_receivable_turnover_ratio": 1.18,
            "reinvestment_rate": null,
            "research_to_sale_ratio": 1.22,
            "price_fair": 6.77,
            "eps_avg_yearly": 0.35,
            "eps_latest_yearly": 0.12,
            "eps_growth_yearly": 9.52
        },
        "20162": {
            "year_quarter": 20162,
            "year": 2016,
            "quarter": 2,
            "eps": 0.33,
            "eps_growth_year": null,
            "eps_4q": 0.61,
            "eps_4q_growth_year": 66120.85,
            "roe": 3.42,
            "roe_4q": 6.1499999999999995,
            "gross_profit": 38339,
            "gross_margin": 17.27,
            "gross_margin_4q_avg": 13.84,
            "net_income": 16380,
            "net_income_4q": null,
            "revenue": 221935,
            "revenue_4q": null,
            "common_shares": 560780,
            "book_valuer_per_share": 9.12,
            "book_valuer_per_share_4q_avg": 8.98,
            "equity": 484702,
            "current_ratio": 133.85,
            "debt_ratio": 60.84,
            "inventory_turnover_ratio": 0.34,
            "account_receivable_turnover_ratio": 1.21,
            "reinvestment_rate": null,
            "research_to_sale_ratio": 1.16,
            "price_fair": 20.65,
            "eps_avg_yearly": 0.59,
            "eps_latest_yearly": 1.32,
            "eps_growth_yearly": 1007.14
        },
        "20163": {
            "year_quarter": 20163,
            "year": 2016,
            "quarter": 3,
            "eps": 0.75,
            "eps_growth_year": 971.43,
            "eps_4q": 1.25,
            "eps_4q_growth_year": null,
            "roe": 7.43,
            "roe_4q": 12.870000000000001,
            "gross_profit": 77368,
            "gross_margin": 23.98,
            "gross_margin_4q_avg": 16.42,
            "net_income": 38040,
            "net_income_4q": null,
            "revenue": 322645,
            "revenue_4q": null,
            "common_shares": 560780,
            "book_valuer_per_share": 9.88,
            "book_valuer_per_share_4q_avg": 9.22,
            "equity": 539324,
            "current_ratio": 137.25,
            "debt_ratio": 61.28,
            "inventory_turnover_ratio": 0.44,
            "account_receivable_turnover_ratio": 1.22,
            "reinvestment_rate": null,
            "research_to_sale_ratio": 0.85,
            "price_fair": 37.52,
            "eps_avg_yearly": 1.07,
            "eps_latest_yearly": 3,
            "eps_growth_yearly": 907.53
        },
        "20164": {
            "year_quarter": 20164,
            "year": 2016,
            "quarter": 4,
            "eps": 0.67,
            "eps_growth_year": 281.15,
            "eps_4q": 1.67,
            "eps_4q_growth_year": 3506.2,
            "roe": 6.41,
            "roe_4q": 17.49,
            "gross_profit": 84863,
            "gross_margin": 22.15,
            "gross_margin_4q_avg": 18.29,
            "net_income": 37261,
            "net_income_4q": null,
            "revenue": 383126,
            "revenue_4q": null,
            "common_shares": 574834,
            "book_valuer_per_share": 10.63,
            "book_valuer_per_share_4q_avg": 9.63,
            "equity": 622696,
            "current_ratio": 146.3,
            "debt_ratio": 55.59,
            "inventory_turnover_ratio": 0.52,
            "account_receivable_turnover_ratio": 1.14,
            "reinvestment_rate": null,
            "research_to_sale_ratio": 0.79,
            "price_fair": 46.9,
            "eps_avg_yearly": 1.34,
            "eps_latest_yearly": 2.68,
            "eps_growth_yearly": 749.17
        },
        "20171": {
            "year_quarter": 20171,
            "year": 2017,
            "quarter": 1,
            "eps": 0.25,
            "eps_growth_year": 733.33,
            "eps_4q": 1.89,
            "eps_4q_growth_year": 705.12,
            "roe": 2.18,
            "roe_4q": 19.439999999999998,
            "gross_profit": 67984,
            "gross_margin": 22.35,
            "gross_margin_4q_avg": 21.44,
            "net_income": 13661,
            "net_income_4q": null,
            "revenue": 304195,
            "revenue_4q": null,
            "common_shares": 616996,
            "book_valuer_per_share": 10.75,
            "book_valuer_per_share_4q_avg": 10.1,
            "equity": 632470,
            "current_ratio": 154.29,
            "debt_ratio": 52.93,
            "inventory_turnover_ratio": 0.41,
            "account_receivable_turnover_ratio": 1.02,
            "reinvestment_rate": null,
            "research_to_sale_ratio": 1.33,
            "price_fair": 45.2,
            "eps_avg_yearly": 1.29,
            "eps_latest_yearly": 1,
            "eps_growth_yearly": 606.32
        },
        "20172": {
            "year_quarter": 20172,
            "year": 2017,
            "quarter": 2,
            "eps": 0.43,
            "eps_growth_year": 30.3,
            "eps_4q": 2.02,
            "eps_4q_growth_year": 233.35,
            "roe": 3.72,
            "roe_4q": 19.740000000000002,
            "gross_profit": 82315,
            "gross_margin": 23.37,
            "gross_margin_4q_avg": 22.96,
            "net_income": 24067,
            "net_income_4q": null,
            "revenue": 352200,
            "revenue_4q": null,
            "common_shares": 620059,
            "book_valuer_per_share": 11.24,
            "book_valuer_per_share_4q_avg": 10.63,
            "equity": 659946,
            "current_ratio": 147.94,
            "debt_ratio": 54.07,
            "inventory_turnover_ratio": 0.46,
            "account_receivable_turnover_ratio": 1.33,
            "reinvestment_rate": null,
            "research_to_sale_ratio": 1.47,
            "price_fair": 47.08,
            "eps_avg_yearly": 1.35,
            "eps_latest_yearly": 1.72,
            "eps_growth_yearly": 566.53
        },
        "20173": {
            "year_quarter": 20173,
            "year": 2017,
            "quarter": 3,
            "eps": 0.68,
            "eps_growth_year": -9.33,
            "eps_4q": 1.78,
            "eps_4q_growth_year": 42.22,
            "roe": 5.71,
            "roe_4q": 18.02,
            "gross_profit": 91769,
            "gross_margin": 15.27,
            "gross_margin_4q_avg": 20.79,
            "net_income": 42029,
            "net_income_4q": null,
            "revenue": 600947,
            "revenue_4q": null,
            "common_shares": 620059,
            "book_valuer_per_share": 11.89,
            "book_valuer_per_share_4q_avg": 11.13,
            "equity": 811950,
            "current_ratio": 155.94,
            "debt_ratio": 54.73,
            "inventory_turnover_ratio": 0.81,
            "account_receivable_turnover_ratio": 1.75,
            "reinvestment_rate": -86.11,
            "research_to_sale_ratio": 0.71,
            "price_fair": 52.42,
            "eps_avg_yearly": 1.5,
            "eps_latest_yearly": 2.72,
            "eps_growth_yearly": 529.42
        },
        "20174": {
            "year_quarter": 20174,
            "year": 2017,
            "quarter": 4,
            "eps": 0.59,
            "eps_growth_year": -11.6,
            "eps_4q": 1.77,
            "eps_4q_growth_year": 5.61,
            "roe": 4.76,
            "roe_4q": 16.37,
            "gross_profit": 89604,
            "gross_margin": 13.07,
            "gross_margin_4q_avg": 18.52,
            "net_income": 40221,
            "net_income_4q": null,
            "revenue": 685597,
            "revenue_4q": null,
            "common_shares": 740960,
            "book_valuer_per_share": 12.43,
            "book_valuer_per_share_4q_avg": 11.58,
            "equity": 876704,
            "current_ratio": 160.69,
            "debt_ratio": 53.77,
            "inventory_turnover_ratio": 0.9,
            "account_receivable_turnover_ratio": 1.36,
            "reinvestment_rate": -2.05,
            "research_to_sale_ratio": 0.45,
            "price_fair": 55.44,
            "eps_avg_yearly": 1.58,
            "eps_latest_yearly": 2.36,
            "eps_growth_yearly": 471.19
        },
        "20181": {
            "year_quarter": 20181,
            "year": 2018,
            "quarter": 1,
            "eps": 0.07,
            "eps_growth_year": -72,
            "eps_4q": 1.63,
            "eps_4q_growth_year": -13.61,
            "roe": 0.49,
            "roe_4q": 14.680000000000001,
            "gross_profit": 53107,
            "gross_margin": 9.57,
            "gross_margin_4q_avg": 15.32,
            "net_income": 4320,
            "net_income_4q": null,
            "revenue": 554700,
            "revenue_4q": null,
            "common_shares": 740960,
            "book_valuer_per_share": 12.44,
            "book_valuer_per_share_4q_avg": 12,
            "equity": 877174,
            "current_ratio": 166.1,
            "debt_ratio": 51.89,
            "inventory_turnover_ratio": 0.73,
            "account_receivable_turnover_ratio": 1,
            "reinvestment_rate": -20.26,
            "research_to_sale_ratio": 0.57,
            "price_fair": 51.29,
            "eps_avg_yearly": 1.47,
            "eps_latest_yearly": 0.28,
            "eps_growth_yearly": 396.3
        },
        "20182": {
            "year_quarter": 20182,
            "year": 2018,
            "quarter": 2,
            "eps": 0.24,
            "eps_growth_year": -44.19,
            "eps_4q": 1.51,
            "eps_4q_growth_year": -25.32,
            "roe": 1.84,
            "roe_4q": 12.8,
            "gross_profit": 79289,
            "gross_margin": 11.4,
            "gross_margin_4q_avg": 12.33,
            "net_income": 15906,
            "net_income_4q": null,
            "revenue": 695564,
            "revenue_4q": null,
            "common_shares": 740960,
            "book_valuer_per_share": 12.02,
            "book_valuer_per_share_4q_avg": 12.2,
            "equity": 848302,
            "current_ratio": 180.59,
            "debt_ratio": 64.33,
            "inventory_turnover_ratio": 0.84,
            "account_receivable_turnover_ratio": 1.37,
            "reinvestment_rate": 24.17,
            "research_to_sale_ratio": 0.56,
            "price_fair": 49.82,
            "eps_avg_yearly": 1.42,
            "eps_latest_yearly": 0.96,
            "eps_growth_yearly": 444.23
        },
        "20183": {
            "year_quarter": 20183,
            "year": 2018,
            "quarter": 3,
            "eps": 0.36,
            "eps_growth_year": -47.06,
            "eps_4q": 1.15,
            "eps_4q_growth_year": -35.42,
            "roe": 2.78,
            "roe_4q": 9.870000000000001,
            "gross_profit": 95905,
            "gross_margin": 12.27,
            "gross_margin_4q_avg": 11.58,
            "net_income": 26734,
            "net_income_4q": null,
            "revenue": 781620,
            "revenue_4q": null,
            "common_shares": 820960,
            "book_valuer_per_share": 13.72,
            "book_valuer_per_share_4q_avg": 12.65,
            "equity": 1074352,
            "current_ratio": 201.51,
            "debt_ratio": 58.47,
            "inventory_turnover_ratio": 0.88,
            "account_receivable_turnover_ratio": 1.31,
            "reinvestment_rate": 16.73,
            "research_to_sale_ratio": 0.45,
            "price_fair": 49.86,
            "eps_avg_yearly": 1.42,
            "eps_latest_yearly": 1.44,
            "eps_growth_yearly": 425.44
        },
        "20184": {
            "year_quarter": 20184,
            "year": 2018,
            "quarter": 4,
            "eps": 0.54,
            "eps_growth_year": -8.69,
            "eps_4q": 1.16,
            "eps_4q_growth_year": -34.14,
            "roe": 3.74,
            "roe_4q": 8.85,
            "gross_profit": 107382,
            "gross_margin": 12.98,
            "gross_margin_4q_avg": 11.56,
            "net_income": 41071,
            "net_income_4q": null,
            "revenue": 827385,
            "revenue_4q": null,
            "common_shares": 820960,
            "book_valuer_per_share": 14.33,
            "book_valuer_per_share_4q_avg": 13.13,
            "equity": 1121186,
            "current_ratio": 196.95,
            "debt_ratio": 58.81,
            "inventory_turnover_ratio": 0.88,
            "account_receivable_turnover_ratio": 1.13,
            "reinvestment_rate": 25.45,
            "research_to_sale_ratio": 0.47,
            "price_fair": 55.14,
            "eps_avg_yearly": 1.58,
            "eps_latest_yearly": 2.16,
            "eps_growth_yearly": 461.34
        },
        "20191": {
            "year_quarter": 20191,
            "year": 2019,
            "quarter": 1,
            "eps": -0.12,
            "eps_growth_year": -271.43,
            "eps_4q": 0.99,
            "eps_4q_growth_year": -39.42,
            "roe": -0.81,
            "roe_4q": 7.55,
            "gross_profit": 39524,
            "gross_margin": 8.75,
            "gross_margin_4q_avg": 11.35,
            "net_income": -9100,
            "net_income_4q": null,
            "revenue": 451943,
            "revenue_4q": null,
            "common_shares": 820960,
            "book_valuer_per_share": 14.34,
            "book_valuer_per_share_4q_avg": 13.6,
            "equity": 1121790,
            "current_ratio": 223.42,
            "debt_ratio": 53.59,
            "inventory_turnover_ratio": 0.52,
            "account_receivable_turnover_ratio": 0.78,
            "reinvestment_rate": 39.6,
            "research_to_sale_ratio": 0.89,
            "price_fair": 55.14,
            "eps_avg_yearly": 1.58,
            "eps_latest_yearly": 2.16,
            "eps_growth_yearly": 461.34
        },
        "20192": {
            "year_quarter": 20192,
            "year": 2019,
            "quarter": 2,
            "eps": 0.3,
            "eps_growth_year": 25,
            "eps_4q": 1.08,
            "eps_4q_growth_year": -28.69,
            "roe": 2.11,
            "roe_4q": 7.82,
            "gross_profit": 83729,
            "gross_margin": 12.83,
            "gross_margin_4q_avg": 11.71,
            "net_income": 23047,
            "net_income_4q": null,
            "revenue": 652441,
            "revenue_4q": null,
            "common_shares": 820960,
            "book_valuer_per_share": 13.56,
            "book_valuer_per_share_4q_avg": 13.99,
            "equity": 1061722,
            "current_ratio": 146.23,
            "debt_ratio": 57.9,
            "inventory_turnover_ratio": 0.75,
            "account_receivable_turnover_ratio": 1.28,
            "reinvestment_rate": 39.23,
            "research_to_sale_ratio": 0.73,
            "price_fair": 55.14,
            "eps_avg_yearly": 1.58,
            "eps_latest_yearly": 2.16,
            "eps_growth_yearly": 461.34
        },
        "20193": {
            "year_quarter": 20193,
            "year": 2019,
            "quarter": 3,
            "eps": 0.57,
            "eps_growth_year": 58.33,
            "eps_4q": 1.3,
            "eps_4q_growth_year": 12.44,
            "roe": 3.96,
            "roe_4q": 9,
            "gross_profit": 106529,
            "gross_margin": 12.81,
            "gross_margin_4q_avg": 11.84,
            "net_income": 43152,
            "net_income_4q": null,
            "revenue": 831922,
            "revenue_4q": null,
            "common_shares": 820960,
            "book_valuer_per_share": 14.21,
            "book_valuer_per_share_4q_avg": 14.11,
            "equity": 1115584,
            "current_ratio": 144.52,
            "debt_ratio": 59.23,
            "inventory_turnover_ratio": 0.95,
            "account_receivable_turnover_ratio": 1.12,
            "reinvestment_rate": 35.37,
            "research_to_sale_ratio": 0.8,
            "price_fair": 56.9,
            "eps_avg_yearly": 1.63,
            "eps_latest_yearly": 2.28,
            "eps_growth_yearly": 454.1
        },
        "20194": {
            "year_quarter": 20194,
            "year": 2019,
            "quarter": 4,
            "eps": 0.17,
            "eps_growth_year": -69.19,
            "eps_4q": 0.92,
            "eps_4q_growth_year": -20.67,
            "roe": 1.06,
            "roe_4q": 6.3199999999999985,
            "gross_profit": 93555,
            "gross_margin": 11.59,
            "gross_margin_4q_avg": 11.5,
            "net_income": 12312,
            "net_income_4q": null,
            "revenue": 806897,
            "revenue_4q": null,
            "common_shares": 820960,
            "book_valuer_per_share": 14.32,
            "book_valuer_per_share_4q_avg": 14.11,
            "equity": 1214501,
            "current_ratio": 146.07,
            "debt_ratio": 59.33,
            "inventory_turnover_ratio": 0.79,
            "account_receivable_turnover_ratio": 1,
            "reinvestment_rate": 22.8,
            "research_to_sale_ratio": 0.57,
            "price_fair": 56.8,
            "eps_avg_yearly": 1.62,
            "eps_latest_yearly": 0.68,
            "eps_growth_yearly": 389.15
        },
        "20201": {
            "year_quarter": 20201,
            "year": 2020,
            "quarter": 1,
            "eps": -0.52,
            "eps_growth_year": null,
            "eps_4q": 0.52,
            "eps_4q_growth_year": -47.6,
            "roe": -3.42,
            "roe_4q": 3.71,
            "gross_profit": 31526,
            "gross_margin": 7.43,
            "gross_margin_4q_avg": 11.17,
            "net_income": -40727,
            "net_income_4q": null,
            "revenue": 424070,
            "revenue_4q": null,
            "common_shares": 820960,
            "book_valuer_per_share": 13.69,
            "book_valuer_per_share_4q_avg": 13.95,
            "equity": 1165730,
            "current_ratio": 152.89,
            "debt_ratio": 55.45,
            "inventory_turnover_ratio": 0.37,
            "account_receivable_turnover_ratio": 0.75,
            "reinvestment_rate": 27.69,
            "research_to_sale_ratio": 1.55,
            "price_fair": 60.85,
            "eps_avg_yearly": 1.74,
            "eps_latest_yearly": 0.68,
            "eps_growth_yearly": 444.73
        },
        "20202": {
            "year_quarter": 20202,
            "year": 2020,
            "quarter": 2,
            "eps": -0.95,
            "eps_growth_year": -416.67,
            "eps_4q": -0.73,
            "eps_4q_growth_year": -168.13,
            "roe": -6.63,
            "roe_4q": -5.03,
            "gross_profit": 14873,
            "gross_margin": 2.59,
            "gross_margin_4q_avg": 8.61,
            "net_income": -73257,
            "net_income_4q": null,
            "revenue": 573810,
            "revenue_4q": null,
            "common_shares": 820960,
            "book_valuer_per_share": 12.13,
            "book_valuer_per_share_4q_avg": 13.59,
            "equity": 1045457,
            "current_ratio": 145.16,
            "debt_ratio": 57.62,
            "inventory_turnover_ratio": 0.53,
            "account_receivable_turnover_ratio": 1.23,
            "reinvestment_rate": 44.73,
            "research_to_sale_ratio": 2.21,
            "price_fair": 62.07,
            "eps_avg_yearly": 1.77,
            "eps_latest_yearly": 0.68,
            "eps_growth_yearly": 148.46
        },
        "20203": {
            "year_quarter": 20203,
            "year": 2020,
            "quarter": 3,
            "eps": 0.15,
            "eps_growth_year": -73.68,
            "eps_4q": -1.16,
            "eps_4q_growth_year": -189.18,
            "roe": 1.03,
            "roe_4q": -7.959999999999999,
            "gross_profit": 91665,
            "gross_margin": 15.28,
            "gross_margin_4q_avg": 9.22,
            "net_income": 10870,
            "net_income_4q": null,
            "revenue": 600049,
            "revenue_4q": null,
            "common_shares": 820960,
            "book_valuer_per_share": 12.37,
            "book_valuer_per_share_4q_avg": 13.13,
            "equity": 1063595,
            "current_ratio": 116.92,
            "debt_ratio": 61.4,
            "inventory_turnover_ratio": 0.49,
            "account_receivable_turnover_ratio": 1.26,
            "reinvestment_rate": 206.46,
            "research_to_sale_ratio": 2.24,
            "price_fair": 58.16,
            "eps_avg_yearly": 1.66,
            "eps_latest_yearly": 0.68,
            "eps_growth_yearly": 115.67
        },
        "20204": {
            "year_quarter": 20204,
            "year": 2020,
            "quarter": 4,
            "eps": -0.79,
            "eps_growth_year": -572.67,
            "eps_4q": -2.11,
            "eps_4q_growth_year": -328.45,
            "roe": -5.92,
            "roe_4q": -14.94,
            "gross_profit": 50208,
            "gross_margin": 8.02,
            "gross_margin_4q_avg": 8.33,
            "net_income": -61044,
            "net_income_4q": null,
            "revenue": 625889,
            "revenue_4q": null,
            "common_shares": 820960,
            "book_valuer_per_share": 11.6,
            "book_valuer_per_share_4q_avg": 12.45,
            "equity": 1000018,
            "current_ratio": 123.85,
            "debt_ratio": 65.36,
            "inventory_turnover_ratio": 0.55,
            "account_receivable_turnover_ratio": 1.29,
            "reinvestment_rate": 425.11,
            "research_to_sale_ratio": 2.03,
            "price_fair": 54.6,
            "eps_avg_yearly": 1.56,
            "eps_latest_yearly": 0.68,
            "eps_growth_yearly": 131.51
        },
        "20211": {
            "year_quarter": 20211,
            "year": 2021,
            "quarter": 1,
            "eps": -0.7,
            "eps_growth_year": null,
            "eps_4q": -2.29,
            "eps_4q_growth_year": -542.69,
            "roe": -5.54,
            "roe_4q": -17.060000000000002,
            "gross_profit": 34090,
            "gross_margin": 6.1,
            "gross_margin_4q_avg": 8,
            "net_income": -54487,
            "net_income_4q": null,
            "revenue": 559304,
            "revenue_4q": null,
            "common_shares": 820960,
            "book_valuer_per_share": 11.2,
            "book_valuer_per_share_4q_avg": 11.83,
            "equity": 968489,
            "current_ratio": 102.04,
            "debt_ratio": 71.16,
            "inventory_turnover_ratio": 0.49,
            "account_receivable_turnover_ratio": 0.98,
            "reinvestment_rate": 1494.38,
            "research_to_sale_ratio": 3.23,
            "price_fair": 56.78,
            "eps_avg_yearly": 1.62,
            "eps_latest_yearly": 0.68,
            "eps_growth_yearly": 173.98
        },
        "20212": {
            "year_quarter": 20212,
            "year": 2021,
            "quarter": 2,
            "eps": -0.51,
            "eps_growth_year": null,
            "eps_4q": -1.7,
            "eps_4q_growth_year": null,
            "roe": -4.16,
            "roe_4q": -14.59,
            "gross_profit": 58756,
            "gross_margin": 9.45,
            "gross_margin_4q_avg": 9.71,
            "net_income": -42394,
            "net_income_4q": null,
            "revenue": 621759,
            "revenue_4q": null,
            "common_shares": 905036,
            "book_valuer_per_share": 11.28,
            "book_valuer_per_share_4q_avg": 11.61,
            "equity": 1069068,
            "current_ratio": 81.91,
            "debt_ratio": 72.84,
            "inventory_turnover_ratio": 0.48,
            "account_receivable_turnover_ratio": 1.08,
            "reinvestment_rate": null,
            "research_to_sale_ratio": 3.42,
            "price_fair": 56.35,
            "eps_avg_yearly": 1.61,
            "eps_latest_yearly": 0.68,
            "eps_growth_yearly": 159.73
        },
        "20213": {
            "year_quarter": 20213,
            "year": 2021,
            "quarter": 3,
            "eps": -0.09,
            "eps_growth_year": -160,
            "eps_4q": -1.77,
            "eps_4q_growth_year": null,
            "roe": -0.85,
            "roe_4q": -16.47,
            "gross_profit": 91494,
            "gross_margin": 14.66,
            "gross_margin_4q_avg": 9.56,
            "net_income": -9439,
            "net_income_4q": null,
            "revenue": 624263,
            "revenue_4q": null,
            "common_shares": 980770,
            "book_valuer_per_share": 11.29,
            "book_valuer_per_share_4q_avg": 11.34,
            "equity": 1154613,
            "current_ratio": 96.92,
            "debt_ratio": 70.47,
            "inventory_turnover_ratio": 0.43,
            "account_receivable_turnover_ratio": 1.05,
            "reinvestment_rate": null,
            "research_to_sale_ratio": 3.09,
            "price_fair": 50.8,
            "eps_avg_yearly": 1.45,
            "eps_latest_yearly": 0.68,
            "eps_growth_yearly": 149.32
        },
        "20214": {
            "year_quarter": 20214,
            "year": 2021,
            "quarter": 4,
            "eps": -0.66,
            "eps_growth_year": null,
            "eps_4q": -1.78,
            "eps_4q_growth_year": null,
            "roe": -5.52,
            "roe_4q": -16.07,
            "gross_profit": 54970,
            "gross_margin": 13.64,
            "gross_margin_4q_avg": 10.96,
            "net_income": -62176,
            "net_income_4q": null,
            "revenue": 403034,
            "revenue_4q": null,
            "common_shares": 981314,
            "book_valuer_per_share": 10.69,
            "book_valuer_per_share_4q_avg": 11.12,
            "equity": 1098491,
            "current_ratio": 94.09,
            "debt_ratio": 70.15,
            "inventory_turnover_ratio": 0.27,
            "account_receivable_turnover_ratio": 0.93,
            "reinvestment_rate": null,
            "research_to_sale_ratio": 5.09,
            "price_fair": 45.5,
            "eps_avg_yearly": 1.3,
            "eps_latest_yearly": 0.68,
            "eps_growth_yearly": 183.03
        },
        "20221": {
            "year_quarter": 20221,
            "year": 2022,
            "quarter": 1,
            "eps": -0.48,
            "eps_growth_year": null,
            "eps_4q": -1.43,
            "eps_4q_growth_year": null,
            "roe": -3.61,
            "roe_4q": -14.139999999999999,
            "gross_profit": 70732,
            "gross_margin": 13.17,
            "gross_margin_4q_avg": 12.73,
            "net_income": -45090,
            "net_income_4q": null,
            "revenue": 536890,
            "revenue_4q": null,
            "common_shares": 1141314,
            "book_valuer_per_share": 11.9,
            "book_valuer_per_share_4q_avg": 11.29,
            "equity": 1399358,
            "current_ratio": 107.79,
            "debt_ratio": 67.47,
            "inventory_turnover_ratio": 0.35,
            "account_receivable_turnover_ratio": 1.39,
            "reinvestment_rate": null,
            "research_to_sale_ratio": 4.62,
            "price_fair": 52.64,
            "eps_avg_yearly": 1.5,
            "eps_latest_yearly": 0.68,
            "eps_growth_yearly": 290.15
        },
        "20222": {
            "year_quarter": 20222,
            "year": 2022,
            "quarter": 2,
            "eps": -0.11,
            "eps_growth_year": null,
            "eps_4q": -1.15,
            "eps_4q_growth_year": null,
            "roe": -0.89,
            "roe_4q": -10.87,
            "gross_profit": 80746,
            "gross_margin": 15.3,
            "gross_margin_4q_avg": 14.19,
            "net_income": -12384,
            "net_income_4q": null,
            "revenue": 527868,
            "revenue_4q": null,
            "common_shares": 1141314,
            "book_valuer_per_share": 11.66,
            "book_valuer_per_share_4q_avg": 11.39,
            "equity": 1373002,
            "current_ratio": 108.7,
            "debt_ratio": 66.57,
            "inventory_turnover_ratio": 0.32,
            "account_receivable_turnover_ratio": 1.08,
            "reinvestment_rate": null,
            "research_to_sale_ratio": 3.59,
            "price_fair": 57.4,
            "eps_avg_yearly": 1.64,
            "eps_latest_yearly": 0.68,
            "eps_growth_yearly": 119.82
        },
        "20223": {
            "year_quarter": 20223,
            "year": 2022,
            "quarter": 3,
            "eps": -0.76,
            "eps_growth_year": null,
            "eps_4q": -1.84,
            "eps_4q_growth_year": null,
            "roe": -6.26,
            "roe_4q": -16.28,
            "gross_profit": 14855,
            "gross_margin": 5.95,
            "gross_margin_4q_avg": 12.02,
            "net_income": -83763,
            "net_income_4q": null,
            "revenue": 249676,
            "revenue_4q": null,
            "common_shares": 1141314,
            "book_valuer_per_share": 11.05,
            "book_valuer_per_share_4q_avg": 11.33,
            "equity": 1304848,
            "current_ratio": 106.33,
            "debt_ratio": 66.06,
            "inventory_turnover_ratio": 0.16,
            "account_receivable_turnover_ratio": 0.66,
            "reinvestment_rate": null,
            "research_to_sale_ratio": 9.15,
            "price_fair": 59.73,
            "eps_avg_yearly": 1.71,
            "eps_latest_yearly": 0.68,
            "eps_growth_yearly": 93.1
        },
        "20224": {
            "year_quarter": 20224,
            "year": 2022,
            "quarter": 4,
            "eps": -3.23,
            "eps_growth_year": null,
            "eps_4q": -4.5,
            "eps_4q_growth_year": null,
            "roe": -31.27,
            "roe_4q": -42.03,
            "gross_profit": 8434,
            "gross_margin": 5.5,
            "gross_margin_4q_avg": 9.98,
            "net_income": -351530,
            "net_income_4q": null,
            "revenue": 153217,
            "revenue_4q": null,
            "common_shares": 1141314,
            "book_valuer_per_share": 7.73,
            "book_valuer_per_share_4q_avg": 10.59,
            "equity": 943365,
            "current_ratio": 103.53,
            "debt_ratio": 74.37,
            "inventory_turnover_ratio": 0.17,
            "account_receivable_turnover_ratio": 0.71,
            "reinvestment_rate": null,
            "research_to_sale_ratio": 13.22,
            "price_fair": 51.8,
            "eps_avg_yearly": 1.48,
            "eps_latest_yearly": 0.68,
            "eps_growth_yearly": 39.65
        },
        "20231": {
            "year_quarter": 20231,
            "year": 2023,
            "quarter": 1,
            "eps": 0.14,
            "eps_growth_year": null,
            "eps_4q": -3.96,
            "eps_4q_growth_year": null,
            "roe": 1.56,
            "roe_4q": -36.86,
            "gross_profit": 32976,
            "gross_margin": 14.09,
            "gross_margin_4q_avg": 10.21,
            "net_income": 14015,
            "net_income_4q": null,
            "revenue": 234027,
            "revenue_4q": null,
            "common_shares": 1141314,
            "book_valuer_per_share": 7.91,
            "book_valuer_per_share_4q_avg": 9.59,
            "equity": 858968,
            "current_ratio": 78.71,
            "debt_ratio": 61.78,
            "inventory_turnover_ratio": 1.11,
            "account_receivable_turnover_ratio": 1.23,
            "reinvestment_rate": null,
            "research_to_sale_ratio": 6.54,
            "price_fair": 51.8,
            "eps_avg_yearly": 1.48,
            "eps_latest_yearly": 0.68,
            "eps_growth_yearly": 39.65
        },
        "20232": {
            "year_quarter": 20232,
            "year": 2023,
            "quarter": 2,
            "eps": -0.31,
            "eps_growth_year": null,
            "eps_4q": -4.16,
            "eps_4q_growth_year": null,
            "roe": -4,
            "roe_4q": -39.97,
            "gross_profit": 27425,
            "gross_margin": 9.97,
            "gross_margin_4q_avg": 8.88,
            "net_income": -33604,
            "net_income_4q": null,
            "revenue": 275064,
            "revenue_4q": null,
            "common_shares": 1141314,
            "book_valuer_per_share": 7.57,
            "book_valuer_per_share_4q_avg": 8.57,
            "equity": 821796,
            "current_ratio": 77.03,
            "debt_ratio": 63.43,
            "inventory_turnover_ratio": 1.71,
            "account_receivable_turnover_ratio": 1.15,
            "reinvestment_rate": null,
            "research_to_sale_ratio": 4.78,
            "price_fair": 51.8,
            "eps_avg_yearly": 1.48,
            "eps_latest_yearly": 0.68,
            "eps_growth_yearly": 39.65
        },
        "20233": {
            "year_quarter": 20233,
            "year": 2023,
            "quarter": 3,
            "eps": -0.13,
            "eps_growth_year": null,
            "eps_4q": -3.53,
            "eps_4q_growth_year": null,
            "roe": -1.76,
            "roe_4q": -35.47,
            "gross_profit": 51074,
            "gross_margin": 15.19,
            "gross_margin_4q_avg": 11.19,
            "net_income": -14484,
            "net_income_4q": null,
            "revenue": 336156,
            "revenue_4q": null,
            "common_shares": 1141314,
            "book_valuer_per_share": 7.57,
            "book_valuer_per_share_4q_avg": 7.7,
            "equity": 821444,
            "current_ratio": 79.37,
            "debt_ratio": 64.56,
            "inventory_turnover_ratio": 2.16,
            "account_receivable_turnover_ratio": 1.42,
            "reinvestment_rate": null,
            "research_to_sale_ratio": 4.79,
            "price_fair": 2.04,
            "eps_avg_yearly": 0.68,
            "eps_latest_yearly": 0.68,
            "eps_growth_yearly": -280.7
        }
    },
    "months": {
        "2008-04": {
            "month": "2008-04",
            "price": "29.14",
            "revenue": 45725
        },
        "2008-05": {
            "month": "2008-05",
            "price": "29.96",
            "revenue": 44768
        },
        "2008-06": {
            "month": "2008-06",
            "price": "24.61",
            "revenue": 54455
        },
        "2008-07": {
            "month": "2008-07",
            "price": "25.23",
            "revenue": 46277
        },
        "2008-08": {
            "month": "2008-08",
            "price": "23.10",
            "revenue": 40732
        },
        "2008-09": {
            "month": "2008-09",
            "price": "19.89",
            "revenue": 78525
        },
        "2008-10": {
            "month": "2008-10",
            "price": "21.09",
            "revenue": 92133
        },
        "2008-11": {
            "month": "2008-11",
            "price": "19.10",
            "revenue": 70322
        },
        "2008-12": {
            "month": "2008-12",
            "price": "18.06",
            "revenue": 58070
        },
        "2009-01": {
            "month": "2009-01",
            "price": "17.80",
            "revenue": 33626
        },
        "2009-02": {
            "month": "2009-02",
            "price": "15.14",
            "revenue": 55200
        },
        "2009-03": {
            "month": "2009-03",
            "price": "14.56",
            "revenue": 75959
        },
        "2009-04": {
            "month": "2009-04",
            "price": "17.11",
            "revenue": 68272
        },
        "2009-05": {
            "month": "2009-05",
            "price": "23.20",
            "revenue": 66713
        },
        "2009-06": {
            "month": "2009-06",
            "price": "26.74",
            "revenue": 53178
        },
        "2009-07": {
            "month": "2009-07",
            "price": "29.41",
            "revenue": 70925
        },
        "2009-08": {
            "month": "2009-08",
            "price": "34.16",
            "revenue": 74801
        },
        "2009-09": {
            "month": "2009-09",
            "price": "36.46",
            "revenue": 82793
        },
        "2009-10": {
            "month": "2009-10",
            "price": "35.27",
            "revenue": 75463
        },
        "2009-11": {
            "month": "2009-11",
            "price": "37.15",
            "revenue": 64119
        },
        "2009-12": {
            "month": "2009-12",
            "price": "37.61",
            "revenue": 77434
        },
        "2010-01": {
            "month": "2010-01",
            "price": "39.88",
            "revenue": 56958
        },
        "2010-02": {
            "month": "2010-02",
            "price": "32.81",
            "revenue": 51508
        },
        "2010-03": {
            "month": "2010-03",
            "price": "35.22",
            "revenue": 86504
        },
        "2010-04": {
            "month": "2010-04",
            "price": "38.23",
            "revenue": 78470
        },
        "2010-05": {
            "month": "2010-05",
            "price": "33.16",
            "revenue": 62435
        },
        "2010-06": {
            "month": "2010-06",
            "price": "29.80",
            "revenue": 58912
        },
        "2010-07": {
            "month": "2010-07",
            "price": "30.11",
            "revenue": 61754
        },
        "2010-08": {
            "month": "2010-08",
            "price": "29.90",
            "revenue": 74061
        },
        "2010-09": {
            "month": "2010-09",
            "price": "25.89",
            "revenue": 79441
        },
        "2010-10": {
            "month": "2010-10",
            "price": "26.17",
            "revenue": 82013
        },
        "2010-11": {
            "month": "2010-11",
            "price": "20.74",
            "revenue": 68432
        },
        "2010-12": {
            "month": "2010-12",
            "price": "21.63",
            "revenue": 68200
        },
        "2011-01": {
            "month": "2011-01",
            "price": "20.15",
            "revenue": 56475
        },
        "2011-02": {
            "month": "2011-02",
            "price": "17.57",
            "revenue": 78826
        },
        "2011-03": {
            "month": "2011-03",
            "price": "18.28",
            "revenue": 89737
        },
        "2011-04": {
            "month": "2011-04",
            "price": "17.68",
            "revenue": 108737
        },
        "2011-05": {
            "month": "2011-05",
            "price": "15.63",
            "revenue": 128377
        },
        "2011-06": {
            "month": "2011-06",
            "price": "18.03",
            "revenue": 113858
        },
        "2011-07": {
            "month": "2011-07",
            "price": "20.41",
            "revenue": 121190
        },
        "2011-08": {
            "month": "2011-08",
            "price": "16.09",
            "revenue": 93443
        },
        "2011-09": {
            "month": "2011-09",
            "price": "13.22",
            "revenue": 82571
        },
        "2011-10": {
            "month": "2011-10",
            "price": "12.21",
            "revenue": 45764
        },
        "2011-11": {
            "month": "2011-11",
            "price": "10.06",
            "revenue": 61279
        },
        "2011-12": {
            "month": "2011-12",
            "price": "7.91",
            "revenue": 63556
        },
        "2012-01": {
            "month": "2012-01",
            "price": "8.62",
            "revenue": 27548
        },
        "2012-02": {
            "month": "2012-02",
            "price": "10.88",
            "revenue": 36250
        },
        "2012-03": {
            "month": "2012-03",
            "price": "11.79",
            "revenue": 34162
        },
        "2012-04": {
            "month": "2012-04",
            "price": "9.56",
            "revenue": 36112
        },
        "2012-05": {
            "month": "2012-05",
            "price": "8.59",
            "revenue": 44871
        },
        "2012-06": {
            "month": "2012-06",
            "price": "8.40",
            "revenue": 51416
        },
        "2012-07": {
            "month": "2012-07",
            "price": "8.50",
            "revenue": 32170
        },
        "2012-08": {
            "month": "2012-08",
            "price": "8.83",
            "revenue": 46748
        },
        "2012-09": {
            "month": "2012-09",
            "price": "10.60",
            "revenue": 30807
        },
        "2012-10": {
            "month": "2012-10",
            "price": "10.44",
            "revenue": 34399
        },
        "2012-11": {
            "month": "2012-11",
            "price": "10.36",
            "revenue": 38088
        },
        "2012-12": {
            "month": "2012-12",
            "price": "9.94",
            "revenue": 36188
        },
        "2013-01": {
            "month": "2013-01",
            "price": "9.88",
            "revenue": 51112
        },
        "2013-02": {
            "month": "2013-02",
            "price": "9.74",
            "revenue": 36785
        },
        "2013-03": {
            "month": "2013-03",
            "price": "9.69",
            "revenue": 18006
        },
        "2013-04": {
            "month": "2013-04",
            "price": "10.66",
            "revenue": 37504
        },
        "2013-05": {
            "month": "2013-05",
            "price": "11.68",
            "revenue": 31637
        },
        "2013-06": {
            "month": "2013-06",
            "price": "12.07",
            "revenue": 33211
        },
        "2013-07": {
            "month": "2013-07",
            "price": "11.28",
            "revenue": 36239
        },
        "2013-08": {
            "month": "2013-08",
            "price": "10.17",
            "revenue": 32392
        },
        "2013-09": {
            "month": "2013-09",
            "price": "11.74",
            "revenue": 47680
        },
        "2013-10": {
            "month": "2013-10",
            "price": "11.79",
            "revenue": 44041
        },
        "2013-11": {
            "month": "2013-11",
            "price": "11.02",
            "revenue": 51796
        },
        "2013-12": {
            "month": "2013-12",
            "price": "10.78",
            "revenue": 41491
        },
        "2014-01": {
            "month": "2014-01",
            "price": "10.75",
            "revenue": 35056
        },
        "2014-02": {
            "month": "2014-02",
            "price": "11.24",
            "revenue": 26699
        },
        "2014-03": {
            "month": "2014-03",
            "price": "13.47",
            "revenue": 44326
        },
        "2014-04": {
            "month": "2014-04",
            "price": "13.10",
            "revenue": 70581
        },
        "2014-05": {
            "month": "2014-05",
            "price": "12.83",
            "revenue": 74155
        },
        "2014-06": {
            "month": "2014-06",
            "price": "14.35",
            "revenue": 49322
        },
        "2014-07": {
            "month": "2014-07",
            "price": "13.93",
            "revenue": 51653
        },
        "2014-08": {
            "month": "2014-08",
            "price": "10.57",
            "revenue": 65455
        },
        "2014-09": {
            "month": "2014-09",
            "price": "10.06",
            "revenue": 57123
        },
        "2014-10": {
            "month": "2014-10",
            "price": "9.33",
            "revenue": 52140
        },
        "2014-11": {
            "month": "2014-11",
            "price": "8.96",
            "revenue": 62461
        },
        "2014-12": {
            "month": "2014-12",
            "price": "9.35",
            "revenue": 69398
        },
        "2015-01": {
            "month": "2015-01",
            "price": "10.13",
            "revenue": 72735
        },
        "2015-02": {
            "month": "2015-02",
            "price": "12.44",
            "revenue": 42279
        },
        "2015-03": {
            "month": "2015-03",
            "price": "12.65",
            "revenue": 45807
        },
        "2015-04": {
            "month": "2015-04",
            "price": "11.34",
            "revenue": 57938
        },
        "2015-05": {
            "month": "2015-05",
            "price": "10.25",
            "revenue": 62803
        },
        "2015-06": {
            "month": "2015-06",
            "price": "9.12",
            "revenue": 55713
        },
        "2015-07": {
            "month": "2015-07",
            "price": "8.55",
            "revenue": 50819
        },
        "2015-08": {
            "month": "2015-08",
            "price": "7.35",
            "revenue": 62381
        },
        "2015-09": {
            "month": "2015-09",
            "price": "8.24",
            "revenue": 79323
        },
        "2015-10": {
            "month": "2015-10",
            "price": "10.48",
            "revenue": 70153
        },
        "2015-11": {
            "month": "2015-11",
            "price": "10.36",
            "revenue": 90273
        },
        "2015-12": {
            "month": "2015-12",
            "price": "9.52",
            "revenue": 84115
        },
        "2016-01": {
            "month": "2016-01",
            "price": "9.01",
            "revenue": 69629
        },
        "2016-02": {
            "month": "2016-02",
            "price": "9.02",
            "revenue": 43525
        },
        "2016-03": {
            "month": "2016-03",
            "price": "8.82",
            "revenue": 72288
        },
        "2016-04": {
            "month": "2016-04",
            "price": "9.29",
            "revenue": 56491
        },
        "2016-05": {
            "month": "2016-05",
            "price": "8.78",
            "revenue": 76824
        },
        "2016-06": {
            "month": "2016-06",
            "price": "9.28",
            "revenue": 88619
        },
        "2016-07": {
            "month": "2016-07",
            "price": "10.60",
            "revenue": 85799
        },
        "2016-08": {
            "month": "2016-08",
            "price": "12.11",
            "revenue": 117052
        },
        "2016-09": {
            "month": "2016-09",
            "price": "15.72",
            "revenue": 119794
        },
        "2016-10": {
            "month": "2016-10",
            "price": "16.81",
            "revenue": 119145
        },
        "2016-11": {
            "month": "2016-11",
            "price": "22.40",
            "revenue": 130650
        },
        "2016-12": {
            "month": "2016-12",
            "price": "25.09",
            "revenue": 133331
        },
        "2017-01": {
            "month": "2017-01",
            "price": "25.42",
            "revenue": 93841
        },
        "2017-02": {
            "month": "2017-02",
            "price": "26.05",
            "revenue": 93086
        },
        "2017-03": {
            "month": "2017-03",
            "price": "27.10",
            "revenue": 117268
        },
        "2017-04": {
            "month": "2017-04",
            "price": "29.28",
            "revenue": 77317
        },
        "2017-05": {
            "month": "2017-05",
            "price": "29.14",
            "revenue": 122810
        },
        "2017-06": {
            "month": "2017-06",
            "price": "30.83",
            "revenue": 152073
        },
        "2017-07": {
            "month": "2017-07",
            "price": "33.49",
            "revenue": 158281
        },
        "2017-08": {
            "month": "2017-08",
            "price": "33.06",
            "revenue": 197553
        },
        "2017-09": {
            "month": "2017-09",
            "price": "35.41",
            "revenue": 245111
        },
        "2017-10": {
            "month": "2017-10",
            "price": "37.37",
            "revenue": 239112
        },
        "2017-11": {
            "month": "2017-11",
            "price": "35.67",
            "revenue": 231994
        },
        "2017-12": {
            "month": "2017-12",
            "price": "31.40",
            "revenue": 214493
        },
        "2018-01": {
            "month": "2018-01",
            "price": "30.98",
            "revenue": 238249
        },
        "2018-02": {
            "month": "2018-02",
            "price": "30.93",
            "revenue": 123993
        },
        "2018-03": {
            "month": "2018-03",
            "price": "30.43",
            "revenue": 192458
        },
        "2018-04": {
            "month": "2018-04",
            "price": "27.94",
            "revenue": 184987
        },
        "2018-05": {
            "month": "2018-05",
            "price": "28.15",
            "revenue": 248308
        },
        "2018-06": {
            "month": "2018-06",
            "price": "30.98",
            "revenue": 262269
        },
        "2018-07": {
            "month": "2018-07",
            "price": "28.17",
            "revenue": 252126
        },
        "2018-08": {
            "month": "2018-08",
            "price": "24.59",
            "revenue": 266304
        },
        "2018-09": {
            "month": "2018-09",
            "price": "24.94",
            "revenue": 263190
        },
        "2018-10": {
            "month": "2018-10",
            "price": "19.40",
            "revenue": 290300
        },
        "2018-11": {
            "month": "2018-11",
            "price": "18.65",
            "revenue": 299057
        },
        "2018-12": {
            "month": "2018-12",
            "price": "22.58",
            "revenue": 238028
        },
        "2019-01": {
            "month": "2019-01",
            "price": "21.28",
            "revenue": 172191
        },
        "2019-02": {
            "month": "2019-02",
            "price": "21.82",
            "revenue": 104714
        },
        "2019-03": {
            "month": "2019-03",
            "price": "21.04",
            "revenue": 175424
        },
        "2019-04": {
            "month": "2019-04",
            "price": "21.32",
            "revenue": 157733
        },
        "2019-05": {
            "month": "2019-05",
            "price": "19.30",
            "revenue": 230621
        },
        "2019-06": {
            "month": "2019-06",
            "price": "19.54",
            "revenue": 263702
        },
        "2019-07": {
            "month": "2019-07",
            "price": "19.85",
            "revenue": 257667
        },
        "2019-08": {
            "month": "2019-08",
            "price": "18.75",
            "revenue": 276329
        },
        "2019-09": {
            "month": "2019-09",
            "price": "18.84",
            "revenue": 297921
        },
        "2019-10": {
            "month": "2019-10",
            "price": "21.30",
            "revenue": 287892
        },
        "2019-11": {
            "month": "2019-11",
            "price": "21.17",
            "revenue": 301503
        },
        "2019-12": {
            "month": "2019-12",
            "price": "22.29",
            "revenue": 217506
        },
        "2020-01": {
            "month": "2020-01",
            "price": "21.23",
            "revenue": 164149
        },
        "2020-02": {
            "month": "2020-02",
            "price": "17.76",
            "revenue": 59726
        },
        "2020-03": {
            "month": "2020-03",
            "price": "13.77",
            "revenue": 200194
        },
        "2020-04": {
            "month": "2020-04",
            "price": "14.65",
            "revenue": 209919
        },
        "2020-05": {
            "month": "2020-05",
            "price": "15.86",
            "revenue": 196204
        },
        "2020-06": {
            "month": "2020-06",
            "price": "15.31",
            "revenue": 167688
        },
        "2020-07": {
            "month": "2020-07",
            "price": "14.94",
            "revenue": 210729
        },
        "2020-08": {
            "month": "2020-08",
            "price": "14.84",
            "revenue": 215965
        },
        "2020-09": {
            "month": "2020-09",
            "price": "14.95",
            "revenue": 173355
        },
        "2020-10": {
            "month": "2020-10",
            "price": "14.28",
            "revenue": 200359
        },
        "2020-11": {
            "month": "2020-11",
            "price": "15.27",
            "revenue": 205896
        },
        "2020-12": {
            "month": "2020-12",
            "price": "17.28",
            "revenue": 219634
        },
        "2021-01": {
            "month": "2021-01",
            "price": "20.64",
            "revenue": 201795
        },
        "2021-02": {
            "month": "2021-02",
            "price": "21.80",
            "revenue": 154001
        },
        "2021-03": {
            "month": "2021-03",
            "price": "23.75",
            "revenue": 203508
        },
        "2021-04": {
            "month": "2021-04",
            "price": "25.90",
            "revenue": 197155
        },
        "2021-05": {
            "month": "2021-05",
            "price": "20.04",
            "revenue": 229796
        },
        "2021-06": {
            "month": "2021-06",
            "price": "21.89",
            "revenue": 194808
        },
        "2021-07": {
            "month": "2021-07",
            "price": "28.48",
            "revenue": 198722
        },
        "2021-08": {
            "month": "2021-08",
            "price": "25.63",
            "revenue": 230393
        },
        "2021-09": {
            "month": "2021-09",
            "price": "22.93",
            "revenue": 195148
        },
        "2021-10": {
            "month": "2021-10",
            "price": "21.04",
            "revenue": 129164
        },
        "2021-11": {
            "month": "2021-11",
            "price": "23.45",
            "revenue": 122696
        },
        "2021-12": {
            "month": "2021-12",
            "price": "25.71",
            "revenue": 151174
        },
        "2022-01": {
            "month": "2022-01",
            "price": "23.76",
            "revenue": 191940
        },
        "2022-02": {
            "month": "2022-02",
            "price": "23.46",
            "revenue": 137547
        },
        "2022-03": {
            "month": "2022-03",
            "price": "21.99",
            "revenue": 207403
        },
        "2022-04": {
            "month": "2022-04",
            "price": "19.93",
            "revenue": 197263
        },
        "2022-05": {
            "month": "2022-05",
            "price": "18.42",
            "revenue": 198508
        },
        "2022-06": {
            "month": "2022-06",
            "price": "18.70",
            "revenue": 132097
        },
        "2022-07": {
            "month": "2022-07",
            "price": "15.90",
            "revenue": 79106
        },
        "2022-08": {
            "month": "2022-08",
            "price": "17.44",
            "revenue": 91574
        },
        "2022-09": {
            "month": "2022-09",
            "price": "16.66",
            "revenue": 78996
        },
        "2022-10": {
            "month": "2022-10",
            "price": "14.44",
            "revenue": 56687
        },
        "2022-11": {
            "month": "2022-11",
            "price": "14.21",
            "revenue": 41363
        },
        "2022-12": {
            "month": "2022-12",
            "price": "13.11",
            "revenue": 66348
        },
        "2023-01": {
            "month": "2023-01",
            "price": "12.42",
            "revenue": 58869
        },
        "2023-02": {
            "month": "2023-02",
            "price": "13.25",
            "revenue": 73765
        },
        "2023-03": {
            "month": "2023-03",
            "price": "13.66",
            "revenue": 101434
        },
        "2023-04": {
            "month": "2023-04",
            "price": "14.11",
            "revenue": 87018
        },
        "2023-05": {
            "month": "2023-05",
            "price": "14.51",
            "revenue": 99697
        },
        "2023-06": {
            "month": "2023-06",
            "price": "16.90",
            "revenue": 88360
        },
        "2023-07": {
            "month": "2023-07",
            "price": "15.52",
            "revenue": 92815
        },
        "2023-08": {
            "month": "2023-08",
            "price": "14.92",
            "revenue": 157084
        },
        "2023-09": {
            "month": "2023-09",
            "price": "16.04",
            "revenue": 86257
        },
        "2023-10": {
            "month": "2023-10",
            "price": "15.18",
            "revenue": 105964
        },
        "2023-11": {
            "month": "2023-11",
            "price": "15.41",
            "revenue": 89372
        },
        "2023-12": {
            "month": "2023-12",
            "price": "16.08",
            "revenue": 111995
        }
    }
}
