{
    "summary": {
        "stock_name": "盈正",
        "stock_id": "3628",
        "category": "其他電子",
        "main_business": "不斷電系統設備(UPS)研發.製造.銷售及代理<br>改善電力品質系統設備.太陽能電力系統設備研發.製造及銷售<br>維護及技術服務業務",
        "website_url": "http://www.ablerex.com.tw",
        "ceo": "黃敏洲",
        "pe_ratio": 14,
        "report_year_from": 2007,
        "report_year_to": 2023,
        "age": 16,
        "eps_negative_percentage": 0,
        "eps_growth_avg": {
            "last_all": 4.64,
            "last_2y": 45.3,
            "last_4y": 16.63,
            "last_8y": 5.51,
            "last_12y": 4.64,
            "last_16y": null,
            "last_20y": null,
            "at_2006_last_3y": null,
            "at_2007_last_3y": null,
            "at_2008_last_3y": null,
            "at_2009_last_3y": null,
            "at_2010_last_3y": null,
            "at_2011_last_3y": null,
            "at_2012_last_3y": null,
            "at_2013_last_3y": 2.69,
            "at_2014_last_3y": -10.32,
            "at_2015_last_3y": 0.23,
            "at_2016_last_3y": 4.31,
            "at_2017_last_3y": -8.38,
            "at_2018_last_3y": -22.22,
            "at_2019_last_3y": -29.28,
            "at_2020_last_3y": -17.6,
            "at_2021_last_3y": 5.94,
            "at_2022_last_3y": 22.63,
            "at_2023_last_3y": 22.63,
            "at_2006_last_all": null,
            "at_2007_last_all": null,
            "at_2008_last_all": null,
            "at_2009_last_all": null,
            "at_2010_last_all": null,
            "at_2011_last_all": 20.33,
            "at_2012_last_all": -5.96,
            "at_2013_last_all": 2.69,
            "at_2014_last_all": 11.74,
            "at_2015_last_all": 6.93,
            "at_2016_last_all": -0.09,
            "at_2017_last_all": -2.85,
            "at_2018_last_all": -3.35,
            "at_2019_last_all": -7.56,
            "at_2020_last_all": -6.46,
            "at_2021_last_all": 0.08,
            "at_2022_last_all": 4.64,
            "at_2023_last_all": 4.64
        },
        "latest_eps": 3.07,
        "latest_price": 41.95,
        "latest_roe": 8.77,
        "latest_gross_margin": 27.41,
        "latest_equity": 1690696,
        "latest_revenue": 688387,
        "latest_gross_profit": 188718,
        "latest_net_income": 33600,
        "latest_debt_ratio": 49.89,
        "latest_current_ratio": 141.28,
        "latest_account_receivable_turnover_ratio": 1.4,
        "latest_inventory_turnover_ratio": 0.36,
        "latest_reinvestment_rate": -9.89,
        "latest_research_to_sale_ratio": 6.24
    },
    "eps_dividends": {
        "2001": {
            "cash": 0,
            "stock": 0,
            "eps": 0
        },
        "2002": {
            "cash": 0,
            "stock": 0,
            "eps": 0
        },
        "2003": {
            "cash": 0,
            "stock": 0,
            "eps": 0
        },
        "2004": {
            "cash": 0,
            "stock": 0,
            "eps": 0
        },
        "2005": {
            "cash": 0,
            "stock": 0,
            "eps": 0
        },
        "2006": {
            "cash": 0,
            "stock": 0,
            "eps": 0
        },
        "2007": {
            "cash": 0,
            "stock": 0,
            "eps": 0
        },
        "2008": {
            "cash": 0.6,
            "stock": 0,
            "eps": 0
        },
        "2009": {
            "cash": 2,
            "stock": 0.57,
            "eps": 3.41
        },
        "2010": {
            "cash": 3,
            "stock": 0,
            "eps": 14.71
        },
        "2011": {
            "cash": 12,
            "stock": 0,
            "eps": 5.98
        },
        "2012": {
            "cash": 5,
            "stock": 0,
            "eps": 2.48
        },
        "2013": {
            "cash": 2.5,
            "stock": 0,
            "eps": 3.19
        },
        "2014": {
            "cash": 2.5,
            "stock": 0,
            "eps": 4.72
        },
        "2015": {
            "cash": 4,
            "stock": 0,
            "eps": 3.91
        },
        "2016": {
            "cash": 3.25,
            "stock": 0,
            "eps": 2.26
        },
        "2017": {
            "cash": 3,
            "stock": 0,
            "eps": 1.76
        },
        "2018": {
            "cash": 2.5,
            "stock": 0,
            "eps": 1.63
        },
        "2019": {
            "cash": 1.5,
            "stock": 0,
            "eps": 0.89
        },
        "2020": {
            "cash": 1,
            "stock": 0,
            "eps": 0.93
        },
        "2021": {
            "cash": 1,
            "stock": 0,
            "eps": 1.6
        },
        "2022": {
            "cash": 1.25,
            "stock": 0,
            "eps": 2.55
        },
        "2023": {
            "cash": 2,
            "stock": 0,
            "eps": 0.89
        }
    },
    "dividends": {
        "2008-03-21": {
            "cash": 0.6,
            "stock": 0
        },
        "2009-03-12": {
            "cash": 2,
            "stock": 0.57
        },
        "2010-03-09": {
            "cash": 3,
            "stock": 0
        },
        "2011-03-15": {
            "cash": 12,
            "stock": 0
        },
        "2012-06-18": {
            "cash": 5,
            "stock": 0
        },
        "2013-06-13": {
            "cash": 2.5,
            "stock": 0
        },
        "2014-08-15": {
            "cash": 2.5,
            "stock": 0
        },
        "2015-09-18": {
            "cash": 4,
            "stock": 0
        },
        "2016-09-28": {
            "cash": 3.25,
            "stock": 0
        },
        "2017-08-30": {
            "cash": 3,
            "stock": 0
        },
        "2018-08-30": {
            "cash": 2.5,
            "stock": 0
        },
        "2019-09-05": {
            "cash": 1.5,
            "stock": 0
        },
        "2020-09-16": {
            "cash": 1,
            "stock": 0
        },
        "2021-10-14": {
            "cash": 1,
            "stock": 0
        },
        "2022-09-15": {
            "cash": 1.25,
            "stock": 0
        },
        "2023-09-21": {
            "cash": 2,
            "stock": 0
        }
    },
    "prices": {
        "200101": "無",
        "200102": "無",
        "200103": "無",
        "200104": "無",
        "200105": "無",
        "200106": "無",
        "200107": "無",
        "200108": "無",
        "200109": "無",
        "200110": "無",
        "200111": "無",
        "200112": "無",
        "200201": "無",
        "200202": "無",
        "200203": "無",
        "200204": "無",
        "200205": "無",
        "200206": "無",
        "200207": "無",
        "200208": "無",
        "200209": "無",
        "200210": "無",
        "200211": "無",
        "200212": "無",
        "200301": "無",
        "200302": "無",
        "200303": "無",
        "200304": "無",
        "200305": "無",
        "200306": "無",
        "200307": "無",
        "200308": "無",
        "200309": "無",
        "200310": "無",
        "200311": "無",
        "200312": "無",
        "200401": "無",
        "200402": "無",
        "200403": "無",
        "200404": "無",
        "200405": "無",
        "200406": "無",
        "200407": "無",
        "200408": "無",
        "200409": "無",
        "200410": "無",
        "200411": "無",
        "200412": "無",
        "200501": "無",
        "200502": "無",
        "200503": "無",
        "200504": "無",
        "200505": "無",
        "200506": "無",
        "200507": "無",
        "200508": "無",
        "200509": "無",
        "200510": "無",
        "200511": "無",
        "200512": "無",
        "200601": "無",
        "200602": "無",
        "200603": "無",
        "200604": "無",
        "200605": "無",
        "200606": "無",
        "200607": "無",
        "200608": "無",
        "200609": "無",
        "200610": "無",
        "200611": "無",
        "200612": "無",
        "200701": "無",
        "200702": "無",
        "200703": "無",
        "200704": "無",
        "200705": "無",
        "200706": "無",
        "200707": "無",
        "200708": "無",
        "200709": "無",
        "200710": "無",
        "200711": "無",
        "200712": "無",
        "200801": "無",
        "200802": "無",
        "200803": "無",
        "200804": "無",
        "200805": "無",
        "200806": "無",
        "200807": "無",
        "200808": "無",
        "200809": "無",
        "200810": "無",
        "200811": "無",
        "200812": "無",
        "200901": "無",
        "200902": "無",
        "200903": "無",
        "200904": "無",
        "200905": "無",
        "200906": "無",
        "200907": "無",
        "200908": "35.94",
        "200909": "34.83",
        "200910": "35.76",
        "200911": "37.46",
        "200912": "45.02",
        "201001": "49.97",
        "201002": "48.35",
        "201003": "54.08",
        "201004": "63.44",
        "201005": "82.41",
        "201006": "115.23",
        "201007": "214.22",
        "201008": "359.69",
        "201009": "483.27",
        "201010": "292.88",
        "201011": "249.20",
        "201012": "262.35",
        "201101": "262.78",
        "201102": "244.54",
        "201103": "228.57",
        "201104": "210.18",
        "201105": "168.50",
        "201106": "158.81",
        "201107": "126.67",
        "201108": "79.57",
        "201109": "72.27",
        "201110": "69.58",
        "201111": "59.90",
        "201112": "55.82",
        "201201": "62.45",
        "201202": "80.12",
        "201203": "77.82",
        "201204": "68.18",
        "201205": "67.39",
        "201206": "61.89",
        "201207": "52.77",
        "201208": "49.10",
        "201209": "50.92",
        "201210": "45.14",
        "201211": "40.80",
        "201212": "43.62",
        "201301": "45.81",
        "201302": "45.59",
        "201303": "44.50",
        "201304": "44.27",
        "201305": "50.49",
        "201306": "48.17",
        "201307": "44.91",
        "201308": "41.96",
        "201309": "41.40",
        "201310": "43.38",
        "201311": "41.48",
        "201312": "44.56",
        "201401": "49.46",
        "201402": "48.07",
        "201403": "52.39",
        "201404": "59.09",
        "201405": "58.01",
        "201406": "58.34",
        "201407": "56.24",
        "201408": "53.35",
        "201409": "52.50",
        "201410": "49.98",
        "201411": "50.53",
        "201412": "51.83",
        "201501": "55.83",
        "201502": "57.71",
        "201503": "59.70",
        "201504": "73.26",
        "201505": "66.81",
        "201506": "71.50",
        "201507": "63.53",
        "201508": "52.04",
        "201509": "47.45",
        "201510": "48.96",
        "201511": "48.79",
        "201512": "51.55",
        "201601": "49.35",
        "201602": "48.92",
        "201603": "49.65",
        "201604": "47.20",
        "201605": "43.79",
        "201606": "44.29",
        "201607": "46.50",
        "201608": "46.17",
        "201609": "43.33",
        "201610": "43.16",
        "201611": "39.70",
        "201612": "38.50",
        "201701": "40.05",
        "201702": "42.28",
        "201703": "43.07",
        "201704": "46.04",
        "201705": "43.39",
        "201706": "43.55",
        "201707": "42.30",
        "201708": "39.59",
        "201709": "40.51",
        "201710": "40.38",
        "201711": "39.48",
        "201712": "38.50",
        "201801": "39.05",
        "201802": "38.87",
        "201803": "39.57",
        "201804": "50.71",
        "201805": "49.25",
        "201806": "50.73",
        "201807": "44.90",
        "201808": "42.09",
        "201809": "39.46",
        "201810": "35.69",
        "201811": "33.25",
        "201812": "33.51",
        "201901": "33.35",
        "201902": "38.20",
        "201903": "37.12",
        "201904": "36.27",
        "201905": "34.25",
        "201906": "33.59",
        "201907": "34.37",
        "201908": "33.94",
        "201909": "33.82",
        "201910": "35.05",
        "201911": "33.56",
        "201912": "33.64",
        "202001": "33.63",
        "202002": "32.92",
        "202003": "28.17",
        "202004": "26.47",
        "202005": "31.28",
        "202006": "34.10",
        "202007": "35.01",
        "202008": "34.59",
        "202009": "39.16",
        "202010": "38.76",
        "202011": "40.70",
        "202012": "39.16",
        "202101": "37.62",
        "202102": "36.51",
        "202103": "37.14",
        "202104": "40.38",
        "202105": "37.35",
        "202106": "36.70",
        "202107": "36.25",
        "202108": "35.15",
        "202109": "35.05",
        "202110": "34.74",
        "202111": "35.86",
        "202112": "37.65",
        "202201": "47.04",
        "202202": "45.60",
        "202203": "54.52",
        "202204": "49.51",
        "202205": "45.00",
        "202206": "43.11",
        "202207": "40.62",
        "202208": "40.67",
        "202209": "41.66",
        "202210": "35.64",
        "202211": "37.69",
        "202212": "42.65",
        "202301": "42.14",
        "202302": "41.96",
        "202303": "46.04",
        "202304": "50.07",
        "202305": "51.55",
        "202306": "56.01",
        "202307": "50.37",
        "202308": "45.20",
        "202309": "42.73"
    },
    "quarters": {
        "20011": {
            "year_quarter": 20011,
            "year": 2001,
            "quarter": 1,
            "eps": null,
            "eps_growth_year": null,
            "eps_4q": null,
            "eps_4q_growth_year": null,
            "roe": null,
            "roe_4q": 0,
            "gross_profit": null,
            "gross_margin": null,
            "gross_margin_4q_avg": 0,
            "net_income": null,
            "revenue": null,
            "common_shares": null,
            "book_valuer_per_share": null,
            "book_valuer_per_share_4q_avg": 0,
            "equity": null,
            "current_ratio": null,
            "debt_ratio": null,
            "inventory_turnover_ratio": null,
            "account_receivable_turnover_ratio": null,
            "reinvestment_rate": null,
            "research_to_sale_ratio": null,
            "price_fair": 0,
            "eps_avg_yearly": 0,
            "eps_latest_yearly": 0,
            "eps_growth_yearly": 0
        },
        "20012": {
            "year_quarter": 20012,
            "year": 2001,
            "quarter": 2,
            "eps": null,
            "eps_growth_year": null,
            "eps_4q": null,
            "eps_4q_growth_year": null,
            "roe": null,
            "roe_4q": 0,
            "gross_profit": null,
            "gross_margin": null,
            "gross_margin_4q_avg": 0,
            "net_income": null,
            "revenue": null,
            "common_shares": null,
            "book_valuer_per_share": null,
            "book_valuer_per_share_4q_avg": 0,
            "equity": null,
            "current_ratio": null,
            "debt_ratio": null,
            "inventory_turnover_ratio": null,
            "account_receivable_turnover_ratio": null,
            "reinvestment_rate": null,
            "research_to_sale_ratio": null,
            "price_fair": 0,
            "eps_avg_yearly": 0,
            "eps_latest_yearly": 0,
            "eps_growth_yearly": 0
        },
        "20013": {
            "year_quarter": 20013,
            "year": 2001,
            "quarter": 3,
            "eps": null,
            "eps_growth_year": null,
            "eps_4q": null,
            "eps_4q_growth_year": null,
            "roe": null,
            "roe_4q": 0,
            "gross_profit": null,
            "gross_margin": null,
            "gross_margin_4q_avg": 0,
            "net_income": null,
            "revenue": null,
            "common_shares": null,
            "book_valuer_per_share": null,
            "book_valuer_per_share_4q_avg": 0,
            "equity": null,
            "current_ratio": null,
            "debt_ratio": null,
            "inventory_turnover_ratio": null,
            "account_receivable_turnover_ratio": null,
            "reinvestment_rate": null,
            "research_to_sale_ratio": null,
            "price_fair": 0,
            "eps_avg_yearly": 0,
            "eps_latest_yearly": 0,
            "eps_growth_yearly": 0
        },
        "20014": {
            "year_quarter": 20014,
            "year": 2001,
            "quarter": 4,
            "eps": null,
            "eps_growth_year": null,
            "eps_4q": null,
            "eps_4q_growth_year": null,
            "roe": null,
            "roe_4q": 0,
            "gross_profit": null,
            "gross_margin": null,
            "gross_margin_4q_avg": 0,
            "net_income": null,
            "revenue": null,
            "common_shares": null,
            "book_valuer_per_share": null,
            "book_valuer_per_share_4q_avg": 0,
            "equity": null,
            "current_ratio": null,
            "debt_ratio": null,
            "inventory_turnover_ratio": null,
            "account_receivable_turnover_ratio": null,
            "reinvestment_rate": null,
            "research_to_sale_ratio": null,
            "price_fair": 0,
            "eps_avg_yearly": 0,
            "eps_latest_yearly": 0,
            "eps_growth_yearly": 0
        },
        "20021": {
            "year_quarter": 20021,
            "year": 2002,
            "quarter": 1,
            "eps": null,
            "eps_growth_year": null,
            "eps_4q": null,
            "eps_4q_growth_year": null,
            "roe": null,
            "roe_4q": 0,
            "gross_profit": null,
            "gross_margin": null,
            "gross_margin_4q_avg": 0,
            "net_income": null,
            "revenue": null,
            "common_shares": null,
            "book_valuer_per_share": null,
            "book_valuer_per_share_4q_avg": 0,
            "equity": null,
            "current_ratio": null,
            "debt_ratio": null,
            "inventory_turnover_ratio": null,
            "account_receivable_turnover_ratio": null,
            "reinvestment_rate": null,
            "research_to_sale_ratio": null,
            "price_fair": 0,
            "eps_avg_yearly": 0,
            "eps_latest_yearly": 0,
            "eps_growth_yearly": 0
        },
        "20022": {
            "year_quarter": 20022,
            "year": 2002,
            "quarter": 2,
            "eps": null,
            "eps_growth_year": null,
            "eps_4q": null,
            "eps_4q_growth_year": null,
            "roe": null,
            "roe_4q": 0,
            "gross_profit": null,
            "gross_margin": null,
            "gross_margin_4q_avg": 0,
            "net_income": null,
            "revenue": null,
            "common_shares": null,
            "book_valuer_per_share": null,
            "book_valuer_per_share_4q_avg": 0,
            "equity": null,
            "current_ratio": null,
            "debt_ratio": null,
            "inventory_turnover_ratio": null,
            "account_receivable_turnover_ratio": null,
            "reinvestment_rate": null,
            "research_to_sale_ratio": null,
            "price_fair": 0,
            "eps_avg_yearly": 0,
            "eps_latest_yearly": 0,
            "eps_growth_yearly": 0
        },
        "20023": {
            "year_quarter": 20023,
            "year": 2002,
            "quarter": 3,
            "eps": null,
            "eps_growth_year": null,
            "eps_4q": null,
            "eps_4q_growth_year": null,
            "roe": null,
            "roe_4q": 0,
            "gross_profit": null,
            "gross_margin": null,
            "gross_margin_4q_avg": 0,
            "net_income": null,
            "revenue": null,
            "common_shares": null,
            "book_valuer_per_share": null,
            "book_valuer_per_share_4q_avg": 0,
            "equity": null,
            "current_ratio": null,
            "debt_ratio": null,
            "inventory_turnover_ratio": null,
            "account_receivable_turnover_ratio": null,
            "reinvestment_rate": null,
            "research_to_sale_ratio": null,
            "price_fair": 0,
            "eps_avg_yearly": 0,
            "eps_latest_yearly": 0,
            "eps_growth_yearly": 0
        },
        "20024": {
            "year_quarter": 20024,
            "year": 2002,
            "quarter": 4,
            "eps": null,
            "eps_growth_year": null,
            "eps_4q": null,
            "eps_4q_growth_year": null,
            "roe": null,
            "roe_4q": 0,
            "gross_profit": null,
            "gross_margin": null,
            "gross_margin_4q_avg": 0,
            "net_income": null,
            "revenue": null,
            "common_shares": null,
            "book_valuer_per_share": null,
            "book_valuer_per_share_4q_avg": 0,
            "equity": null,
            "current_ratio": null,
            "debt_ratio": null,
            "inventory_turnover_ratio": null,
            "account_receivable_turnover_ratio": null,
            "reinvestment_rate": null,
            "research_to_sale_ratio": null,
            "price_fair": 0,
            "eps_avg_yearly": 0,
            "eps_latest_yearly": 0,
            "eps_growth_yearly": 0
        },
        "20031": {
            "year_quarter": 20031,
            "year": 2003,
            "quarter": 1,
            "eps": null,
            "eps_growth_year": null,
            "eps_4q": null,
            "eps_4q_growth_year": null,
            "roe": null,
            "roe_4q": 0,
            "gross_profit": null,
            "gross_margin": null,
            "gross_margin_4q_avg": 0,
            "net_income": null,
            "revenue": null,
            "common_shares": null,
            "book_valuer_per_share": null,
            "book_valuer_per_share_4q_avg": 0,
            "equity": null,
            "current_ratio": null,
            "debt_ratio": null,
            "inventory_turnover_ratio": null,
            "account_receivable_turnover_ratio": null,
            "reinvestment_rate": null,
            "research_to_sale_ratio": null,
            "price_fair": 0,
            "eps_avg_yearly": 0,
            "eps_latest_yearly": 0,
            "eps_growth_yearly": 0
        },
        "20032": {
            "year_quarter": 20032,
            "year": 2003,
            "quarter": 2,
            "eps": null,
            "eps_growth_year": null,
            "eps_4q": null,
            "eps_4q_growth_year": null,
            "roe": null,
            "roe_4q": 0,
            "gross_profit": null,
            "gross_margin": null,
            "gross_margin_4q_avg": 0,
            "net_income": null,
            "revenue": null,
            "common_shares": null,
            "book_valuer_per_share": null,
            "book_valuer_per_share_4q_avg": 0,
            "equity": null,
            "current_ratio": null,
            "debt_ratio": null,
            "inventory_turnover_ratio": null,
            "account_receivable_turnover_ratio": null,
            "reinvestment_rate": null,
            "research_to_sale_ratio": null,
            "price_fair": 0,
            "eps_avg_yearly": 0,
            "eps_latest_yearly": 0,
            "eps_growth_yearly": 0
        },
        "20033": {
            "year_quarter": 20033,
            "year": 2003,
            "quarter": 3,
            "eps": null,
            "eps_growth_year": null,
            "eps_4q": null,
            "eps_4q_growth_year": null,
            "roe": null,
            "roe_4q": 0,
            "gross_profit": null,
            "gross_margin": null,
            "gross_margin_4q_avg": 0,
            "net_income": null,
            "revenue": null,
            "common_shares": null,
            "book_valuer_per_share": null,
            "book_valuer_per_share_4q_avg": 0,
            "equity": null,
            "current_ratio": null,
            "debt_ratio": null,
            "inventory_turnover_ratio": null,
            "account_receivable_turnover_ratio": null,
            "reinvestment_rate": null,
            "research_to_sale_ratio": null,
            "price_fair": 0,
            "eps_avg_yearly": 0,
            "eps_latest_yearly": 0,
            "eps_growth_yearly": 0
        },
        "20034": {
            "year_quarter": 20034,
            "year": 2003,
            "quarter": 4,
            "eps": null,
            "eps_growth_year": null,
            "eps_4q": null,
            "eps_4q_growth_year": null,
            "roe": null,
            "roe_4q": 0,
            "gross_profit": null,
            "gross_margin": null,
            "gross_margin_4q_avg": 0,
            "net_income": null,
            "revenue": null,
            "common_shares": 256800,
            "book_valuer_per_share": 8.3,
            "book_valuer_per_share_4q_avg": 2.08,
            "equity": 213235,
            "current_ratio": 129.87,
            "debt_ratio": 67.29,
            "inventory_turnover_ratio": null,
            "account_receivable_turnover_ratio": null,
            "reinvestment_rate": null,
            "research_to_sale_ratio": null,
            "price_fair": 0,
            "eps_avg_yearly": 0,
            "eps_latest_yearly": 0,
            "eps_growth_yearly": 0
        },
        "20041": {
            "year_quarter": 20041,
            "year": 2004,
            "quarter": 1,
            "eps": null,
            "eps_growth_year": null,
            "eps_4q": null,
            "eps_4q_growth_year": null,
            "roe": null,
            "roe_4q": 0,
            "gross_profit": null,
            "gross_margin": null,
            "gross_margin_4q_avg": 0,
            "net_income": null,
            "revenue": null,
            "common_shares": null,
            "book_valuer_per_share": null,
            "book_valuer_per_share_4q_avg": 2.08,
            "equity": null,
            "current_ratio": null,
            "debt_ratio": null,
            "inventory_turnover_ratio": null,
            "account_receivable_turnover_ratio": null,
            "reinvestment_rate": null,
            "research_to_sale_ratio": null,
            "price_fair": 0,
            "eps_avg_yearly": 0,
            "eps_latest_yearly": 0,
            "eps_growth_yearly": 0
        },
        "20042": {
            "year_quarter": 20042,
            "year": 2004,
            "quarter": 2,
            "eps": null,
            "eps_growth_year": null,
            "eps_4q": null,
            "eps_4q_growth_year": null,
            "roe": null,
            "roe_4q": 0,
            "gross_profit": null,
            "gross_margin": null,
            "gross_margin_4q_avg": 0,
            "net_income": null,
            "revenue": null,
            "common_shares": null,
            "book_valuer_per_share": null,
            "book_valuer_per_share_4q_avg": 2.08,
            "equity": null,
            "current_ratio": null,
            "debt_ratio": null,
            "inventory_turnover_ratio": null,
            "account_receivable_turnover_ratio": null,
            "reinvestment_rate": null,
            "research_to_sale_ratio": null,
            "price_fair": 0,
            "eps_avg_yearly": 0,
            "eps_latest_yearly": 0,
            "eps_growth_yearly": 0
        },
        "20043": {
            "year_quarter": 20043,
            "year": 2004,
            "quarter": 3,
            "eps": null,
            "eps_growth_year": null,
            "eps_4q": null,
            "eps_4q_growth_year": null,
            "roe": null,
            "roe_4q": 0,
            "gross_profit": null,
            "gross_margin": null,
            "gross_margin_4q_avg": 0,
            "net_income": null,
            "revenue": null,
            "common_shares": null,
            "book_valuer_per_share": null,
            "book_valuer_per_share_4q_avg": 2.08,
            "equity": null,
            "current_ratio": null,
            "debt_ratio": null,
            "inventory_turnover_ratio": null,
            "account_receivable_turnover_ratio": null,
            "reinvestment_rate": null,
            "research_to_sale_ratio": null,
            "price_fair": 0,
            "eps_avg_yearly": 0,
            "eps_latest_yearly": 0,
            "eps_growth_yearly": 0
        },
        "20044": {
            "year_quarter": 20044,
            "year": 2004,
            "quarter": 4,
            "eps": null,
            "eps_growth_year": null,
            "eps_4q": null,
            "eps_4q_growth_year": null,
            "roe": null,
            "roe_4q": 0,
            "gross_profit": null,
            "gross_margin": null,
            "gross_margin_4q_avg": 0,
            "net_income": null,
            "revenue": null,
            "common_shares": 310000,
            "book_valuer_per_share": 9.13,
            "book_valuer_per_share_4q_avg": 2.28,
            "equity": 283036,
            "current_ratio": 126.31,
            "debt_ratio": 66.96,
            "inventory_turnover_ratio": null,
            "account_receivable_turnover_ratio": null,
            "reinvestment_rate": null,
            "research_to_sale_ratio": null,
            "price_fair": 0,
            "eps_avg_yearly": 0,
            "eps_latest_yearly": 0,
            "eps_growth_yearly": 0
        },
        "20051": {
            "year_quarter": 20051,
            "year": 2005,
            "quarter": 1,
            "eps": null,
            "eps_growth_year": null,
            "eps_4q": null,
            "eps_4q_growth_year": null,
            "roe": null,
            "roe_4q": 0,
            "gross_profit": null,
            "gross_margin": null,
            "gross_margin_4q_avg": 0,
            "net_income": null,
            "revenue": null,
            "common_shares": null,
            "book_valuer_per_share": null,
            "book_valuer_per_share_4q_avg": 2.28,
            "equity": null,
            "current_ratio": null,
            "debt_ratio": null,
            "inventory_turnover_ratio": null,
            "account_receivable_turnover_ratio": null,
            "reinvestment_rate": null,
            "research_to_sale_ratio": null,
            "price_fair": 0,
            "eps_avg_yearly": 0,
            "eps_latest_yearly": 0,
            "eps_growth_yearly": 0
        },
        "20052": {
            "year_quarter": 20052,
            "year": 2005,
            "quarter": 2,
            "eps": null,
            "eps_growth_year": null,
            "eps_4q": null,
            "eps_4q_growth_year": null,
            "roe": null,
            "roe_4q": 0,
            "gross_profit": null,
            "gross_margin": null,
            "gross_margin_4q_avg": 0,
            "net_income": null,
            "revenue": null,
            "common_shares": null,
            "book_valuer_per_share": null,
            "book_valuer_per_share_4q_avg": 2.28,
            "equity": null,
            "current_ratio": null,
            "debt_ratio": null,
            "inventory_turnover_ratio": null,
            "account_receivable_turnover_ratio": null,
            "reinvestment_rate": null,
            "research_to_sale_ratio": null,
            "price_fair": 0,
            "eps_avg_yearly": 0,
            "eps_latest_yearly": 0,
            "eps_growth_yearly": 0
        },
        "20053": {
            "year_quarter": 20053,
            "year": 2005,
            "quarter": 3,
            "eps": null,
            "eps_growth_year": null,
            "eps_4q": null,
            "eps_4q_growth_year": null,
            "roe": null,
            "roe_4q": 0,
            "gross_profit": null,
            "gross_margin": null,
            "gross_margin_4q_avg": 0,
            "net_income": null,
            "revenue": null,
            "common_shares": null,
            "book_valuer_per_share": null,
            "book_valuer_per_share_4q_avg": 2.28,
            "equity": null,
            "current_ratio": null,
            "debt_ratio": null,
            "inventory_turnover_ratio": null,
            "account_receivable_turnover_ratio": null,
            "reinvestment_rate": null,
            "research_to_sale_ratio": null,
            "price_fair": 0,
            "eps_avg_yearly": 0,
            "eps_latest_yearly": 0,
            "eps_growth_yearly": 0
        },
        "20054": {
            "year_quarter": 20054,
            "year": 2005,
            "quarter": 4,
            "eps": null,
            "eps_growth_year": null,
            "eps_4q": null,
            "eps_4q_growth_year": null,
            "roe": null,
            "roe_4q": 0,
            "gross_profit": null,
            "gross_margin": null,
            "gross_margin_4q_avg": 0,
            "net_income": null,
            "revenue": null,
            "common_shares": 310000,
            "book_valuer_per_share": 7.09,
            "book_valuer_per_share_4q_avg": 1.77,
            "equity": 219663,
            "current_ratio": 105.47,
            "debt_ratio": 78.08,
            "inventory_turnover_ratio": null,
            "account_receivable_turnover_ratio": null,
            "reinvestment_rate": null,
            "research_to_sale_ratio": null,
            "price_fair": 0,
            "eps_avg_yearly": 0,
            "eps_latest_yearly": 0,
            "eps_growth_yearly": 0
        },
        "20061": {
            "year_quarter": 20061,
            "year": 2006,
            "quarter": 1,
            "eps": null,
            "eps_growth_year": null,
            "eps_4q": null,
            "eps_4q_growth_year": null,
            "roe": null,
            "roe_4q": 0,
            "gross_profit": null,
            "gross_margin": null,
            "gross_margin_4q_avg": 0,
            "net_income": null,
            "revenue": null,
            "common_shares": null,
            "book_valuer_per_share": null,
            "book_valuer_per_share_4q_avg": 1.77,
            "equity": null,
            "current_ratio": null,
            "debt_ratio": null,
            "inventory_turnover_ratio": null,
            "account_receivable_turnover_ratio": null,
            "reinvestment_rate": null,
            "research_to_sale_ratio": null,
            "price_fair": 0,
            "eps_avg_yearly": 0,
            "eps_latest_yearly": 0,
            "eps_growth_yearly": 0
        },
        "20062": {
            "year_quarter": 20062,
            "year": 2006,
            "quarter": 2,
            "eps": null,
            "eps_growth_year": null,
            "eps_4q": null,
            "eps_4q_growth_year": null,
            "roe": null,
            "roe_4q": 0,
            "gross_profit": null,
            "gross_margin": null,
            "gross_margin_4q_avg": 0,
            "net_income": null,
            "revenue": null,
            "common_shares": null,
            "book_valuer_per_share": null,
            "book_valuer_per_share_4q_avg": 1.77,
            "equity": null,
            "current_ratio": null,
            "debt_ratio": null,
            "inventory_turnover_ratio": null,
            "account_receivable_turnover_ratio": null,
            "reinvestment_rate": null,
            "research_to_sale_ratio": null,
            "price_fair": 0,
            "eps_avg_yearly": 0,
            "eps_latest_yearly": 0,
            "eps_growth_yearly": 0
        },
        "20063": {
            "year_quarter": 20063,
            "year": 2006,
            "quarter": 3,
            "eps": null,
            "eps_growth_year": null,
            "eps_4q": null,
            "eps_4q_growth_year": null,
            "roe": null,
            "roe_4q": 0,
            "gross_profit": null,
            "gross_margin": null,
            "gross_margin_4q_avg": 0,
            "net_income": null,
            "revenue": null,
            "common_shares": null,
            "book_valuer_per_share": null,
            "book_valuer_per_share_4q_avg": 1.77,
            "equity": null,
            "current_ratio": null,
            "debt_ratio": null,
            "inventory_turnover_ratio": null,
            "account_receivable_turnover_ratio": null,
            "reinvestment_rate": null,
            "research_to_sale_ratio": null,
            "price_fair": 0,
            "eps_avg_yearly": 0,
            "eps_latest_yearly": 0,
            "eps_growth_yearly": 0
        },
        "20064": {
            "year_quarter": 20064,
            "year": 2006,
            "quarter": 4,
            "eps": null,
            "eps_growth_year": null,
            "eps_4q": null,
            "eps_4q_growth_year": null,
            "roe": null,
            "roe_4q": 0,
            "gross_profit": null,
            "gross_margin": null,
            "gross_margin_4q_avg": 0,
            "net_income": null,
            "revenue": null,
            "common_shares": 310000,
            "book_valuer_per_share": 8.99,
            "book_valuer_per_share_4q_avg": 2.25,
            "equity": 278629,
            "current_ratio": 111.71,
            "debt_ratio": 74.67,
            "inventory_turnover_ratio": null,
            "account_receivable_turnover_ratio": null,
            "reinvestment_rate": null,
            "research_to_sale_ratio": null,
            "price_fair": 0,
            "eps_avg_yearly": 0,
            "eps_latest_yearly": 0,
            "eps_growth_yearly": 0
        },
        "20071": {
            "year_quarter": 20071,
            "year": 2007,
            "quarter": 1,
            "eps": null,
            "eps_growth_year": null,
            "eps_4q": null,
            "eps_4q_growth_year": null,
            "roe": null,
            "roe_4q": 0,
            "gross_profit": null,
            "gross_margin": null,
            "gross_margin_4q_avg": 0,
            "net_income": null,
            "revenue": null,
            "common_shares": null,
            "book_valuer_per_share": null,
            "book_valuer_per_share_4q_avg": 2.25,
            "equity": null,
            "current_ratio": null,
            "debt_ratio": null,
            "inventory_turnover_ratio": null,
            "account_receivable_turnover_ratio": null,
            "reinvestment_rate": null,
            "research_to_sale_ratio": null,
            "price_fair": 0,
            "eps_avg_yearly": 0,
            "eps_latest_yearly": 0,
            "eps_growth_yearly": 0
        },
        "20072": {
            "year_quarter": 20072,
            "year": 2007,
            "quarter": 2,
            "eps": null,
            "eps_growth_year": null,
            "eps_4q": null,
            "eps_4q_growth_year": null,
            "roe": null,
            "roe_4q": 0,
            "gross_profit": null,
            "gross_margin": null,
            "gross_margin_4q_avg": 0,
            "net_income": null,
            "revenue": null,
            "common_shares": null,
            "book_valuer_per_share": null,
            "book_valuer_per_share_4q_avg": 2.25,
            "equity": null,
            "current_ratio": null,
            "debt_ratio": null,
            "inventory_turnover_ratio": null,
            "account_receivable_turnover_ratio": null,
            "reinvestment_rate": null,
            "research_to_sale_ratio": null,
            "price_fair": 0,
            "eps_avg_yearly": 0,
            "eps_latest_yearly": 0,
            "eps_growth_yearly": 0
        },
        "20073": {
            "year_quarter": 20073,
            "year": 2007,
            "quarter": 3,
            "eps": null,
            "eps_growth_year": null,
            "eps_4q": null,
            "eps_4q_growth_year": null,
            "roe": null,
            "roe_4q": 0,
            "gross_profit": null,
            "gross_margin": null,
            "gross_margin_4q_avg": 0,
            "net_income": null,
            "revenue": null,
            "common_shares": null,
            "book_valuer_per_share": null,
            "book_valuer_per_share_4q_avg": 2.25,
            "equity": null,
            "current_ratio": null,
            "debt_ratio": null,
            "inventory_turnover_ratio": null,
            "account_receivable_turnover_ratio": null,
            "reinvestment_rate": null,
            "research_to_sale_ratio": null,
            "price_fair": 0,
            "eps_avg_yearly": 0,
            "eps_latest_yearly": 0,
            "eps_growth_yearly": 0
        },
        "20074": {
            "year_quarter": 20074,
            "year": 2007,
            "quarter": 4,
            "eps": null,
            "eps_growth_year": null,
            "eps_4q": null,
            "eps_4q_growth_year": null,
            "roe": null,
            "roe_4q": 0,
            "gross_profit": null,
            "gross_margin": null,
            "gross_margin_4q_avg": 0,
            "net_income": null,
            "revenue": null,
            "common_shares": 380000,
            "book_valuer_per_share": 11.65,
            "book_valuer_per_share_4q_avg": 2.91,
            "equity": 442750,
            "current_ratio": 120.4,
            "debt_ratio": 69.51,
            "inventory_turnover_ratio": null,
            "account_receivable_turnover_ratio": null,
            "reinvestment_rate": null,
            "research_to_sale_ratio": null,
            "price_fair": 0,
            "eps_avg_yearly": 0,
            "eps_latest_yearly": 0,
            "eps_growth_yearly": 0
        },
        "20081": {
            "year_quarter": 20081,
            "year": 2008,
            "quarter": 1,
            "eps": null,
            "eps_growth_year": null,
            "eps_4q": null,
            "eps_4q_growth_year": null,
            "roe": null,
            "roe_4q": 0,
            "gross_profit": null,
            "gross_margin": null,
            "gross_margin_4q_avg": 0,
            "net_income": null,
            "revenue": null,
            "common_shares": null,
            "book_valuer_per_share": null,
            "book_valuer_per_share_4q_avg": 2.91,
            "equity": null,
            "current_ratio": null,
            "debt_ratio": null,
            "inventory_turnover_ratio": null,
            "account_receivable_turnover_ratio": null,
            "reinvestment_rate": null,
            "research_to_sale_ratio": null,
            "price_fair": 0,
            "eps_avg_yearly": 0,
            "eps_latest_yearly": 0,
            "eps_growth_yearly": 0
        },
        "20082": {
            "year_quarter": 20082,
            "year": 2008,
            "quarter": 2,
            "eps": null,
            "eps_growth_year": null,
            "eps_4q": null,
            "eps_4q_growth_year": null,
            "roe": null,
            "roe_4q": 0,
            "gross_profit": null,
            "gross_margin": null,
            "gross_margin_4q_avg": 0,
            "net_income": null,
            "revenue": null,
            "common_shares": null,
            "book_valuer_per_share": null,
            "book_valuer_per_share_4q_avg": 2.91,
            "equity": null,
            "current_ratio": null,
            "debt_ratio": null,
            "inventory_turnover_ratio": null,
            "account_receivable_turnover_ratio": null,
            "reinvestment_rate": null,
            "research_to_sale_ratio": null,
            "price_fair": 0,
            "eps_avg_yearly": 0,
            "eps_latest_yearly": 0,
            "eps_growth_yearly": 0
        },
        "20083": {
            "year_quarter": 20083,
            "year": 2008,
            "quarter": 3,
            "eps": null,
            "eps_growth_year": null,
            "eps_4q": null,
            "eps_4q_growth_year": null,
            "roe": null,
            "roe_4q": 0,
            "gross_profit": null,
            "gross_margin": null,
            "gross_margin_4q_avg": 0,
            "net_income": null,
            "revenue": null,
            "common_shares": null,
            "book_valuer_per_share": null,
            "book_valuer_per_share_4q_avg": 2.91,
            "equity": null,
            "current_ratio": null,
            "debt_ratio": null,
            "inventory_turnover_ratio": null,
            "account_receivable_turnover_ratio": null,
            "reinvestment_rate": null,
            "research_to_sale_ratio": null,
            "price_fair": 0,
            "eps_avg_yearly": 0,
            "eps_latest_yearly": 0,
            "eps_growth_yearly": 0
        },
        "20084": {
            "year_quarter": 20084,
            "year": 2008,
            "quarter": 4,
            "eps": null,
            "eps_growth_year": null,
            "eps_4q": null,
            "eps_4q_growth_year": null,
            "roe": null,
            "roe_4q": 0,
            "gross_profit": null,
            "gross_margin": null,
            "gross_margin_4q_avg": 0,
            "net_income": null,
            "revenue": null,
            "common_shares": 380000,
            "book_valuer_per_share": 14.29,
            "book_valuer_per_share_4q_avg": 3.57,
            "equity": 543034,
            "current_ratio": 115.7,
            "debt_ratio": 64.09,
            "inventory_turnover_ratio": null,
            "account_receivable_turnover_ratio": null,
            "reinvestment_rate": null,
            "research_to_sale_ratio": null,
            "price_fair": 0,
            "eps_avg_yearly": 0,
            "eps_latest_yearly": 0,
            "eps_growth_yearly": 0
        },
        "20091": {
            "year_quarter": 20091,
            "year": 2009,
            "quarter": 1,
            "eps": 0.82,
            "eps_growth_year": null,
            "eps_4q": null,
            "eps_4q_growth_year": null,
            "roe": 5.83,
            "roe_4q": 5.83,
            "gross_profit": 65443,
            "gross_margin": 16.95,
            "gross_margin_4q_avg": 4.24,
            "net_income": 32799,
            "revenue": 386154,
            "common_shares": 380000,
            "book_valuer_per_share": 15.31,
            "book_valuer_per_share_4q_avg": 7.4,
            "equity": 581926,
            "current_ratio": 136.53,
            "debt_ratio": 50.84,
            "inventory_turnover_ratio": 0.89,
            "account_receivable_turnover_ratio": 0.86,
            "reinvestment_rate": null,
            "research_to_sale_ratio": null,
            "price_fair": 0,
            "eps_avg_yearly": 0,
            "eps_latest_yearly": 0,
            "eps_growth_yearly": 0
        },
        "20092": {
            "year_quarter": 20092,
            "year": 2009,
            "quarter": 2,
            "eps": 0.61,
            "eps_growth_year": null,
            "eps_4q": null,
            "eps_4q_growth_year": null,
            "roe": 4.44,
            "roe_4q": 10.27,
            "gross_profit": 74233,
            "gross_margin": 16.5,
            "gross_margin_4q_avg": 8.36,
            "net_income": 24674,
            "revenue": 449973,
            "common_shares": 406097,
            "book_valuer_per_share": 13.03,
            "book_valuer_per_share_4q_avg": 10.66,
            "equity": 529284,
            "current_ratio": 121.86,
            "debt_ratio": 53.12,
            "inventory_turnover_ratio": 1.66,
            "account_receivable_turnover_ratio": 1.08,
            "reinvestment_rate": null,
            "research_to_sale_ratio": null,
            "price_fair": 7.32,
            "eps_avg_yearly": 2.44,
            "eps_latest_yearly": 2.44,
            "eps_growth_yearly": -102.44
        },
        "20093": {
            "year_quarter": 20093,
            "year": 2009,
            "quarter": 3,
            "eps": 0.63,
            "eps_growth_year": null,
            "eps_4q": null,
            "eps_4q_growth_year": null,
            "roe": 4.73,
            "roe_4q": 15.000000000000002,
            "gross_profit": 73162,
            "gross_margin": 17.46,
            "gross_margin_4q_avg": 12.73,
            "net_income": 25539,
            "revenue": 419139,
            "common_shares": 406097,
            "book_valuer_per_share": 13.55,
            "book_valuer_per_share_4q_avg": 14.05,
            "equity": 550150,
            "current_ratio": 116.57,
            "debt_ratio": 53.15,
            "inventory_turnover_ratio": 1.71,
            "account_receivable_turnover_ratio": 1.04,
            "reinvestment_rate": null,
            "research_to_sale_ratio": null,
            "price_fair": 7.44,
            "eps_avg_yearly": 2.48,
            "eps_latest_yearly": 2.52,
            "eps_growth_yearly": -44.66
        },
        "20094": {
            "year_quarter": 20094,
            "year": 2009,
            "quarter": 4,
            "eps": 1.35,
            "eps_growth_year": null,
            "eps_4q": 3.39,
            "eps_4q_growth_year": null,
            "roe": 9.52,
            "roe_4q": 24.520000000000003,
            "gross_profit": 107772,
            "gross_margin": 21.03,
            "gross_margin_4q_avg": 17.99,
            "net_income": 54701,
            "revenue": 512448,
            "common_shares": 406097,
            "book_valuer_per_share": 14.77,
            "book_valuer_per_share_4q_avg": 14.17,
            "equity": 599064,
            "current_ratio": 130.79,
            "debt_ratio": 57.65,
            "inventory_turnover_ratio": 1.57,
            "account_receivable_turnover_ratio": 2.11,
            "reinvestment_rate": null,
            "research_to_sale_ratio": null,
            "price_fair": 120.87,
            "eps_avg_yearly": 3.45,
            "eps_latest_yearly": 5.4,
            "eps_growth_yearly": 122.61
        },
        "20101": {
            "year_quarter": 20101,
            "year": 2010,
            "quarter": 1,
            "eps": 1.24,
            "eps_growth_year": 51.22,
            "eps_4q": 3.83,
            "eps_4q_growth_year": null,
            "roe": 7.92,
            "roe_4q": 26.61,
            "gross_profit": 159464,
            "gross_margin": 33.38,
            "gross_margin_4q_avg": 22.09,
            "net_income": 49680,
            "revenue": 477687,
            "common_shares": 406097,
            "book_valuer_per_share": 15.95,
            "book_valuer_per_share_4q_avg": 14.33,
            "equity": 655735,
            "current_ratio": 133.43,
            "debt_ratio": 56.5,
            "inventory_turnover_ratio": 0.87,
            "account_receivable_turnover_ratio": 0.99,
            "reinvestment_rate": null,
            "research_to_sale_ratio": 4.26,
            "price_fair": 134.05,
            "eps_avg_yearly": 3.83,
            "eps_latest_yearly": 4.96,
            "eps_growth_yearly": 83.81
        },
        "20102": {
            "year_quarter": 20102,
            "year": 2010,
            "quarter": 2,
            "eps": 4.62,
            "eps_growth_year": 658.15,
            "eps_4q": 7.84,
            "eps_4q_growth_year": null,
            "roe": 27.03,
            "roe_4q": 49.2,
            "gross_profit": 356506,
            "gross_margin": 37.24,
            "gross_margin_4q_avg": 27.28,
            "net_income": 187073,
            "revenue": 957369,
            "common_shares": 406097,
            "book_valuer_per_share": 17.76,
            "book_valuer_per_share_4q_avg": 15.51,
            "equity": 728456,
            "current_ratio": 120.13,
            "debt_ratio": 66.89,
            "inventory_turnover_ratio": 1.19,
            "account_receivable_turnover_ratio": 1.46,
            "reinvestment_rate": null,
            "research_to_sale_ratio": 2.67,
            "price_fair": 236.6,
            "eps_avg_yearly": 6.76,
            "eps_latest_yearly": 18.48,
            "eps_growth_yearly": 285.11
        },
        "20103": {
            "year_quarter": 20103,
            "year": 2010,
            "quarter": 3,
            "eps": 7.47,
            "eps_growth_year": 1085.6,
            "eps_4q": 13.98,
            "eps_4q_growth_year": null,
            "roe": 25.48,
            "roe_4q": 69.95,
            "gross_profit": 591423,
            "gross_margin": 38.1,
            "gross_margin_4q_avg": 32.44,
            "net_income": 335219,
            "revenue": 1552260,
            "common_shares": 450000,
            "book_valuer_per_share": 42.13,
            "book_valuer_per_share_4q_avg": 22.65,
            "equity": 1902329,
            "current_ratio": 194.01,
            "debt_ratio": 46.05,
            "inventory_turnover_ratio": 1.4,
            "account_receivable_turnover_ratio": 1.48,
            "reinvestment_rate": null,
            "research_to_sale_ratio": 2.75,
            "price_fair": 371.47,
            "eps_avg_yearly": 10.61,
            "eps_latest_yearly": 29.88,
            "eps_growth_yearly": 278.72
        },
        "20104": {
            "year_quarter": 20104,
            "year": 2010,
            "quarter": 4,
            "eps": 1.38,
            "eps_growth_year": 2.28,
            "eps_4q": 14.14,
            "eps_4q_growth_year": 317.11,
            "roe": 3.22,
            "roe_4q": 63.650000000000006,
            "gross_profit": 230535,
            "gross_margin": 25.08,
            "gross_margin_4q_avg": 33.45,
            "net_income": 61655,
            "revenue": 919319,
            "common_shares": 450000,
            "book_valuer_per_share": 42.79,
            "book_valuer_per_share_4q_avg": 29.66,
            "equity": 1931176,
            "current_ratio": 237.34,
            "debt_ratio": 36.44,
            "inventory_turnover_ratio": 0.91,
            "account_receivable_turnover_ratio": 0.98,
            "reinvestment_rate": null,
            "research_to_sale_ratio": 2.61,
            "price_fair": 346,
            "eps_avg_yearly": 9.89,
            "eps_latest_yearly": 5.52,
            "eps_growth_yearly": 192.31
        },
        "20111": {
            "year_quarter": 20111,
            "year": 2011,
            "quarter": 1,
            "eps": 1.31,
            "eps_growth_year": 5.65,
            "eps_4q": 14.33,
            "eps_4q_growth_year": 274.63,
            "roe": 2.97,
            "roe_4q": 58.7,
            "gross_profit": 170558,
            "gross_margin": 29.22,
            "gross_margin_4q_avg": 32.41,
            "net_income": 58361,
            "revenue": 583628,
            "common_shares": 450000,
            "book_valuer_per_share": 44.26,
            "book_valuer_per_share_4q_avg": 36.74,
            "equity": 1996919,
            "current_ratio": 234.24,
            "debt_ratio": 37.19,
            "inventory_turnover_ratio": 0.52,
            "account_receivable_turnover_ratio": 0.92,
            "reinvestment_rate": null,
            "research_to_sale_ratio": 4.37,
            "price_fair": 325.68,
            "eps_avg_yearly": 9.31,
            "eps_latest_yearly": 5.24,
            "eps_growth_yearly": 165.74
        },
        "20112": {
            "year_quarter": 20112,
            "year": 2011,
            "quarter": 2,
            "eps": 2,
            "eps_growth_year": -56.72,
            "eps_4q": 12.16,
            "eps_4q_growth_year": 55.06,
            "roe": 5.1,
            "roe_4q": 36.77,
            "gross_profit": 221757,
            "gross_margin": 26.38,
            "gross_margin_4q_avg": 29.7,
            "net_income": 90298,
            "revenue": 840584,
            "common_shares": 450000,
            "book_valuer_per_share": 34.16,
            "book_valuer_per_share_4q_avg": 40.84,
            "equity": 1542591,
            "current_ratio": 169.83,
            "debt_ratio": 50.73,
            "inventory_turnover_ratio": 0.78,
            "account_receivable_turnover_ratio": 1.17,
            "reinvestment_rate": null,
            "research_to_sale_ratio": 3.46,
            "price_fair": 320.6,
            "eps_avg_yearly": 9.16,
            "eps_latest_yearly": 8,
            "eps_growth_yearly": 170.73
        },
        "20113": {
            "year_quarter": 20113,
            "year": 2011,
            "quarter": 3,
            "eps": 1.37,
            "eps_growth_year": -81.72,
            "eps_4q": 6.06,
            "eps_4q_growth_year": -56.67,
            "roe": 3.88,
            "roe_4q": 15.170000000000002,
            "gross_profit": 156049,
            "gross_margin": 24.85,
            "gross_margin_4q_avg": 26.38,
            "net_income": 61789,
            "revenue": 627885,
            "common_shares": 450000,
            "book_valuer_per_share": 36.43,
            "book_valuer_per_share_4q_avg": 39.41,
            "equity": 1645185,
            "current_ratio": 220.58,
            "debt_ratio": 38.06,
            "inventory_turnover_ratio": 0.64,
            "account_receivable_turnover_ratio": 0.79,
            "reinvestment_rate": null,
            "research_to_sale_ratio": 4.43,
            "price_fair": 307.72,
            "eps_avg_yearly": 8.79,
            "eps_latest_yearly": 5.48,
            "eps_growth_yearly": 141.06
        },
        "20114": {
            "year_quarter": 20114,
            "year": 2011,
            "quarter": 4,
            "eps": 1.3,
            "eps_growth_year": -5.49,
            "eps_4q": 5.98,
            "eps_4q_growth_year": -57.71,
            "roe": 3.52,
            "roe_4q": 15.47,
            "gross_profit": 161763,
            "gross_margin": 24.87,
            "gross_margin_4q_avg": 26.33,
            "net_income": 58788,
            "revenue": 650367,
            "common_shares": 450000,
            "book_valuer_per_share": 37.63,
            "book_valuer_per_share_4q_avg": 38.12,
            "equity": 1699509,
            "current_ratio": 236.65,
            "debt_ratio": 35.94,
            "inventory_turnover_ratio": 0.7,
            "account_receivable_turnover_ratio": 0.96,
            "reinvestment_rate": null,
            "research_to_sale_ratio": 4.23,
            "price_fair": 296.29,
            "eps_avg_yearly": 8.47,
            "eps_latest_yearly": 5.2,
            "eps_growth_yearly": 126.38
        },
        "20121": {
            "year_quarter": 20121,
            "year": 2012,
            "quarter": 1,
            "eps": 0.83,
            "eps_growth_year": -36.64,
            "eps_4q": 5.5,
            "eps_4q_growth_year": -61.62,
            "roe": 2.18,
            "roe_4q": 14.68,
            "gross_profit": 150752,
            "gross_margin": 24.15,
            "gross_margin_4q_avg": 25.06,
            "net_income": 37292,
            "revenue": 624173,
            "common_shares": 450000,
            "book_valuer_per_share": 38.19,
            "book_valuer_per_share_4q_avg": 36.6,
            "equity": 1724340,
            "current_ratio": 234.08,
            "debt_ratio": 34.52,
            "inventory_turnover_ratio": 0.76,
            "account_receivable_turnover_ratio": 1.17,
            "reinvestment_rate": null,
            "research_to_sale_ratio": 4.52,
            "price_fair": 281.28,
            "eps_avg_yearly": 8.04,
            "eps_latest_yearly": 3.32,
            "eps_growth_yearly": 103.8
        },
        "20122": {
            "year_quarter": 20122,
            "year": 2012,
            "quarter": 2,
            "eps": 0.41,
            "eps_growth_year": -79.57,
            "eps_4q": 3.91,
            "eps_4q_growth_year": -67.86,
            "roe": 1.12,
            "roe_4q": 10.7,
            "gross_profit": 111217,
            "gross_margin": 20.75,
            "gross_margin_4q_avg": 23.66,
            "net_income": 18223,
            "revenue": 536060,
            "common_shares": 450000,
            "book_valuer_per_share": 33.68,
            "book_valuer_per_share_4q_avg": 36.48,
            "equity": 1521525,
            "current_ratio": 189.45,
            "debt_ratio": 42.14,
            "inventory_turnover_ratio": 0.73,
            "account_receivable_turnover_ratio": 1.05,
            "reinvestment_rate": null,
            "research_to_sale_ratio": 5.2,
            "price_fair": 264.06,
            "eps_avg_yearly": 7.54,
            "eps_latest_yearly": 1.64,
            "eps_growth_yearly": 80.24
        },
        "20123": {
            "year_quarter": 20123,
            "year": 2012,
            "quarter": 3,
            "eps": 0.45,
            "eps_growth_year": -66.81,
            "eps_4q": 3,
            "eps_4q_growth_year": -50.54,
            "roe": 1.38,
            "roe_4q": 8.2,
            "gross_profit": 120268,
            "gross_margin": 20.34,
            "gross_margin_4q_avg": 22.53,
            "net_income": 21033,
            "revenue": 591395,
            "common_shares": 450000,
            "book_valuer_per_share": 33.91,
            "book_valuer_per_share_4q_avg": 35.85,
            "equity": 1532284,
            "current_ratio": 220.58,
            "debt_ratio": 34.49,
            "inventory_turnover_ratio": 0.82,
            "account_receivable_turnover_ratio": 1.23,
            "reinvestment_rate": null,
            "research_to_sale_ratio": 4.88,
            "price_fair": 249.7,
            "eps_avg_yearly": 7.13,
            "eps_latest_yearly": 1.8,
            "eps_growth_yearly": 77.3
        },
        "20124": {
            "year_quarter": 20124,
            "year": 2012,
            "quarter": 4,
            "eps": 0.79,
            "eps_growth_year": -39.5,
            "eps_4q": 2.48,
            "eps_4q_growth_year": -58.53,
            "roe": 2.26,
            "roe_4q": 6.9399999999999995,
            "gross_profit": 140791,
            "gross_margin": 24.74,
            "gross_margin_4q_avg": 22.5,
            "net_income": 35085,
            "revenue": 569012,
            "common_shares": 450000,
            "book_valuer_per_share": 34.83,
            "book_valuer_per_share_4q_avg": 35.15,
            "equity": 1573209,
            "current_ratio": 227.77,
            "debt_ratio": 33.15,
            "inventory_turnover_ratio": 0.74,
            "account_receivable_turnover_ratio": 1.29,
            "reinvestment_rate": 71.18,
            "research_to_sale_ratio": 5.12,
            "price_fair": 240.43,
            "eps_avg_yearly": 6.87,
            "eps_latest_yearly": 3.16,
            "eps_growth_yearly": 92.29
        },
        "20131": {
            "year_quarter": 20131,
            "year": 2013,
            "quarter": 1,
            "eps": 0.5,
            "eps_growth_year": -39.76,
            "eps_4q": 2.15,
            "eps_4q_growth_year": -60.9,
            "roe": 1.47,
            "roe_4q": 6.2299999999999995,
            "gross_profit": 121630,
            "gross_margin": 22.41,
            "gross_margin_4q_avg": 22.06,
            "net_income": 23275,
            "revenue": 542819,
            "common_shares": 450000,
            "book_valuer_per_share": 35.09,
            "book_valuer_per_share_4q_avg": 34.38,
            "equity": 1586090,
            "current_ratio": 221.61,
            "debt_ratio": 34.8,
            "inventory_turnover_ratio": 0.69,
            "account_receivable_turnover_ratio": 1.3,
            "reinvestment_rate": 40.31,
            "research_to_sale_ratio": 5.93,
            "price_fair": 229.78,
            "eps_avg_yearly": 6.57,
            "eps_latest_yearly": 2,
            "eps_growth_yearly": 77.35
        },
        "20132": {
            "year_quarter": 20132,
            "year": 2013,
            "quarter": 2,
            "eps": 0.93,
            "eps_growth_year": 127.43,
            "eps_4q": 2.67,
            "eps_4q_growth_year": -31.64,
            "roe": 2.73,
            "roe_4q": 7.84,
            "gross_profit": 158617,
            "gross_margin": 22.64,
            "gross_margin_4q_avg": 22.53,
            "net_income": 42410,
            "revenue": 700732,
            "common_shares": 450000,
            "book_valuer_per_share": 33.7,
            "book_valuer_per_share_4q_avg": 34.38,
            "equity": 1523971,
            "current_ratio": 191.1,
            "debt_ratio": 40.33,
            "inventory_turnover_ratio": 0.84,
            "account_receivable_turnover_ratio": 1.52,
            "reinvestment_rate": 39.5,
            "research_to_sale_ratio": 4.07,
            "price_fair": 232.58,
            "eps_avg_yearly": 6.65,
            "eps_latest_yearly": 3.72,
            "eps_growth_yearly": 105.25
        },
        "20133": {
            "year_quarter": 20133,
            "year": 2013,
            "quarter": 3,
            "eps": 0.68,
            "eps_growth_year": 50.02,
            "eps_4q": 2.9,
            "eps_4q_growth_year": -3.09,
            "roe": 2.06,
            "roe_4q": 8.52,
            "gross_profit": 145221,
            "gross_margin": 25.5,
            "gross_margin_4q_avg": 23.82,
            "net_income": 31704,
            "revenue": 569472,
            "common_shares": 450000,
            "book_valuer_per_share": 34.25,
            "book_valuer_per_share_4q_avg": 34.47,
            "equity": 1549516,
            "current_ratio": 199.58,
            "debt_ratio": 36.69,
            "inventory_turnover_ratio": 0.64,
            "account_receivable_turnover_ratio": 1.21,
            "reinvestment_rate": 44.57,
            "research_to_sale_ratio": 4.95,
            "price_fair": 233.01,
            "eps_avg_yearly": 6.66,
            "eps_latest_yearly": 2.72,
            "eps_growth_yearly": 97.71
        },
        "20134": {
            "year_quarter": 20134,
            "year": 2013,
            "quarter": 4,
            "eps": 1.08,
            "eps_growth_year": 37.24,
            "eps_4q": 3.2,
            "eps_4q_growth_year": 28.91,
            "roe": 3.1,
            "roe_4q": 9.360000000000001,
            "gross_profit": 150419,
            "gross_margin": 24.53,
            "gross_margin_4q_avg": 23.77,
            "net_income": 49148,
            "revenue": 613188,
            "common_shares": 450000,
            "book_valuer_per_share": 35.78,
            "book_valuer_per_share_4q_avg": 34.71,
            "equity": 1619069,
            "current_ratio": 203.66,
            "debt_ratio": 36.26,
            "inventory_turnover_ratio": 0.68,
            "account_receivable_turnover_ratio": 1.36,
            "reinvestment_rate": -5.4,
            "research_to_sale_ratio": 4.74,
            "price_fair": 230.65,
            "eps_avg_yearly": 6.59,
            "eps_latest_yearly": 4.32,
            "eps_growth_yearly": 83.84
        },
        "20141": {
            "year_quarter": 20141,
            "year": 2014,
            "quarter": 1,
            "eps": 0.96,
            "eps_growth_year": 92,
            "eps_4q": 3.66,
            "eps_4q_growth_year": 70.25,
            "roe": 2.67,
            "roe_4q": 10.56,
            "gross_profit": 148980,
            "gross_margin": 24.68,
            "gross_margin_4q_avg": 24.34,
            "net_income": 43749,
            "revenue": 603536,
            "common_shares": 450000,
            "book_valuer_per_share": 36.74,
            "book_valuer_per_share_4q_avg": 35.12,
            "equity": 1662642,
            "current_ratio": 212.63,
            "debt_ratio": 35.48,
            "inventory_turnover_ratio": 0.64,
            "account_receivable_turnover_ratio": 1.31,
            "reinvestment_rate": -7.55,
            "research_to_sale_ratio": 4.67,
            "price_fair": 228.2,
            "eps_avg_yearly": 6.52,
            "eps_latest_yearly": 3.84,
            "eps_growth_yearly": 83.1
        },
        "20142": {
            "year_quarter": 20142,
            "year": 2014,
            "quarter": 2,
            "eps": 0.9,
            "eps_growth_year": -3.23,
            "eps_4q": 3.62,
            "eps_4q_growth_year": 35.6,
            "roe": 2.47,
            "roe_4q": 10.3,
            "gross_profit": 159001,
            "gross_margin": 23.03,
            "gross_margin_4q_avg": 24.44,
            "net_income": 40021,
            "revenue": 690315,
            "common_shares": 450000,
            "book_valuer_per_share": 34.92,
            "book_valuer_per_share_4q_avg": 35.42,
            "equity": 1580601,
            "current_ratio": 181.13,
            "debt_ratio": 42.05,
            "inventory_turnover_ratio": 0.68,
            "account_receivable_turnover_ratio": 1.5,
            "reinvestment_rate": -25.21,
            "research_to_sale_ratio": 4.26,
            "price_fair": 130.78,
            "eps_avg_yearly": 5.59,
            "eps_latest_yearly": 3.6,
            "eps_growth_yearly": 13.39
        },
        "20143": {
            "year_quarter": 20143,
            "year": 2014,
            "quarter": 3,
            "eps": 1.55,
            "eps_growth_year": 127.94,
            "eps_4q": 4.48,
            "eps_4q_growth_year": 54.47,
            "roe": 4.28,
            "roe_4q": 12.52,
            "gross_profit": 183788,
            "gross_margin": 23.49,
            "gross_margin_4q_avg": 23.93,
            "net_income": 69488,
            "revenue": 782482,
            "common_shares": 450000,
            "book_valuer_per_share": 36.78,
            "book_valuer_per_share_4q_avg": 36.06,
            "equity": 1664448,
            "current_ratio": 200.85,
            "debt_ratio": 37.79,
            "inventory_turnover_ratio": 0.72,
            "account_receivable_turnover_ratio": 1.5,
            "reinvestment_rate": -41.95,
            "research_to_sale_ratio": 4.02,
            "price_fair": 106.98,
            "eps_avg_yearly": 4.11,
            "eps_latest_yearly": 6.2,
            "eps_growth_yearly": 16.03
        },
        "20144": {
            "year_quarter": 20144,
            "year": 2014,
            "quarter": 4,
            "eps": 1.31,
            "eps_growth_year": 20.94,
            "eps_4q": 4.71,
            "eps_4q_growth_year": 47.36,
            "roe": 3.45,
            "roe_4q": 12.870000000000001,
            "gross_profit": 165740,
            "gross_margin": 22.05,
            "gross_margin_4q_avg": 23.31,
            "net_income": 58608,
            "revenue": 751663,
            "common_shares": 450000,
            "book_valuer_per_share": 38.32,
            "book_valuer_per_share_4q_avg": 36.69,
            "equity": 1733362,
            "current_ratio": 191.83,
            "debt_ratio": 40.4,
            "inventory_turnover_ratio": 0.66,
            "account_receivable_turnover_ratio": 1.29,
            "reinvestment_rate": -36.15,
            "research_to_sale_ratio": 4.08,
            "price_fair": 143.24,
            "eps_avg_yearly": 4.09,
            "eps_latest_yearly": 5.24,
            "eps_growth_yearly": 32.54
        },
        "20151": {
            "year_quarter": 20151,
            "year": 2015,
            "quarter": 1,
            "eps": 1.17,
            "eps_growth_year": 21.88,
            "eps_4q": 4.92,
            "eps_4q_growth_year": 34.29,
            "roe": 3,
            "roe_4q": 13.200000000000001,
            "gross_profit": 170559,
            "gross_margin": 24.76,
            "gross_margin_4q_avg": 23.33,
            "net_income": 52706,
            "revenue": 688909,
            "common_shares": 450000,
            "book_valuer_per_share": 39.34,
            "book_valuer_per_share_4q_avg": 37.34,
            "equity": 1779486,
            "current_ratio": 218.64,
            "debt_ratio": 34.93,
            "inventory_turnover_ratio": 0.57,
            "account_receivable_turnover_ratio": 1.34,
            "reinvestment_rate": -33.87,
            "research_to_sale_ratio": 4.45,
            "price_fair": 142.01,
            "eps_avg_yearly": 4.06,
            "eps_latest_yearly": 4.68,
            "eps_growth_yearly": 31.14
        },
        "20152": {
            "year_quarter": 20152,
            "year": 2015,
            "quarter": 2,
            "eps": 1.13,
            "eps_growth_year": 25.56,
            "eps_4q": 5.16,
            "eps_4q_growth_year": 42.45,
            "roe": 3.01,
            "roe_4q": 13.740000000000002,
            "gross_profit": 175720,
            "gross_margin": 23.33,
            "gross_margin_4q_avg": 23.41,
            "net_income": 51425,
            "revenue": 753185,
            "common_shares": 450000,
            "book_valuer_per_share": 36.3,
            "book_valuer_per_share_4q_avg": 37.69,
            "equity": 1642803,
            "current_ratio": 178.78,
            "debt_ratio": 41.94,
            "inventory_turnover_ratio": 0.65,
            "account_receivable_turnover_ratio": 1.54,
            "reinvestment_rate": -32.58,
            "research_to_sale_ratio": 4.23,
            "price_fair": 104.11,
            "eps_avg_yearly": 3.84,
            "eps_latest_yearly": 4.52,
            "eps_growth_yearly": 17.11
        },
        "20153": {
            "year_quarter": 20153,
            "year": 2015,
            "quarter": 3,
            "eps": 0.65,
            "eps_growth_year": -58.06,
            "eps_4q": 4.27,
            "eps_4q_growth_year": -4.87,
            "roe": 1.74,
            "roe_4q": 11.2,
            "gross_profit": 120154,
            "gross_margin": 20.17,
            "gross_margin_4q_avg": 22.58,
            "net_income": 29025,
            "revenue": 595661,
            "common_shares": 450000,
            "book_valuer_per_share": 37.51,
            "book_valuer_per_share_4q_avg": 37.87,
            "equity": 1697125,
            "current_ratio": 187.2,
            "debt_ratio": 39.5,
            "inventory_turnover_ratio": 0.52,
            "account_receivable_turnover_ratio": 1.05,
            "reinvestment_rate": -39.02,
            "research_to_sale_ratio": 5.1,
            "price_fair": 89.19,
            "eps_avg_yearly": 3.66,
            "eps_latest_yearly": 2.6,
            "eps_growth_yearly": 14.37
        },
        "20154": {
            "year_quarter": 20154,
            "year": 2015,
            "quarter": 4,
            "eps": 0.96,
            "eps_growth_year": -26.57,
            "eps_4q": 3.92,
            "eps_4q_growth_year": -16.85,
            "roe": 2.54,
            "roe_4q": 10.29,
            "gross_profit": 172680,
            "gross_margin": 24.69,
            "gross_margin_4q_avg": 23.24,
            "net_income": 43579,
            "revenue": 699455,
            "common_shares": 450000,
            "book_valuer_per_share": 38.27,
            "book_valuer_per_share_4q_avg": 37.86,
            "equity": 1731588,
            "current_ratio": 182.43,
            "debt_ratio": 40.96,
            "inventory_turnover_ratio": 0.56,
            "account_receivable_turnover_ratio": 1.15,
            "reinvestment_rate": -39.99,
            "research_to_sale_ratio": 4.7,
            "price_fair": 125.13,
            "eps_avg_yearly": 3.58,
            "eps_latest_yearly": 3.84,
            "eps_growth_yearly": 27.57
        },
        "20161": {
            "year_quarter": 20161,
            "year": 2016,
            "quarter": 1,
            "eps": -0.33,
            "eps_growth_year": -128.21,
            "eps_4q": 2.42,
            "eps_4q_growth_year": -50.87,
            "roe": -0.86,
            "roe_4q": 6.43,
            "gross_profit": 103829,
            "gross_margin": 21.5,
            "gross_margin_4q_avg": 22.42,
            "net_income": -14774,
            "revenue": 482921,
            "common_shares": 450000,
            "book_valuer_per_share": 37.71,
            "book_valuer_per_share_4q_avg": 37.45,
            "equity": 1706658,
            "current_ratio": 191.07,
            "debt_ratio": 37.58,
            "inventory_turnover_ratio": 0.41,
            "account_receivable_turnover_ratio": 0.86,
            "reinvestment_rate": -45.56,
            "research_to_sale_ratio": 6.79,
            "price_fair": 125.72,
            "eps_avg_yearly": 3.59,
            "eps_latest_yearly": 3.84,
            "eps_growth_yearly": 39.05
        },
        "20162": {
            "year_quarter": 20162,
            "year": 2016,
            "quarter": 2,
            "eps": 1.06,
            "eps_growth_year": -6.19,
            "eps_4q": 2.34,
            "eps_4q_growth_year": -54.66,
            "roe": 2.87,
            "roe_4q": 6.290000000000001,
            "gross_profit": 169255,
            "gross_margin": 22.92,
            "gross_margin_4q_avg": 22.32,
            "net_income": 47327,
            "revenue": 738400,
            "common_shares": 450000,
            "book_valuer_per_share": 35.29,
            "book_valuer_per_share_4q_avg": 37.2,
            "equity": 1596876,
            "current_ratio": 165.86,
            "debt_ratio": 42.04,
            "inventory_turnover_ratio": 0.64,
            "account_receivable_turnover_ratio": 1.36,
            "reinvestment_rate": -38.96,
            "research_to_sale_ratio": 4.64,
            "price_fair": 130.6,
            "eps_avg_yearly": 3.73,
            "eps_latest_yearly": 3.84,
            "eps_growth_yearly": 56.29
        },
        "20163": {
            "year_quarter": 20163,
            "year": 2016,
            "quarter": 3,
            "eps": 0.16,
            "eps_growth_year": -75.38,
            "eps_4q": 1.84,
            "eps_4q_growth_year": -56.78,
            "roe": 0.45,
            "roe_4q": 5,
            "gross_profit": 118734,
            "gross_margin": 20.9,
            "gross_margin_4q_avg": 22.5,
            "net_income": 7158,
            "revenue": 568147,
            "common_shares": 450000,
            "book_valuer_per_share": 35.07,
            "book_valuer_per_share_4q_avg": 36.59,
            "equity": 1587076,
            "current_ratio": 158.73,
            "debt_ratio": 43.25,
            "inventory_turnover_ratio": 0.51,
            "account_receivable_turnover_ratio": 1.09,
            "reinvestment_rate": -39.72,
            "research_to_sale_ratio": 6.29,
            "price_fair": 127.7,
            "eps_avg_yearly": 3.65,
            "eps_latest_yearly": 0.64,
            "eps_growth_yearly": 29.25
        },
        "20164": {
            "year_quarter": 20164,
            "year": 2016,
            "quarter": 4,
            "eps": 1.37,
            "eps_growth_year": 42.85,
            "eps_4q": 2.26,
            "eps_4q_growth_year": -42.41,
            "roe": 3.83,
            "roe_4q": 6.29,
            "gross_profit": 188854,
            "gross_margin": 29.9,
            "gross_margin_4q_avg": 23.81,
            "net_income": 61792,
            "revenue": 631576,
            "common_shares": 450000,
            "book_valuer_per_share": 36.29,
            "book_valuer_per_share_4q_avg": 36.09,
            "equity": 1641494,
            "current_ratio": 162.62,
            "debt_ratio": 43.08,
            "inventory_turnover_ratio": 0.48,
            "account_receivable_turnover_ratio": 1.28,
            "reinvestment_rate": -40.64,
            "research_to_sale_ratio": 5.76,
            "price_fair": 133.5,
            "eps_avg_yearly": 3.81,
            "eps_latest_yearly": 5.48,
            "eps_growth_yearly": 223.73
        },
        "20171": {
            "year_quarter": 20171,
            "year": 2017,
            "quarter": 1,
            "eps": -0.08,
            "eps_growth_year": null,
            "eps_4q": 2.51,
            "eps_4q_growth_year": 3.76,
            "roe": -0.22,
            "roe_4q": 6.93,
            "gross_profit": 120453,
            "gross_margin": 20.26,
            "gross_margin_4q_avg": 23.5,
            "net_income": -3644,
            "revenue": 594570,
            "common_shares": 450000,
            "book_valuer_per_share": 35.51,
            "book_valuer_per_share_4q_avg": 35.54,
            "equity": 1606028,
            "current_ratio": 179.1,
            "debt_ratio": 37.75,
            "inventory_turnover_ratio": 0.54,
            "account_receivable_turnover_ratio": 1.27,
            "reinvestment_rate": 52.35,
            "research_to_sale_ratio": 6.13,
            "price_fair": 138.38,
            "eps_avg_yearly": 3.95,
            "eps_latest_yearly": 5.48,
            "eps_growth_yearly": 252.24
        },
        "20172": {
            "year_quarter": 20172,
            "year": 2017,
            "quarter": 2,
            "eps": 0.42,
            "eps_growth_year": -60.38,
            "eps_4q": 1.87,
            "eps_4q_growth_year": -20.03,
            "roe": 1.23,
            "roe_4q": 5.29,
            "gross_profit": 133478,
            "gross_margin": 23.36,
            "gross_margin_4q_avg": 23.61,
            "net_income": 19073,
            "revenue": 571442,
            "common_shares": 450000,
            "book_valuer_per_share": 33.13,
            "book_valuer_per_share_4q_avg": 35,
            "equity": 1499359,
            "current_ratio": 161.67,
            "debt_ratio": 41.57,
            "inventory_turnover_ratio": 0.55,
            "account_receivable_turnover_ratio": 1.27,
            "reinvestment_rate": 53.94,
            "research_to_sale_ratio": 6.21,
            "price_fair": 139.07,
            "eps_avg_yearly": 3.97,
            "eps_latest_yearly": 5.48,
            "eps_growth_yearly": 244.59
        },
        "20173": {
            "year_quarter": 20173,
            "year": 2017,
            "quarter": 3,
            "eps": 0.55,
            "eps_growth_year": 243.75,
            "eps_4q": 2.27,
            "eps_4q_growth_year": 23.05,
            "roe": 1.67,
            "roe_4q": 6.51,
            "gross_profit": 143680,
            "gross_margin": 24.35,
            "gross_margin_4q_avg": 24.47,
            "net_income": 25300,
            "revenue": 589955,
            "common_shares": 450000,
            "book_valuer_per_share": 33.82,
            "book_valuer_per_share_4q_avg": 34.69,
            "equity": 1530971,
            "current_ratio": 164.51,
            "debt_ratio": 41.67,
            "inventory_turnover_ratio": 0.56,
            "account_receivable_turnover_ratio": 1.2,
            "reinvestment_rate": 41.14,
            "research_to_sale_ratio": 5.83,
            "price_fair": 137.55,
            "eps_avg_yearly": 3.93,
            "eps_latest_yearly": 2.2,
            "eps_growth_yearly": 263.87
        },
        "20174": {
            "year_quarter": 20174,
            "year": 2017,
            "quarter": 4,
            "eps": 0.87,
            "eps_growth_year": -36.38,
            "eps_4q": 1.77,
            "eps_4q_growth_year": -21.59,
            "roe": 2.57,
            "roe_4q": 5.250000000000001,
            "gross_profit": 164164,
            "gross_margin": 25.7,
            "gross_margin_4q_avg": 23.42,
            "net_income": 39810,
            "revenue": 638871,
            "common_shares": 450000,
            "book_valuer_per_share": 34.69,
            "book_valuer_per_share_4q_avg": 34.29,
            "equity": 1570646,
            "current_ratio": 164.61,
            "debt_ratio": 42.87,
            "inventory_turnover_ratio": 0.55,
            "account_receivable_turnover_ratio": 1.16,
            "reinvestment_rate": 34.62,
            "research_to_sale_ratio": 5.94,
            "price_fair": 135.1,
            "eps_avg_yearly": 3.86,
            "eps_latest_yearly": 3.48,
            "eps_growth_yearly": 263.65
        },
        "20181": {
            "year_quarter": 20181,
            "year": 2018,
            "quarter": 1,
            "eps": 0.52,
            "eps_growth_year": null,
            "eps_4q": 2.38,
            "eps_4q_growth_year": -5.2,
            "roe": 1.51,
            "roe_4q": 6.98,
            "gross_profit": 173676,
            "gross_margin": 25.36,
            "gross_margin_4q_avg": 24.69,
            "net_income": 23859,
            "revenue": 684843,
            "common_shares": 450000,
            "book_valuer_per_share": 35.33,
            "book_valuer_per_share_4q_avg": 34.24,
            "equity": 1599697,
            "current_ratio": 174.54,
            "debt_ratio": 40.96,
            "inventory_turnover_ratio": 0.59,
            "account_receivable_turnover_ratio": 1.23,
            "reinvestment_rate": 28.82,
            "research_to_sale_ratio": 5.44,
            "price_fair": 129.97,
            "eps_avg_yearly": 3.71,
            "eps_latest_yearly": 2.08,
            "eps_growth_yearly": 253.95
        },
        "20182": {
            "year_quarter": 20182,
            "year": 2018,
            "quarter": 2,
            "eps": 0.5,
            "eps_growth_year": 19.05,
            "eps_4q": 2.45,
            "eps_4q_growth_year": 30.83,
            "roe": 1.5,
            "roe_4q": 7.25,
            "gross_profit": 149285,
            "gross_margin": 25.28,
            "gross_margin_4q_avg": 25.17,
            "net_income": 23355,
            "revenue": 590608,
            "common_shares": 450000,
            "book_valuer_per_share": 33.33,
            "book_valuer_per_share_4q_avg": 34.29,
            "equity": 1510754,
            "current_ratio": 160.88,
            "debt_ratio": 44.24,
            "inventory_turnover_ratio": 0.47,
            "account_receivable_turnover_ratio": 1.24,
            "reinvestment_rate": 30.63,
            "research_to_sale_ratio": 6.59,
            "price_fair": 125.3,
            "eps_avg_yearly": 3.58,
            "eps_latest_yearly": 2,
            "eps_growth_yearly": 254.75
        },
        "20183": {
            "year_quarter": 20183,
            "year": 2018,
            "quarter": 3,
            "eps": 0.36,
            "eps_growth_year": -34.55,
            "eps_4q": 2.25,
            "eps_4q_growth_year": -0.75,
            "roe": 1.09,
            "roe_4q": 6.67,
            "gross_profit": 145125,
            "gross_margin": 23.3,
            "gross_margin_4q_avg": 24.91,
            "net_income": 16518,
            "revenue": 622755,
            "common_shares": 450000,
            "book_valuer_per_share": 33.37,
            "book_valuer_per_share_4q_avg": 34.18,
            "equity": 1512560,
            "current_ratio": 155.73,
            "debt_ratio": 46.42,
            "inventory_turnover_ratio": 0.48,
            "account_receivable_turnover_ratio": 1.18,
            "reinvestment_rate": 24.05,
            "research_to_sale_ratio": 6.2,
            "price_fair": 111.42,
            "eps_avg_yearly": 3.18,
            "eps_latest_yearly": 1.44,
            "eps_growth_yearly": 221.34
        },
        "20184": {
            "year_quarter": 20184,
            "year": 2018,
            "quarter": 4,
            "eps": 0.25,
            "eps_growth_year": -71.64,
            "eps_4q": 1.63,
            "eps_4q_growth_year": -8.11,
            "roe": 0.74,
            "roe_4q": 4.84,
            "gross_profit": 143474,
            "gross_margin": 22.69,
            "gross_margin_4q_avg": 24.16,
            "net_income": 11184,
            "revenue": 632407,
            "common_shares": 450000,
            "book_valuer_per_share": 33.73,
            "book_valuer_per_share_4q_avg": 33.94,
            "equity": 1528739,
            "current_ratio": 163.52,
            "debt_ratio": 43.63,
            "inventory_turnover_ratio": 0.5,
            "account_receivable_turnover_ratio": 1.07,
            "reinvestment_rate": 20.13,
            "research_to_sale_ratio": 5.87,
            "price_fair": 99.05,
            "eps_avg_yearly": 2.83,
            "eps_latest_yearly": 1,
            "eps_growth_yearly": 216.32
        },
        "20191": {
            "year_quarter": 20191,
            "year": 2019,
            "quarter": 1,
            "eps": -0.29,
            "eps_growth_year": -155.77,
            "eps_4q": 0.81,
            "eps_4q_growth_year": -66,
            "roe": -0.88,
            "roe_4q": 2.45,
            "gross_profit": 109500,
            "gross_margin": 20.85,
            "gross_margin_4q_avg": 23.03,
            "net_income": -13392,
            "revenue": 525138,
            "common_shares": 450000,
            "book_valuer_per_share": 33.65,
            "book_valuer_per_share_4q_avg": 33.52,
            "equity": 1525509,
            "current_ratio": 171.71,
            "debt_ratio": 40.75,
            "inventory_turnover_ratio": 0.44,
            "account_receivable_turnover_ratio": 1.02,
            "reinvestment_rate": 17.63,
            "research_to_sale_ratio": 6.77,
            "price_fair": 93.16,
            "eps_avg_yearly": 2.66,
            "eps_latest_yearly": 1,
            "eps_growth_yearly": 239.87
        },
        "20192": {
            "year_quarter": 20192,
            "year": 2019,
            "quarter": 2,
            "eps": 0.4,
            "eps_growth_year": -20,
            "eps_4q": 0.71,
            "eps_4q_growth_year": -71.01,
            "roe": 1.2,
            "roe_4q": 2.1500000000000004,
            "gross_profit": 154111,
            "gross_margin": 25.02,
            "gross_margin_4q_avg": 22.97,
            "net_income": 17960,
            "revenue": 615906,
            "common_shares": 450000,
            "book_valuer_per_share": 32.42,
            "book_valuer_per_share_4q_avg": 33.29,
            "equity": 1471962,
            "current_ratio": 154.56,
            "debt_ratio": 46.14,
            "inventory_turnover_ratio": 0.49,
            "account_receivable_turnover_ratio": 1.17,
            "reinvestment_rate": 9.69,
            "research_to_sale_ratio": 5.91,
            "price_fair": 86.66,
            "eps_avg_yearly": 2.48,
            "eps_latest_yearly": 1,
            "eps_growth_yearly": 265.22
        },
        "20193": {
            "year_quarter": 20193,
            "year": 2019,
            "quarter": 3,
            "eps": 0.67,
            "eps_growth_year": 86.11,
            "eps_4q": 1.02,
            "eps_4q_growth_year": -54.8,
            "roe": 2.13,
            "roe_4q": 3.1900000000000004,
            "gross_profit": 165998,
            "gross_margin": 23.38,
            "gross_margin_4q_avg": 22.99,
            "net_income": 31578,
            "revenue": 710043,
            "common_shares": 450000,
            "book_valuer_per_share": 32.74,
            "book_valuer_per_share_4q_avg": 33.14,
            "equity": 1486702,
            "current_ratio": 146.08,
            "debt_ratio": 48.17,
            "inventory_turnover_ratio": 0.57,
            "account_receivable_turnover_ratio": 1.21,
            "reinvestment_rate": -6.64,
            "research_to_sale_ratio": 5.14,
            "price_fair": 86.94,
            "eps_avg_yearly": 2.48,
            "eps_latest_yearly": 2.68,
            "eps_growth_yearly": 309.22
        },
        "20194": {
            "year_quarter": 20194,
            "year": 2019,
            "quarter": 4,
            "eps": 0.11,
            "eps_growth_year": -56.52,
            "eps_4q": 0.88,
            "eps_4q_growth_year": -46.01,
            "roe": 0.3,
            "roe_4q": 2.75,
            "gross_profit": 144324,
            "gross_margin": 23.61,
            "gross_margin_4q_avg": 23.22,
            "net_income": 4409,
            "revenue": 611303,
            "common_shares": 450000,
            "book_valuer_per_share": 32.64,
            "book_valuer_per_share_4q_avg": 32.86,
            "equity": 1481332,
            "current_ratio": 147.11,
            "debt_ratio": 48.1,
            "inventory_turnover_ratio": 0.48,
            "account_receivable_turnover_ratio": 1.05,
            "reinvestment_rate": -10.96,
            "research_to_sale_ratio": 5.58,
            "price_fair": 75.04,
            "eps_avg_yearly": 2.14,
            "eps_latest_yearly": 0.44,
            "eps_growth_yearly": 256.71
        },
        "20201": {
            "year_quarter": 20201,
            "year": 2020,
            "quarter": 1,
            "eps": 0.08,
            "eps_growth_year": null,
            "eps_4q": 1.25,
            "eps_4q_growth_year": 54.93,
            "roe": 0.2,
            "roe_4q": 3.83,
            "gross_profit": 127589,
            "gross_margin": 24.21,
            "gross_margin_4q_avg": 24.06,
            "net_income": 2867,
            "revenue": 526927,
            "common_shares": 450000,
            "book_valuer_per_share": 31.64,
            "book_valuer_per_share_4q_avg": 32.36,
            "equity": 1435293,
            "current_ratio": 150.86,
            "debt_ratio": 45.98,
            "inventory_turnover_ratio": 0.41,
            "account_receivable_turnover_ratio": 1.1,
            "reinvestment_rate": -28.84,
            "research_to_sale_ratio": 6.84,
            "price_fair": 69.24,
            "eps_avg_yearly": 1.98,
            "eps_latest_yearly": 0.32,
            "eps_growth_yearly": 223.45
        },
        "20202": {
            "year_quarter": 20202,
            "year": 2020,
            "quarter": 2,
            "eps": 0.48,
            "eps_growth_year": 20,
            "eps_4q": 1.34,
            "eps_4q_growth_year": 88.77,
            "roe": 1.52,
            "roe_4q": 4.15,
            "gross_profit": 157687,
            "gross_margin": 27.83,
            "gross_margin_4q_avg": 24.76,
            "net_income": 21976,
            "revenue": 566574,
            "common_shares": 450000,
            "book_valuer_per_share": 31.94,
            "book_valuer_per_share_4q_avg": 32.24,
            "equity": 1449191,
            "current_ratio": 146.89,
            "debt_ratio": 48.78,
            "inventory_turnover_ratio": 0.4,
            "account_receivable_turnover_ratio": 1.38,
            "reinvestment_rate": -46.71,
            "research_to_sale_ratio": 6.45,
            "price_fair": 69.07,
            "eps_avg_yearly": 1.97,
            "eps_latest_yearly": 1.92,
            "eps_growth_yearly": 371.5
        },
        "20203": {
            "year_quarter": 20203,
            "year": 2020,
            "quarter": 3,
            "eps": 0.12,
            "eps_growth_year": -82.09,
            "eps_4q": 0.79,
            "eps_4q_growth_year": -22.21,
            "roe": 0.45,
            "roe_4q": 2.4699999999999998,
            "gross_profit": 146275,
            "gross_margin": 24.32,
            "gross_margin_4q_avg": 24.99,
            "net_income": 6521,
            "revenue": 601444,
            "common_shares": 450000,
            "book_valuer_per_share": 32.17,
            "book_valuer_per_share_4q_avg": 32.1,
            "equity": 1460688,
            "current_ratio": 148.31,
            "debt_ratio": 49.11,
            "inventory_turnover_ratio": 0.41,
            "account_receivable_turnover_ratio": 1.35,
            "reinvestment_rate": -60.63,
            "research_to_sale_ratio": 6.41,
            "price_fair": 68.6,
            "eps_avg_yearly": 1.96,
            "eps_latest_yearly": 0.48,
            "eps_growth_yearly": 374.8
        },
        "20204": {
            "year_quarter": 20204,
            "year": 2020,
            "quarter": 4,
            "eps": 0.25,
            "eps_growth_year": 129.51,
            "eps_4q": 0.93,
            "eps_4q_growth_year": 6.12,
            "roe": 0.77,
            "roe_4q": 2.9400000000000004,
            "gross_profit": 145271,
            "gross_margin": 21.78,
            "gross_margin_4q_avg": 24.54,
            "net_income": 11262,
            "revenue": 666978,
            "common_shares": 450000,
            "book_valuer_per_share": 32.58,
            "book_valuer_per_share_4q_avg": 32.08,
            "equity": 1479442,
            "current_ratio": 148.24,
            "debt_ratio": 50.11,
            "inventory_turnover_ratio": 0.47,
            "account_receivable_turnover_ratio": 1.37,
            "reinvestment_rate": -72.97,
            "research_to_sale_ratio": 5.44,
            "price_fair": 55.53,
            "eps_avg_yearly": 1.59,
            "eps_latest_yearly": 1,
            "eps_growth_yearly": 158.83
        },
        "20211": {
            "year_quarter": 20211,
            "year": 2021,
            "quarter": 1,
            "eps": 0.11,
            "eps_growth_year": 37.5,
            "eps_4q": 0.96,
            "eps_4q_growth_year": -22.99,
            "roe": 0.36,
            "roe_4q": 3.0999999999999996,
            "gross_profit": 138763,
            "gross_margin": 22,
            "gross_margin_4q_avg": 23.98,
            "net_income": 5253,
            "revenue": 630624,
            "common_shares": 450000,
            "book_valuer_per_share": 31.61,
            "book_valuer_per_share_4q_avg": 32.08,
            "equity": 1435809,
            "current_ratio": 143.02,
            "debt_ratio": 51.64,
            "inventory_turnover_ratio": 0.43,
            "account_receivable_turnover_ratio": 1.3,
            "reinvestment_rate": -60.81,
            "research_to_sale_ratio": 6.33,
            "price_fair": 52.45,
            "eps_avg_yearly": 1.5,
            "eps_latest_yearly": 0.44,
            "eps_growth_yearly": 129.38
        },
        "20212": {
            "year_quarter": 20212,
            "year": 2021,
            "quarter": 2,
            "eps": 0.15,
            "eps_growth_year": -68.75,
            "eps_4q": 0.63,
            "eps_4q_growth_year": -53.12,
            "roe": 0.51,
            "roe_4q": 2.0900000000000003,
            "gross_profit": 146957,
            "gross_margin": 21.4,
            "gross_margin_4q_avg": 22.38,
            "net_income": 7351,
            "revenue": 686702,
            "common_shares": 450000,
            "book_valuer_per_share": 31.61,
            "book_valuer_per_share_4q_avg": 31.99,
            "equity": 1436518,
            "current_ratio": 138.19,
            "debt_ratio": 54.15,
            "inventory_turnover_ratio": 0.44,
            "account_receivable_turnover_ratio": 1.36,
            "reinvestment_rate": -64.01,
            "research_to_sale_ratio": 5.54,
            "price_fair": 50.2,
            "eps_avg_yearly": 1.43,
            "eps_latest_yearly": 0.6,
            "eps_growth_yearly": 130.53
        },
        "20213": {
            "year_quarter": 20213,
            "year": 2021,
            "quarter": 3,
            "eps": 0.31,
            "eps_growth_year": 158.33,
            "eps_4q": 0.82,
            "eps_4q_growth_year": 3.08,
            "roe": 1,
            "roe_4q": 2.64,
            "gross_profit": 148799,
            "gross_margin": 22.77,
            "gross_margin_4q_avg": 21.99,
            "net_income": 14392,
            "revenue": 653567,
            "common_shares": 450000,
            "book_valuer_per_share": 31.9,
            "book_valuer_per_share_4q_avg": 31.93,
            "equity": 1449828,
            "current_ratio": 137.28,
            "debt_ratio": 55.11,
            "inventory_turnover_ratio": 0.38,
            "account_receivable_turnover_ratio": 1.14,
            "reinvestment_rate": -63,
            "research_to_sale_ratio": 5.94,
            "price_fair": 47.8,
            "eps_avg_yearly": 1.37,
            "eps_latest_yearly": 1.24,
            "eps_growth_yearly": 152.16
        },
        "20214": {
            "year_quarter": 20214,
            "year": 2021,
            "quarter": 4,
            "eps": 1.03,
            "eps_growth_year": 318.17,
            "eps_4q": 1.6,
            "eps_4q_growth_year": 72.15,
            "roe": 3.1,
            "roe_4q": 4.97,
            "gross_profit": 199477,
            "gross_margin": 19.68,
            "gross_margin_4q_avg": 21.46,
            "net_income": 45805,
            "revenue": 1013784,
            "common_shares": 450000,
            "book_valuer_per_share": 33.06,
            "book_valuer_per_share_4q_avg": 32.05,
            "equity": 1501464,
            "current_ratio": 137.39,
            "debt_ratio": 55.49,
            "inventory_turnover_ratio": 0.64,
            "account_receivable_turnover_ratio": 1.38,
            "reinvestment_rate": -51.74,
            "research_to_sale_ratio": 4.02,
            "price_fair": 49.4,
            "eps_avg_yearly": 1.41,
            "eps_latest_yearly": 4.12,
            "eps_growth_yearly": 201.9
        },
        "20221": {
            "year_quarter": 20221,
            "year": 2022,
            "quarter": 1,
            "eps": 0.14,
            "eps_growth_year": 27.27,
            "eps_4q": 1.63,
            "eps_4q_growth_year": 69.43,
            "roe": 0.45,
            "roe_4q": 5.0600000000000005,
            "gross_profit": 144909,
            "gross_margin": 21.89,
            "gross_margin_4q_avg": 21.44,
            "net_income": 6760,
            "revenue": 661908,
            "common_shares": 450000,
            "book_valuer_per_share": 32.36,
            "book_valuer_per_share_4q_avg": 32.23,
            "equity": 1471088,
            "current_ratio": 142.01,
            "debt_ratio": 53.5,
            "inventory_turnover_ratio": 0.41,
            "account_receivable_turnover_ratio": 0.93,
            "reinvestment_rate": -53.95,
            "research_to_sale_ratio": 6.02,
            "price_fair": 45.6,
            "eps_avg_yearly": 1.3,
            "eps_latest_yearly": 0.56,
            "eps_growth_yearly": 188.7
        },
        "20222": {
            "year_quarter": 20222,
            "year": 2022,
            "quarter": 2,
            "eps": 0.22,
            "eps_growth_year": 46.67,
            "eps_4q": 1.71,
            "eps_4q_growth_year": 171.51,
            "roe": 0.63,
            "roe_4q": 5.18,
            "gross_profit": 145830,
            "gross_margin": 27.29,
            "gross_margin_4q_avg": 22.91,
            "net_income": 9304,
            "revenue": 534317,
            "common_shares": 450000,
            "book_valuer_per_share": 32.57,
            "book_valuer_per_share_4q_avg": 32.47,
            "equity": 1479437,
            "current_ratio": 137.94,
            "debt_ratio": 55.99,
            "inventory_turnover_ratio": 0.26,
            "account_receivable_turnover_ratio": 0.99,
            "reinvestment_rate": -57.56,
            "research_to_sale_ratio": 7.55,
            "price_fair": 42.8,
            "eps_avg_yearly": 1.22,
            "eps_latest_yearly": 0.88,
            "eps_growth_yearly": 206.13
        },
        "20223": {
            "year_quarter": 20223,
            "year": 2022,
            "quarter": 3,
            "eps": 0.49,
            "eps_growth_year": 58.06,
            "eps_4q": 1.89,
            "eps_4q_growth_year": 131.27,
            "roe": 1.49,
            "roe_4q": 5.67,
            "gross_profit": 168097,
            "gross_margin": 23.4,
            "gross_margin_4q_avg": 23.07,
            "net_income": 22353,
            "revenue": 718227,
            "common_shares": 450000,
            "book_valuer_per_share": 33.37,
            "book_valuer_per_share_4q_avg": 32.84,
            "equity": 1515884,
            "current_ratio": 133.66,
            "debt_ratio": 58.91,
            "inventory_turnover_ratio": 0.33,
            "account_receivable_turnover_ratio": 1.2,
            "reinvestment_rate": -49.92,
            "research_to_sale_ratio": 5.69,
            "price_fair": 44.1,
            "eps_avg_yearly": 1.26,
            "eps_latest_yearly": 1.96,
            "eps_growth_yearly": 249.19
        },
        "20224": {
            "year_quarter": 20224,
            "year": 2022,
            "quarter": 4,
            "eps": 1.7,
            "eps_growth_year": 63.91,
            "eps_4q": 2.55,
            "eps_4q_growth_year": 58.95,
            "roe": 4.62,
            "roe_4q": 7.19,
            "gross_profit": 265040,
            "gross_margin": 23.18,
            "gross_margin_4q_avg": 23.94,
            "net_income": 75407,
            "revenue": 1143315,
            "common_shares": 450000,
            "book_valuer_per_share": 38.58,
            "book_valuer_per_share_4q_avg": 34.22,
            "equity": 1748397,
            "current_ratio": 138.22,
            "debt_ratio": 52.93,
            "inventory_turnover_ratio": 0.54,
            "account_receivable_turnover_ratio": 1.65,
            "reinvestment_rate": -40.6,
            "research_to_sale_ratio": 3.85,
            "price_fair": 58.6,
            "eps_avg_yearly": 1.67,
            "eps_latest_yearly": 6.8,
            "eps_growth_yearly": 328.48
        },
        "20231": {
            "year_quarter": 20231,
            "year": 2023,
            "quarter": 1,
            "eps": 0.16,
            "eps_growth_year": 14.29,
            "eps_4q": 2.57,
            "eps_4q_growth_year": 57.36,
            "roe": 0.45,
            "roe_4q": 7.19,
            "gross_profit": 169713,
            "gross_margin": 25.17,
            "gross_margin_4q_avg": 24.76,
            "net_income": 7708,
            "revenue": 674375,
            "common_shares": 450000,
            "book_valuer_per_share": 36.77,
            "book_valuer_per_share_4q_avg": 35.32,
            "equity": 1666788,
            "current_ratio": 138.29,
            "debt_ratio": 50.94,
            "inventory_turnover_ratio": 0.35,
            "account_receivable_turnover_ratio": 1.11,
            "reinvestment_rate": -30.59,
            "research_to_sale_ratio": 6,
            "price_fair": 56.19,
            "eps_avg_yearly": 1.61,
            "eps_latest_yearly": 0.64,
            "eps_growth_yearly": 282.42
        },
        "20232": {
            "year_quarter": 20232,
            "year": 2023,
            "quarter": 2,
            "eps": 0.73,
            "eps_growth_year": 231.82,
            "eps_4q": 3.07,
            "eps_4q_growth_year": 80.28,
            "roe": 2,
            "roe_4q": 8.56,
            "gross_profit": 188718,
            "gross_margin": 27.41,
            "gross_margin_4q_avg": 24.79,
            "net_income": 33600,
            "revenue": 688387,
            "common_shares": 450000,
            "book_valuer_per_share": 37.29,
            "book_valuer_per_share_4q_avg": 36.5,
            "equity": 1690696,
            "current_ratio": 141.28,
            "debt_ratio": 49.89,
            "inventory_turnover_ratio": 0.36,
            "account_receivable_turnover_ratio": 1.4,
            "reinvestment_rate": -9.89,
            "research_to_sale_ratio": 6.24,
            "price_fair": 59.06,
            "eps_avg_yearly": 1.69,
            "eps_latest_yearly": 2.92,
            "eps_growth_yearly": 353.83
        }
    },
    "months": {
        "2009-08": {
            "month": "2009-08",
            "price": "35.94",
            "revenue": 113798
        },
        "2009-09": {
            "month": "2009-09",
            "price": "34.83",
            "revenue": 146083
        },
        "2009-10": {
            "month": "2009-10",
            "price": "35.76",
            "revenue": 131942
        },
        "2009-11": {
            "month": "2009-11",
            "price": "37.46",
            "revenue": 189914
        },
        "2009-12": {
            "month": "2009-12",
            "price": "45.02",
            "revenue": 190592
        },
        "2010-01": {
            "month": "2010-01",
            "price": "49.97",
            "revenue": 172741
        },
        "2010-02": {
            "month": "2010-02",
            "price": "48.35",
            "revenue": 103199
        },
        "2010-03": {
            "month": "2010-03",
            "price": "54.08",
            "revenue": 160226
        },
        "2010-04": {
            "month": "2010-04",
            "price": "63.44",
            "revenue": 299233
        },
        "2010-05": {
            "month": "2010-05",
            "price": "82.41",
            "revenue": 329386
        },
        "2010-06": {
            "month": "2010-06",
            "price": "115.23",
            "revenue": 308460
        },
        "2010-07": {
            "month": "2010-07",
            "price": "214.22",
            "revenue": 473664
        },
        "2010-08": {
            "month": "2010-08",
            "price": "359.69",
            "revenue": 569662
        },
        "2010-09": {
            "month": "2010-09",
            "price": "483.27",
            "revenue": 479174
        },
        "2010-10": {
            "month": "2010-10",
            "price": "292.88",
            "revenue": 286981
        },
        "2010-11": {
            "month": "2010-11",
            "price": "249.20",
            "revenue": 245689
        },
        "2010-12": {
            "month": "2010-12",
            "price": "262.35",
            "revenue": 326610
        },
        "2011-01": {
            "month": "2011-01",
            "price": "262.78",
            "revenue": 194052
        },
        "2011-02": {
            "month": "2011-02",
            "price": "244.54",
            "revenue": 118281
        },
        "2011-03": {
            "month": "2011-03",
            "price": "228.57",
            "revenue": 232949
        },
        "2011-04": {
            "month": "2011-04",
            "price": "210.18",
            "revenue": 306029
        },
        "2011-05": {
            "month": "2011-05",
            "price": "168.50",
            "revenue": 268015
        },
        "2011-06": {
            "month": "2011-06",
            "price": "158.81",
            "revenue": 202345
        },
        "2011-07": {
            "month": "2011-07",
            "price": "126.67",
            "revenue": 189605
        },
        "2011-08": {
            "month": "2011-08",
            "price": "79.57",
            "revenue": 176381
        },
        "2011-09": {
            "month": "2011-09",
            "price": "72.27",
            "revenue": 214235
        },
        "2011-10": {
            "month": "2011-10",
            "price": "69.58",
            "revenue": 190483
        },
        "2011-11": {
            "month": "2011-11",
            "price": "59.90",
            "revenue": 200886
        },
        "2011-12": {
            "month": "2011-12",
            "price": "55.82",
            "revenue": 215706
        },
        "2012-01": {
            "month": "2012-01",
            "price": "62.45",
            "revenue": 181399
        },
        "2012-02": {
            "month": "2012-02",
            "price": "80.12",
            "revenue": 173123
        },
        "2012-03": {
            "month": "2012-03",
            "price": "77.82",
            "revenue": 235358
        },
        "2012-04": {
            "month": "2012-04",
            "price": "68.18",
            "revenue": 201426
        },
        "2012-05": {
            "month": "2012-05",
            "price": "67.39",
            "revenue": 174634
        },
        "2012-06": {
            "month": "2012-06",
            "price": "61.89",
            "revenue": 131943
        },
        "2012-07": {
            "month": "2012-07",
            "price": "52.77",
            "revenue": 186134
        },
        "2012-08": {
            "month": "2012-08",
            "price": "49.10",
            "revenue": 178437
        },
        "2012-09": {
            "month": "2012-09",
            "price": "50.92",
            "revenue": 180350
        },
        "2012-10": {
            "month": "2012-10",
            "price": "45.14",
            "revenue": 173066
        },
        "2012-11": {
            "month": "2012-11",
            "price": "40.80",
            "revenue": 193806
        },
        "2012-12": {
            "month": "2012-12",
            "price": "43.62",
            "revenue": 173408
        },
        "2013-01": {
            "month": "2013-01",
            "price": "45.81",
            "revenue": 198108
        },
        "2013-02": {
            "month": "2013-02",
            "price": "45.59",
            "revenue": 134517
        },
        "2013-03": {
            "month": "2013-03",
            "price": "44.50",
            "revenue": 210046
        },
        "2013-04": {
            "month": "2013-04",
            "price": "44.27",
            "revenue": 269965
        },
        "2013-05": {
            "month": "2013-05",
            "price": "50.49",
            "revenue": 246095
        },
        "2013-06": {
            "month": "2013-06",
            "price": "48.17",
            "revenue": 184821
        },
        "2013-07": {
            "month": "2013-07",
            "price": "44.91",
            "revenue": 192563
        },
        "2013-08": {
            "month": "2013-08",
            "price": "41.96",
            "revenue": 191440
        },
        "2013-09": {
            "month": "2013-09",
            "price": "41.40",
            "revenue": 185468
        },
        "2013-10": {
            "month": "2013-10",
            "price": "43.38",
            "revenue": 180800
        },
        "2013-11": {
            "month": "2013-11",
            "price": "41.48",
            "revenue": 194339
        },
        "2013-12": {
            "month": "2013-12",
            "price": "44.56",
            "revenue": 237179
        },
        "2014-01": {
            "month": "2014-01",
            "price": "49.46",
            "revenue": 200030
        },
        "2014-02": {
            "month": "2014-02",
            "price": "48.07",
            "revenue": 146106
        },
        "2014-03": {
            "month": "2014-03",
            "price": "52.39",
            "revenue": 257400
        },
        "2014-04": {
            "month": "2014-04",
            "price": "59.09",
            "revenue": 250548
        },
        "2014-05": {
            "month": "2014-05",
            "price": "58.01",
            "revenue": 224221
        },
        "2014-06": {
            "month": "2014-06",
            "price": "58.34",
            "revenue": 215545
        },
        "2014-07": {
            "month": "2014-07",
            "price": "56.24",
            "revenue": 260176
        },
        "2014-08": {
            "month": "2014-08",
            "price": "53.35",
            "revenue": 250733
        },
        "2014-09": {
            "month": "2014-09",
            "price": "52.50",
            "revenue": 271573
        },
        "2014-10": {
            "month": "2014-10",
            "price": "49.98",
            "revenue": 204569
        },
        "2014-11": {
            "month": "2014-11",
            "price": "50.53",
            "revenue": 240634
        },
        "2014-12": {
            "month": "2014-12",
            "price": "51.83",
            "revenue": 307094
        },
        "2015-01": {
            "month": "2015-01",
            "price": "55.83",
            "revenue": 261549
        },
        "2015-02": {
            "month": "2015-02",
            "price": "57.71",
            "revenue": 191763
        },
        "2015-03": {
            "month": "2015-03",
            "price": "59.70",
            "revenue": 235598
        },
        "2015-04": {
            "month": "2015-04",
            "price": "73.26",
            "revenue": 255009
        },
        "2015-05": {
            "month": "2015-05",
            "price": "66.81",
            "revenue": 266821
        },
        "2015-06": {
            "month": "2015-06",
            "price": "71.50",
            "revenue": 231363
        },
        "2015-07": {
            "month": "2015-07",
            "price": "63.53",
            "revenue": 230351
        },
        "2015-08": {
            "month": "2015-08",
            "price": "52.04",
            "revenue": 170519
        },
        "2015-09": {
            "month": "2015-09",
            "price": "47.45",
            "revenue": 195021
        },
        "2015-10": {
            "month": "2015-10",
            "price": "48.96",
            "revenue": 203034
        },
        "2015-11": {
            "month": "2015-11",
            "price": "48.79",
            "revenue": 196069
        },
        "2015-12": {
            "month": "2015-12",
            "price": "51.55",
            "revenue": 312891
        },
        "2016-01": {
            "month": "2016-01",
            "price": "49.35",
            "revenue": 148697
        },
        "2016-02": {
            "month": "2016-02",
            "price": "48.92",
            "revenue": 121278
        },
        "2016-03": {
            "month": "2016-03",
            "price": "49.65",
            "revenue": 209824
        },
        "2016-04": {
            "month": "2016-04",
            "price": "47.20",
            "revenue": 184688
        },
        "2016-05": {
            "month": "2016-05",
            "price": "43.79",
            "revenue": 204102
        },
        "2016-06": {
            "month": "2016-06",
            "price": "44.29",
            "revenue": 352991
        },
        "2016-07": {
            "month": "2016-07",
            "price": "46.50",
            "revenue": 179324
        },
        "2016-08": {
            "month": "2016-08",
            "price": "46.17",
            "revenue": 181456
        },
        "2016-09": {
            "month": "2016-09",
            "price": "43.33",
            "revenue": 207118
        },
        "2016-10": {
            "month": "2016-10",
            "price": "43.16",
            "revenue": 164035
        },
        "2016-11": {
            "month": "2016-11",
            "price": "39.70",
            "revenue": 203633
        },
        "2016-12": {
            "month": "2016-12",
            "price": "38.50",
            "revenue": 264997
        },
        "2017-01": {
            "month": "2017-01",
            "price": "40.05",
            "revenue": 188034
        },
        "2017-02": {
            "month": "2017-02",
            "price": "42.28",
            "revenue": 177784
        },
        "2017-03": {
            "month": "2017-03",
            "price": "43.07",
            "revenue": 228752
        },
        "2017-04": {
            "month": "2017-04",
            "price": "46.04",
            "revenue": 164421
        },
        "2017-05": {
            "month": "2017-05",
            "price": "43.39",
            "revenue": 219703
        },
        "2017-06": {
            "month": "2017-06",
            "price": "43.55",
            "revenue": 187383
        },
        "2017-07": {
            "month": "2017-07",
            "price": "42.30",
            "revenue": 197492
        },
        "2017-08": {
            "month": "2017-08",
            "price": "39.59",
            "revenue": 179587
        },
        "2017-09": {
            "month": "2017-09",
            "price": "40.51",
            "revenue": 212811
        },
        "2017-10": {
            "month": "2017-10",
            "price": "40.38",
            "revenue": 180855
        },
        "2017-11": {
            "month": "2017-11",
            "price": "39.48",
            "revenue": 220115
        },
        "2017-12": {
            "month": "2017-12",
            "price": "38.50",
            "revenue": 240238
        },
        "2018-01": {
            "month": "2018-01",
            "price": "39.05",
            "revenue": 198363
        },
        "2018-02": {
            "month": "2018-02",
            "price": "38.87",
            "revenue": 124023
        },
        "2018-03": {
            "month": "2018-03",
            "price": "39.57",
            "revenue": 362461
        },
        "2018-04": {
            "month": "2018-04",
            "price": "50.71",
            "revenue": 204631
        },
        "2018-05": {
            "month": "2018-05",
            "price": "49.25",
            "revenue": 187386
        },
        "2018-06": {
            "month": "2018-06",
            "price": "50.73",
            "revenue": 200380
        },
        "2018-07": {
            "month": "2018-07",
            "price": "44.90",
            "revenue": 203449
        },
        "2018-08": {
            "month": "2018-08",
            "price": "42.09",
            "revenue": 208384
        },
        "2018-09": {
            "month": "2018-09",
            "price": "39.46",
            "revenue": 209127
        },
        "2018-10": {
            "month": "2018-10",
            "price": "35.69",
            "revenue": 180144
        },
        "2018-11": {
            "month": "2018-11",
            "price": "33.25",
            "revenue": 176017
        },
        "2018-12": {
            "month": "2018-12",
            "price": "33.51",
            "revenue": 276248
        },
        "2019-01": {
            "month": "2019-01",
            "price": "33.35",
            "revenue": 167760
        },
        "2019-02": {
            "month": "2019-02",
            "price": "38.20",
            "revenue": 167436
        },
        "2019-03": {
            "month": "2019-03",
            "price": "37.12",
            "revenue": 189943
        },
        "2019-04": {
            "month": "2019-04",
            "price": "36.27",
            "revenue": 198950
        },
        "2019-05": {
            "month": "2019-05",
            "price": "34.25",
            "revenue": 208936
        },
        "2019-06": {
            "month": "2019-06",
            "price": "33.59",
            "revenue": 208019
        },
        "2019-07": {
            "month": "2019-07",
            "price": "34.37",
            "revenue": 308826
        },
        "2019-08": {
            "month": "2019-08",
            "price": "33.94",
            "revenue": 214714
        },
        "2019-09": {
            "month": "2019-09",
            "price": "33.82",
            "revenue": 186503
        },
        "2019-10": {
            "month": "2019-10",
            "price": "35.05",
            "revenue": 185886
        },
        "2019-11": {
            "month": "2019-11",
            "price": "33.56",
            "revenue": 180177
        },
        "2019-12": {
            "month": "2019-12",
            "price": "33.64",
            "revenue": 266041
        },
        "2020-01": {
            "month": "2020-01",
            "price": "33.63",
            "revenue": 194444
        },
        "2020-02": {
            "month": "2020-02",
            "price": "32.92",
            "revenue": 127025
        },
        "2020-03": {
            "month": "2020-03",
            "price": "28.17",
            "revenue": 205458
        },
        "2020-04": {
            "month": "2020-04",
            "price": "26.47",
            "revenue": 173469
        },
        "2020-05": {
            "month": "2020-05",
            "price": "31.28",
            "revenue": 199071
        },
        "2020-06": {
            "month": "2020-06",
            "price": "34.10",
            "revenue": 194054
        },
        "2020-07": {
            "month": "2020-07",
            "price": "35.01",
            "revenue": 205747
        },
        "2020-08": {
            "month": "2020-08",
            "price": "34.59",
            "revenue": 192350
        },
        "2020-09": {
            "month": "2020-09",
            "price": "39.16",
            "revenue": 203327
        },
        "2020-10": {
            "month": "2020-10",
            "price": "38.76",
            "revenue": 188326
        },
        "2020-11": {
            "month": "2020-11",
            "price": "40.70",
            "revenue": 225751
        },
        "2020-12": {
            "month": "2020-12",
            "price": "39.16",
            "revenue": 252900
        },
        "2021-01": {
            "month": "2021-01",
            "price": "37.62",
            "revenue": 210318
        },
        "2021-02": {
            "month": "2021-02",
            "price": "36.51",
            "revenue": 191417
        },
        "2021-03": {
            "month": "2021-03",
            "price": "37.14",
            "revenue": 228889
        },
        "2021-04": {
            "month": "2021-04",
            "price": "40.38",
            "revenue": 234800
        },
        "2021-05": {
            "month": "2021-05",
            "price": "37.35",
            "revenue": 222474
        },
        "2021-06": {
            "month": "2021-06",
            "price": "36.70",
            "revenue": 229428
        },
        "2021-07": {
            "month": "2021-07",
            "price": "36.25",
            "revenue": 225830
        },
        "2021-08": {
            "month": "2021-08",
            "price": "35.15",
            "revenue": 208141
        },
        "2021-09": {
            "month": "2021-09",
            "price": "35.05",
            "revenue": 219596
        },
        "2021-10": {
            "month": "2021-10",
            "price": "34.74",
            "revenue": 189434
        },
        "2021-11": {
            "month": "2021-11",
            "price": "35.86",
            "revenue": 255255
        },
        "2021-12": {
            "month": "2021-12",
            "price": "37.65",
            "revenue": 568665
        },
        "2022-01": {
            "month": "2022-01",
            "price": "47.04",
            "revenue": 261479
        },
        "2022-02": {
            "month": "2022-02",
            "price": "45.60",
            "revenue": 191378
        },
        "2022-03": {
            "month": "2022-03",
            "price": "54.52",
            "revenue": 209051
        },
        "2022-04": {
            "month": "2022-04",
            "price": "49.51",
            "revenue": 164635
        },
        "2022-05": {
            "month": "2022-05",
            "price": "45.00",
            "revenue": 166089
        },
        "2022-06": {
            "month": "2022-06",
            "price": "43.11",
            "revenue": 203592
        },
        "2022-07": {
            "month": "2022-07",
            "price": "40.62",
            "revenue": 224472
        },
        "2022-08": {
            "month": "2022-08",
            "price": "40.67",
            "revenue": 240632
        },
        "2022-09": {
            "month": "2022-09",
            "price": "41.66",
            "revenue": 253124
        },
        "2022-10": {
            "month": "2022-10",
            "price": "35.64",
            "revenue": 221992
        },
        "2022-11": {
            "month": "2022-11",
            "price": "37.69",
            "revenue": 572695
        },
        "2022-12": {
            "month": "2022-12",
            "price": "42.65",
            "revenue": 348628
        },
        "2023-01": {
            "month": "2023-01",
            "price": "42.14",
            "revenue": 266436
        },
        "2023-02": {
            "month": "2023-02",
            "price": "41.96",
            "revenue": 216855
        },
        "2023-03": {
            "month": "2023-03",
            "price": "46.04",
            "revenue": 191084
        },
        "2023-04": {
            "month": "2023-04",
            "price": "50.07",
            "revenue": 250998
        },
        "2023-05": {
            "month": "2023-05",
            "price": "51.55",
            "revenue": 226484
        },
        "2023-06": {
            "month": "2023-06",
            "price": "56.01",
            "revenue": 212093
        },
        "2023-07": {
            "month": "2023-07",
            "price": "50.37",
            "revenue": 177405
        },
        "2023-08": {
            "month": "2023-08",
            "price": "45.20",
            "revenue": 232842
        }
    }
}
