{
    "summary": {
        "stock_name": "地心引力",
        "stock_id": "3629",
        "category": "文化創意",
        "main_business": "線上遊戲代理及發行<br>行銷公關.媒體企劃",
        "website_url": "http://www.gravitytw.com",
        "ceo": "陳寬聰",
        "pe_ratio": -9,
        "report_year_from": 2008,
        "report_year_to": 2023,
        "age": 16,
        "eps_negative_percentage": 69,
        "eps_growth_avg": {
            "last_all": -71.05,
            "last_2y": -100,
            "last_4y": -47.76,
            "last_8y": -65.17,
            "last_12y": -73.88,
            "last_16y": null,
            "last_20y": null,
            "at_2006_last_3y": null,
            "at_2007_last_3y": null,
            "at_2008_last_3y": null,
            "at_2009_last_3y": null,
            "at_2010_last_3y": null,
            "at_2011_last_3y": null,
            "at_2012_last_3y": -79.87,
            "at_2013_last_3y": -79.87,
            "at_2014_last_3y": -100,
            "at_2015_last_3y": null,
            "at_2016_last_3y": null,
            "at_2017_last_3y": null,
            "at_2018_last_3y": -100,
            "at_2019_last_3y": -100,
            "at_2020_last_3y": -47.76,
            "at_2021_last_3y": -65.17,
            "at_2022_last_3y": -47.76,
            "at_2023_last_3y": -47.76,
            "at_2024_last_3y": -47.76,
            "at_2006_last_all": null,
            "at_2007_last_all": null,
            "at_2008_last_all": null,
            "at_2009_last_all": null,
            "at_2010_last_all": -59.74,
            "at_2011_last_all": -79.87,
            "at_2012_last_all": -79.87,
            "at_2013_last_all": -79.87,
            "at_2014_last_all": -79.87,
            "at_2015_last_all": -79.87,
            "at_2016_last_all": -79.87,
            "at_2017_last_all": -79.87,
            "at_2018_last_all": -86.58,
            "at_2019_last_all": -86.58,
            "at_2020_last_all": -63.82,
            "at_2021_last_all": -71.05,
            "at_2022_last_all": -71.05,
            "at_2023_last_all": -71.05,
            "at_2024_last_all": -71.05
        },
        "latest_eps": -2.73,
        "latest_price": 25,
        "latest_roe": -51.11,
        "latest_gross_margin": -65.7,
        "latest_equity": 120070,
        "latest_revenue": 446,
        "latest_gross_profit": -293,
        "latest_net_income": -6546,
        "latest_debt_ratio": 17.34,
        "latest_current_ratio": 537.47,
        "latest_account_receivable_turnover_ratio": 0.06,
        "latest_inventory_turnover_ratio": null,
        "latest_reinvestment_rate": null,
        "latest_research_to_sale_ratio": null
    },
    "eps_dividends": {
        "2001": {
            "cash": 0,
            "stock": 0,
            "eps": 0
        },
        "2002": {
            "cash": 0,
            "stock": 0,
            "eps": 0
        },
        "2003": {
            "cash": 0,
            "stock": 0,
            "eps": 0
        },
        "2004": {
            "cash": 0,
            "stock": 0,
            "eps": 0
        },
        "2005": {
            "cash": 0,
            "stock": 0,
            "eps": 0
        },
        "2006": {
            "cash": 0,
            "stock": 0,
            "eps": 0
        },
        "2007": {
            "cash": 0,
            "stock": 0,
            "eps": 0
        },
        "2008": {
            "cash": 0,
            "stock": 0,
            "eps": -0.72
        },
        "2009": {
            "cash": 0.25,
            "stock": 0,
            "eps": 1.54
        },
        "2010": {
            "cash": 0.89,
            "stock": 0,
            "eps": 0.62
        },
        "2011": {
            "cash": 0.49,
            "stock": 0,
            "eps": -0.38
        },
        "2012": {
            "cash": 0,
            "stock": 0,
            "eps": -5.4
        },
        "2013": {
            "cash": 0,
            "stock": 0,
            "eps": -2.06
        },
        "2014": {
            "cash": 0,
            "stock": 0,
            "eps": -4.79
        },
        "2015": {
            "cash": 0,
            "stock": 0,
            "eps": -5.34
        },
        "2016": {
            "cash": 0,
            "stock": 0,
            "eps": -7.02
        },
        "2017": {
            "cash": 0,
            "stock": 0,
            "eps": 0.76
        },
        "2018": {
            "cash": 0,
            "stock": 0,
            "eps": -1.41
        },
        "2019": {
            "cash": 0,
            "stock": 0,
            "eps": 0.67
        },
        "2020": {
            "cash": 0,
            "stock": 0,
            "eps": 0.7
        },
        "2021": {
            "cash": 0,
            "stock": 0,
            "eps": -4.83
        },
        "2022": {
            "cash": 0,
            "stock": 0,
            "eps": -4.62
        },
        "2023": {
            "cash": 0,
            "stock": 0,
            "eps": -1.85
        }
    },
    "dividends": {
        "2009-03-30": {
            "cash": 0.25,
            "stock": 0
        },
        "2010-02-22": {
            "cash": 0.89,
            "stock": 0
        },
        "2011-01-17": {
            "cash": 0.49,
            "stock": 0
        }
    },
    "prices": {
        "200101": "無",
        "200102": "無",
        "200103": "無",
        "200104": "無",
        "200105": "無",
        "200106": "無",
        "200107": "無",
        "200108": "無",
        "200109": "無",
        "200110": "無",
        "200111": "無",
        "200112": "無",
        "200201": "無",
        "200202": "無",
        "200203": "無",
        "200204": "無",
        "200205": "無",
        "200206": "無",
        "200207": "無",
        "200208": "無",
        "200209": "無",
        "200210": "無",
        "200211": "無",
        "200212": "無",
        "200301": "無",
        "200302": "無",
        "200303": "無",
        "200304": "無",
        "200305": "無",
        "200306": "無",
        "200307": "無",
        "200308": "無",
        "200309": "無",
        "200310": "無",
        "200311": "無",
        "200312": "無",
        "200401": "無",
        "200402": "無",
        "200403": "無",
        "200404": "無",
        "200405": "無",
        "200406": "無",
        "200407": "無",
        "200408": "無",
        "200409": "無",
        "200410": "無",
        "200411": "無",
        "200412": "無",
        "200501": "無",
        "200502": "無",
        "200503": "無",
        "200504": "無",
        "200505": "無",
        "200506": "無",
        "200507": "無",
        "200508": "無",
        "200509": "無",
        "200510": "無",
        "200511": "無",
        "200512": "無",
        "200601": "無",
        "200602": "無",
        "200603": "無",
        "200604": "無",
        "200605": "無",
        "200606": "無",
        "200607": "無",
        "200608": "無",
        "200609": "無",
        "200610": "無",
        "200611": "無",
        "200612": "無",
        "200701": "無",
        "200702": "無",
        "200703": "無",
        "200704": "無",
        "200705": "無",
        "200706": "無",
        "200707": "無",
        "200708": "無",
        "200709": "無",
        "200710": "無",
        "200711": "無",
        "200712": "無",
        "200801": "無",
        "200802": "無",
        "200803": "無",
        "200804": "無",
        "200805": "無",
        "200806": "42.50",
        "200807": "31.51",
        "200808": "30.69",
        "200809": "22.43",
        "200810": "13.99",
        "200811": "12.05",
        "200812": "9.69",
        "200901": "9.21",
        "200902": "9.63",
        "200903": "17.78",
        "200904": "28.33",
        "200905": "31.29",
        "200906": "31.81",
        "200907": "34.99",
        "200908": "33.30",
        "200909": "41.12",
        "200910": "43.73",
        "200911": "37.02",
        "200912": "42.51",
        "201001": "46.78",
        "201002": "41.69",
        "201003": "45.11",
        "201004": "48.60",
        "201005": "54.93",
        "201006": "39.67",
        "201007": "33.75",
        "201008": "41.90",
        "201009": "41.52",
        "201010": "44.81",
        "201011": "35.54",
        "201012": "35.76",
        "201101": "34.84",
        "201102": "36.95",
        "201103": "40.67",
        "201104": "36.72",
        "201105": "34.45",
        "201106": "31.03",
        "201107": "27.32",
        "201108": "20.81",
        "201109": "20.15",
        "201110": "18.06",
        "201111": "15.77",
        "201112": "12.28",
        "201201": "12.06",
        "201202": "17.25",
        "201203": "21.96",
        "201204": "20.36",
        "201205": "14.74",
        "201206": "14.13",
        "201207": "13.06",
        "201208": "12.06",
        "201209": "11.70",
        "201210": "10.89",
        "201211": "9.44",
        "201212": "9.03",
        "201301": "9.58",
        "201302": "9.56",
        "201303": "9.16",
        "201304": "9.59",
        "201305": "9.56",
        "201306": "9.81",
        "201307": "9.38",
        "201308": "10.95",
        "201309": "11.65",
        "201310": "11.67",
        "201311": "9.18",
        "201312": "8.04",
        "201401": "8.48",
        "201402": "8.52",
        "201403": "9.29",
        "201404": "8.39",
        "201405": "8.01",
        "201406": "8.16",
        "201407": "8.00",
        "201408": "5.78",
        "201409": "5.06",
        "201410": "3.24",
        "201411": "4.83",
        "201412": "5.18",
        "201501": "5.03",
        "201502": "5.79",
        "201503": "6.28",
        "201504": "6.94",
        "201505": "8.67",
        "201506": "11.36",
        "201507": "9.56",
        "201508": "9.09",
        "201509": "9.58",
        "201510": "9.44",
        "201511": "10.96",
        "201512": "31.20",
        "201601": "31.78",
        "201602": "36.69",
        "201603": "42.42",
        "201604": "41.36",
        "201605": "38.47",
        "201606": "39.34",
        "201607": "41.64",
        "201608": "38.79",
        "201609": "31.90",
        "201610": "30.27",
        "201611": "29.38",
        "201612": "25.71",
        "201701": "23.34",
        "201702": "24.59",
        "201703": "26.87",
        "201704": "23.21",
        "201705": "17.40",
        "201706": "19.35",
        "201707": "18.85",
        "201708": "20.48",
        "201709": "18.29",
        "201710": "18.63",
        "201711": "17.85",
        "201712": "16.78",
        "201801": "18.39",
        "201802": "22.92",
        "201803": "21.62",
        "201804": "33.09",
        "201805": "33.25",
        "201806": "29.13",
        "201807": "31.12",
        "201808": "29.56",
        "201809": "26.44",
        "201810": "22.66",
        "201811": "16.05",
        "201812": "16.46",
        "201901": "16.66",
        "201902": "18.02",
        "201903": "21.02",
        "201904": "23.96",
        "201905": "21.15",
        "201906": "19.83",
        "201907": "24.56",
        "201908": "24.02",
        "201909": "36.08",
        "201910": "52.68",
        "201911": "65.57",
        "201912": "63.52",
        "202001": "64.46",
        "202002": "67.36",
        "202003": "63.54",
        "202004": "60.60",
        "202005": "58.82",
        "202006": "61.12",
        "202007": "61.04",
        "202008": "72.23",
        "202009": "81.31",
        "202010": "84.40",
        "202011": "81.84",
        "202012": "73.44",
        "202101": "49.44",
        "202102": "42.57",
        "202103": "47.17",
        "202104": "44.62",
        "202105": "40.25",
        "202106": "45.73",
        "202107": "61.07",
        "202108": "59.58",
        "202109": "59.86",
        "202110": "55.21",
        "202111": "59.27",
        "202112": "52.05",
        "202201": "61.75",
        "202202": "61.66",
        "202203": "60.07",
        "202204": "58.18",
        "202205": "37.25",
        "202206": "44.43",
        "202207": "43.96",
        "202208": "41.42",
        "202209": "39.53",
        "202210": "40.58",
        "202211": "40.23",
        "202212": "39.85",
        "202301": "39.39",
        "202302": "39.46",
        "202303": "42.89",
        "202304": "67.36",
        "202305": "81.70",
        "202306": "68.06",
        "202307": "49.30",
        "202308": "39.52",
        "202309": "36.86",
        "202310": "31.50",
        "202311": "36.67",
        "202312": "36.46"
    },
    "quarters": {
        "20011": {
            "year_quarter": 20011,
            "year": 2001,
            "quarter": 1,
            "eps": null,
            "eps_growth_year": null,
            "eps_4q": null,
            "eps_4q_growth_year": null,
            "roe": null,
            "roe_4q": 0,
            "gross_profit": null,
            "gross_margin": null,
            "gross_margin_4q_avg": 0,
            "net_income": null,
            "net_income_4q": null,
            "revenue": null,
            "revenue_4q": null,
            "common_shares": null,
            "book_valuer_per_share": null,
            "book_valuer_per_share_4q_avg": 0,
            "equity": null,
            "current_ratio": null,
            "debt_ratio": null,
            "inventory_turnover_ratio": null,
            "account_receivable_turnover_ratio": null,
            "reinvestment_rate": null,
            "research_to_sale_ratio": null,
            "price_fair": 0,
            "eps_avg_yearly": 0,
            "eps_latest_yearly": 0,
            "eps_growth_yearly": 0
        },
        "20012": {
            "year_quarter": 20012,
            "year": 2001,
            "quarter": 2,
            "eps": null,
            "eps_growth_year": null,
            "eps_4q": null,
            "eps_4q_growth_year": null,
            "roe": null,
            "roe_4q": 0,
            "gross_profit": null,
            "gross_margin": null,
            "gross_margin_4q_avg": 0,
            "net_income": null,
            "net_income_4q": null,
            "revenue": null,
            "revenue_4q": null,
            "common_shares": null,
            "book_valuer_per_share": null,
            "book_valuer_per_share_4q_avg": 0,
            "equity": null,
            "current_ratio": null,
            "debt_ratio": null,
            "inventory_turnover_ratio": null,
            "account_receivable_turnover_ratio": null,
            "reinvestment_rate": null,
            "research_to_sale_ratio": null,
            "price_fair": 0,
            "eps_avg_yearly": 0,
            "eps_latest_yearly": 0,
            "eps_growth_yearly": 0
        },
        "20013": {
            "year_quarter": 20013,
            "year": 2001,
            "quarter": 3,
            "eps": null,
            "eps_growth_year": null,
            "eps_4q": null,
            "eps_4q_growth_year": null,
            "roe": null,
            "roe_4q": 0,
            "gross_profit": null,
            "gross_margin": null,
            "gross_margin_4q_avg": 0,
            "net_income": null,
            "net_income_4q": null,
            "revenue": null,
            "revenue_4q": null,
            "common_shares": null,
            "book_valuer_per_share": null,
            "book_valuer_per_share_4q_avg": 0,
            "equity": null,
            "current_ratio": null,
            "debt_ratio": null,
            "inventory_turnover_ratio": null,
            "account_receivable_turnover_ratio": null,
            "reinvestment_rate": null,
            "research_to_sale_ratio": null,
            "price_fair": 0,
            "eps_avg_yearly": 0,
            "eps_latest_yearly": 0,
            "eps_growth_yearly": 0
        },
        "20014": {
            "year_quarter": 20014,
            "year": 2001,
            "quarter": 4,
            "eps": null,
            "eps_growth_year": null,
            "eps_4q": null,
            "eps_4q_growth_year": null,
            "roe": null,
            "roe_4q": 0,
            "gross_profit": null,
            "gross_margin": null,
            "gross_margin_4q_avg": 0,
            "net_income": null,
            "net_income_4q": null,
            "revenue": null,
            "revenue_4q": null,
            "common_shares": null,
            "book_valuer_per_share": null,
            "book_valuer_per_share_4q_avg": 0,
            "equity": null,
            "current_ratio": null,
            "debt_ratio": null,
            "inventory_turnover_ratio": null,
            "account_receivable_turnover_ratio": null,
            "reinvestment_rate": null,
            "research_to_sale_ratio": null,
            "price_fair": 0,
            "eps_avg_yearly": 0,
            "eps_latest_yearly": 0,
            "eps_growth_yearly": 0
        },
        "20021": {
            "year_quarter": 20021,
            "year": 2002,
            "quarter": 1,
            "eps": null,
            "eps_growth_year": null,
            "eps_4q": null,
            "eps_4q_growth_year": null,
            "roe": null,
            "roe_4q": 0,
            "gross_profit": null,
            "gross_margin": null,
            "gross_margin_4q_avg": 0,
            "net_income": null,
            "net_income_4q": null,
            "revenue": null,
            "revenue_4q": null,
            "common_shares": null,
            "book_valuer_per_share": null,
            "book_valuer_per_share_4q_avg": 0,
            "equity": null,
            "current_ratio": null,
            "debt_ratio": null,
            "inventory_turnover_ratio": null,
            "account_receivable_turnover_ratio": null,
            "reinvestment_rate": null,
            "research_to_sale_ratio": null,
            "price_fair": 0,
            "eps_avg_yearly": 0,
            "eps_latest_yearly": 0,
            "eps_growth_yearly": 0
        },
        "20022": {
            "year_quarter": 20022,
            "year": 2002,
            "quarter": 2,
            "eps": null,
            "eps_growth_year": null,
            "eps_4q": null,
            "eps_4q_growth_year": null,
            "roe": null,
            "roe_4q": 0,
            "gross_profit": null,
            "gross_margin": null,
            "gross_margin_4q_avg": 0,
            "net_income": null,
            "net_income_4q": null,
            "revenue": null,
            "revenue_4q": null,
            "common_shares": null,
            "book_valuer_per_share": null,
            "book_valuer_per_share_4q_avg": 0,
            "equity": null,
            "current_ratio": null,
            "debt_ratio": null,
            "inventory_turnover_ratio": null,
            "account_receivable_turnover_ratio": null,
            "reinvestment_rate": null,
            "research_to_sale_ratio": null,
            "price_fair": 0,
            "eps_avg_yearly": 0,
            "eps_latest_yearly": 0,
            "eps_growth_yearly": 0
        },
        "20023": {
            "year_quarter": 20023,
            "year": 2002,
            "quarter": 3,
            "eps": null,
            "eps_growth_year": null,
            "eps_4q": null,
            "eps_4q_growth_year": null,
            "roe": null,
            "roe_4q": 0,
            "gross_profit": null,
            "gross_margin": null,
            "gross_margin_4q_avg": 0,
            "net_income": null,
            "net_income_4q": null,
            "revenue": null,
            "revenue_4q": null,
            "common_shares": null,
            "book_valuer_per_share": null,
            "book_valuer_per_share_4q_avg": 0,
            "equity": null,
            "current_ratio": null,
            "debt_ratio": null,
            "inventory_turnover_ratio": null,
            "account_receivable_turnover_ratio": null,
            "reinvestment_rate": null,
            "research_to_sale_ratio": null,
            "price_fair": 0,
            "eps_avg_yearly": 0,
            "eps_latest_yearly": 0,
            "eps_growth_yearly": 0
        },
        "20024": {
            "year_quarter": 20024,
            "year": 2002,
            "quarter": 4,
            "eps": null,
            "eps_growth_year": null,
            "eps_4q": null,
            "eps_4q_growth_year": null,
            "roe": null,
            "roe_4q": 0,
            "gross_profit": null,
            "gross_margin": null,
            "gross_margin_4q_avg": 0,
            "net_income": null,
            "net_income_4q": null,
            "revenue": null,
            "revenue_4q": null,
            "common_shares": null,
            "book_valuer_per_share": null,
            "book_valuer_per_share_4q_avg": 0,
            "equity": null,
            "current_ratio": null,
            "debt_ratio": null,
            "inventory_turnover_ratio": null,
            "account_receivable_turnover_ratio": null,
            "reinvestment_rate": null,
            "research_to_sale_ratio": null,
            "price_fair": 0,
            "eps_avg_yearly": 0,
            "eps_latest_yearly": 0,
            "eps_growth_yearly": 0
        },
        "20031": {
            "year_quarter": 20031,
            "year": 2003,
            "quarter": 1,
            "eps": null,
            "eps_growth_year": null,
            "eps_4q": null,
            "eps_4q_growth_year": null,
            "roe": null,
            "roe_4q": 0,
            "gross_profit": null,
            "gross_margin": null,
            "gross_margin_4q_avg": 0,
            "net_income": null,
            "net_income_4q": null,
            "revenue": null,
            "revenue_4q": null,
            "common_shares": null,
            "book_valuer_per_share": null,
            "book_valuer_per_share_4q_avg": 0,
            "equity": null,
            "current_ratio": null,
            "debt_ratio": null,
            "inventory_turnover_ratio": null,
            "account_receivable_turnover_ratio": null,
            "reinvestment_rate": null,
            "research_to_sale_ratio": null,
            "price_fair": 0,
            "eps_avg_yearly": 0,
            "eps_latest_yearly": 0,
            "eps_growth_yearly": 0
        },
        "20032": {
            "year_quarter": 20032,
            "year": 2003,
            "quarter": 2,
            "eps": null,
            "eps_growth_year": null,
            "eps_4q": null,
            "eps_4q_growth_year": null,
            "roe": null,
            "roe_4q": 0,
            "gross_profit": null,
            "gross_margin": null,
            "gross_margin_4q_avg": 0,
            "net_income": null,
            "net_income_4q": null,
            "revenue": null,
            "revenue_4q": null,
            "common_shares": null,
            "book_valuer_per_share": null,
            "book_valuer_per_share_4q_avg": 0,
            "equity": null,
            "current_ratio": null,
            "debt_ratio": null,
            "inventory_turnover_ratio": null,
            "account_receivable_turnover_ratio": null,
            "reinvestment_rate": null,
            "research_to_sale_ratio": null,
            "price_fair": 0,
            "eps_avg_yearly": 0,
            "eps_latest_yearly": 0,
            "eps_growth_yearly": 0
        },
        "20033": {
            "year_quarter": 20033,
            "year": 2003,
            "quarter": 3,
            "eps": null,
            "eps_growth_year": null,
            "eps_4q": null,
            "eps_4q_growth_year": null,
            "roe": null,
            "roe_4q": 0,
            "gross_profit": null,
            "gross_margin": null,
            "gross_margin_4q_avg": 0,
            "net_income": null,
            "net_income_4q": null,
            "revenue": null,
            "revenue_4q": null,
            "common_shares": null,
            "book_valuer_per_share": null,
            "book_valuer_per_share_4q_avg": 0,
            "equity": null,
            "current_ratio": null,
            "debt_ratio": null,
            "inventory_turnover_ratio": null,
            "account_receivable_turnover_ratio": null,
            "reinvestment_rate": null,
            "research_to_sale_ratio": null,
            "price_fair": 0,
            "eps_avg_yearly": 0,
            "eps_latest_yearly": 0,
            "eps_growth_yearly": 0
        },
        "20034": {
            "year_quarter": 20034,
            "year": 2003,
            "quarter": 4,
            "eps": null,
            "eps_growth_year": null,
            "eps_4q": null,
            "eps_4q_growth_year": null,
            "roe": null,
            "roe_4q": 0,
            "gross_profit": null,
            "gross_margin": null,
            "gross_margin_4q_avg": 0,
            "net_income": null,
            "net_income_4q": null,
            "revenue": null,
            "revenue_4q": null,
            "common_shares": 160000,
            "book_valuer_per_share": 5.39,
            "book_valuer_per_share_4q_avg": 1.35,
            "equity": 86222,
            "current_ratio": 63.23,
            "debt_ratio": 45.58,
            "inventory_turnover_ratio": null,
            "account_receivable_turnover_ratio": null,
            "reinvestment_rate": null,
            "research_to_sale_ratio": null,
            "price_fair": 0,
            "eps_avg_yearly": 0,
            "eps_latest_yearly": 0,
            "eps_growth_yearly": 0
        },
        "20041": {
            "year_quarter": 20041,
            "year": 2004,
            "quarter": 1,
            "eps": null,
            "eps_growth_year": null,
            "eps_4q": null,
            "eps_4q_growth_year": null,
            "roe": null,
            "roe_4q": 0,
            "gross_profit": null,
            "gross_margin": null,
            "gross_margin_4q_avg": 0,
            "net_income": null,
            "net_income_4q": null,
            "revenue": null,
            "revenue_4q": null,
            "common_shares": null,
            "book_valuer_per_share": null,
            "book_valuer_per_share_4q_avg": 1.35,
            "equity": null,
            "current_ratio": null,
            "debt_ratio": null,
            "inventory_turnover_ratio": null,
            "account_receivable_turnover_ratio": null,
            "reinvestment_rate": null,
            "research_to_sale_ratio": null,
            "price_fair": 0,
            "eps_avg_yearly": 0,
            "eps_latest_yearly": 0,
            "eps_growth_yearly": 0
        },
        "20042": {
            "year_quarter": 20042,
            "year": 2004,
            "quarter": 2,
            "eps": null,
            "eps_growth_year": null,
            "eps_4q": null,
            "eps_4q_growth_year": null,
            "roe": null,
            "roe_4q": 0,
            "gross_profit": null,
            "gross_margin": null,
            "gross_margin_4q_avg": 0,
            "net_income": null,
            "net_income_4q": null,
            "revenue": null,
            "revenue_4q": null,
            "common_shares": null,
            "book_valuer_per_share": null,
            "book_valuer_per_share_4q_avg": 1.35,
            "equity": null,
            "current_ratio": null,
            "debt_ratio": null,
            "inventory_turnover_ratio": null,
            "account_receivable_turnover_ratio": null,
            "reinvestment_rate": null,
            "research_to_sale_ratio": null,
            "price_fair": 0,
            "eps_avg_yearly": 0,
            "eps_latest_yearly": 0,
            "eps_growth_yearly": 0
        },
        "20043": {
            "year_quarter": 20043,
            "year": 2004,
            "quarter": 3,
            "eps": null,
            "eps_growth_year": null,
            "eps_4q": null,
            "eps_4q_growth_year": null,
            "roe": null,
            "roe_4q": 0,
            "gross_profit": null,
            "gross_margin": null,
            "gross_margin_4q_avg": 0,
            "net_income": null,
            "net_income_4q": null,
            "revenue": null,
            "revenue_4q": null,
            "common_shares": null,
            "book_valuer_per_share": null,
            "book_valuer_per_share_4q_avg": 1.35,
            "equity": null,
            "current_ratio": null,
            "debt_ratio": null,
            "inventory_turnover_ratio": null,
            "account_receivable_turnover_ratio": null,
            "reinvestment_rate": null,
            "research_to_sale_ratio": null,
            "price_fair": 0,
            "eps_avg_yearly": 0,
            "eps_latest_yearly": 0,
            "eps_growth_yearly": 0
        },
        "20044": {
            "year_quarter": 20044,
            "year": 2004,
            "quarter": 4,
            "eps": null,
            "eps_growth_year": null,
            "eps_4q": null,
            "eps_4q_growth_year": null,
            "roe": null,
            "roe_4q": 0,
            "gross_profit": null,
            "gross_margin": null,
            "gross_margin_4q_avg": 0,
            "net_income": null,
            "net_income_4q": null,
            "revenue": null,
            "revenue_4q": null,
            "common_shares": 160000,
            "book_valuer_per_share": 6.48,
            "book_valuer_per_share_4q_avg": 1.62,
            "equity": 103708,
            "current_ratio": 856.05,
            "debt_ratio": 22.43,
            "inventory_turnover_ratio": null,
            "account_receivable_turnover_ratio": null,
            "reinvestment_rate": null,
            "research_to_sale_ratio": null,
            "price_fair": 0,
            "eps_avg_yearly": 0,
            "eps_latest_yearly": 0,
            "eps_growth_yearly": 0
        },
        "20051": {
            "year_quarter": 20051,
            "year": 2005,
            "quarter": 1,
            "eps": null,
            "eps_growth_year": null,
            "eps_4q": null,
            "eps_4q_growth_year": null,
            "roe": null,
            "roe_4q": 0,
            "gross_profit": null,
            "gross_margin": null,
            "gross_margin_4q_avg": 0,
            "net_income": null,
            "net_income_4q": null,
            "revenue": null,
            "revenue_4q": null,
            "common_shares": null,
            "book_valuer_per_share": null,
            "book_valuer_per_share_4q_avg": 1.62,
            "equity": null,
            "current_ratio": null,
            "debt_ratio": null,
            "inventory_turnover_ratio": null,
            "account_receivable_turnover_ratio": null,
            "reinvestment_rate": null,
            "research_to_sale_ratio": null,
            "price_fair": 0,
            "eps_avg_yearly": 0,
            "eps_latest_yearly": 0,
            "eps_growth_yearly": 0
        },
        "20052": {
            "year_quarter": 20052,
            "year": 2005,
            "quarter": 2,
            "eps": null,
            "eps_growth_year": null,
            "eps_4q": null,
            "eps_4q_growth_year": null,
            "roe": null,
            "roe_4q": 0,
            "gross_profit": null,
            "gross_margin": null,
            "gross_margin_4q_avg": 0,
            "net_income": null,
            "net_income_4q": null,
            "revenue": null,
            "revenue_4q": null,
            "common_shares": null,
            "book_valuer_per_share": null,
            "book_valuer_per_share_4q_avg": 1.62,
            "equity": null,
            "current_ratio": null,
            "debt_ratio": null,
            "inventory_turnover_ratio": null,
            "account_receivable_turnover_ratio": null,
            "reinvestment_rate": null,
            "research_to_sale_ratio": null,
            "price_fair": 0,
            "eps_avg_yearly": 0,
            "eps_latest_yearly": 0,
            "eps_growth_yearly": 0
        },
        "20053": {
            "year_quarter": 20053,
            "year": 2005,
            "quarter": 3,
            "eps": null,
            "eps_growth_year": null,
            "eps_4q": null,
            "eps_4q_growth_year": null,
            "roe": null,
            "roe_4q": 0,
            "gross_profit": null,
            "gross_margin": null,
            "gross_margin_4q_avg": 0,
            "net_income": null,
            "net_income_4q": null,
            "revenue": null,
            "revenue_4q": null,
            "common_shares": null,
            "book_valuer_per_share": null,
            "book_valuer_per_share_4q_avg": 1.62,
            "equity": null,
            "current_ratio": null,
            "debt_ratio": null,
            "inventory_turnover_ratio": null,
            "account_receivable_turnover_ratio": null,
            "reinvestment_rate": null,
            "research_to_sale_ratio": null,
            "price_fair": 0,
            "eps_avg_yearly": 0,
            "eps_latest_yearly": 0,
            "eps_growth_yearly": 0
        },
        "20054": {
            "year_quarter": 20054,
            "year": 2005,
            "quarter": 4,
            "eps": null,
            "eps_growth_year": null,
            "eps_4q": null,
            "eps_4q_growth_year": null,
            "roe": null,
            "roe_4q": 0,
            "gross_profit": null,
            "gross_margin": null,
            "gross_margin_4q_avg": 0,
            "net_income": null,
            "net_income_4q": null,
            "revenue": null,
            "revenue_4q": null,
            "common_shares": 160000,
            "book_valuer_per_share": 5.3,
            "book_valuer_per_share_4q_avg": 1.33,
            "equity": 84793,
            "current_ratio": 166.21,
            "debt_ratio": 36.76,
            "inventory_turnover_ratio": null,
            "account_receivable_turnover_ratio": null,
            "reinvestment_rate": null,
            "research_to_sale_ratio": null,
            "price_fair": 0,
            "eps_avg_yearly": 0,
            "eps_latest_yearly": 0,
            "eps_growth_yearly": 0
        },
        "20061": {
            "year_quarter": 20061,
            "year": 2006,
            "quarter": 1,
            "eps": null,
            "eps_growth_year": null,
            "eps_4q": null,
            "eps_4q_growth_year": null,
            "roe": null,
            "roe_4q": 0,
            "gross_profit": null,
            "gross_margin": null,
            "gross_margin_4q_avg": 0,
            "net_income": null,
            "net_income_4q": null,
            "revenue": null,
            "revenue_4q": null,
            "common_shares": null,
            "book_valuer_per_share": null,
            "book_valuer_per_share_4q_avg": 1.33,
            "equity": null,
            "current_ratio": null,
            "debt_ratio": null,
            "inventory_turnover_ratio": null,
            "account_receivable_turnover_ratio": null,
            "reinvestment_rate": null,
            "research_to_sale_ratio": null,
            "price_fair": 0,
            "eps_avg_yearly": 0,
            "eps_latest_yearly": 0,
            "eps_growth_yearly": 0
        },
        "20062": {
            "year_quarter": 20062,
            "year": 2006,
            "quarter": 2,
            "eps": null,
            "eps_growth_year": null,
            "eps_4q": null,
            "eps_4q_growth_year": null,
            "roe": null,
            "roe_4q": 0,
            "gross_profit": null,
            "gross_margin": null,
            "gross_margin_4q_avg": 0,
            "net_income": null,
            "net_income_4q": null,
            "revenue": null,
            "revenue_4q": null,
            "common_shares": null,
            "book_valuer_per_share": null,
            "book_valuer_per_share_4q_avg": 1.33,
            "equity": null,
            "current_ratio": null,
            "debt_ratio": null,
            "inventory_turnover_ratio": null,
            "account_receivable_turnover_ratio": null,
            "reinvestment_rate": null,
            "research_to_sale_ratio": null,
            "price_fair": 0,
            "eps_avg_yearly": 0,
            "eps_latest_yearly": 0,
            "eps_growth_yearly": 0
        },
        "20063": {
            "year_quarter": 20063,
            "year": 2006,
            "quarter": 3,
            "eps": null,
            "eps_growth_year": null,
            "eps_4q": null,
            "eps_4q_growth_year": null,
            "roe": null,
            "roe_4q": 0,
            "gross_profit": null,
            "gross_margin": null,
            "gross_margin_4q_avg": 0,
            "net_income": null,
            "net_income_4q": null,
            "revenue": null,
            "revenue_4q": null,
            "common_shares": null,
            "book_valuer_per_share": null,
            "book_valuer_per_share_4q_avg": 1.33,
            "equity": null,
            "current_ratio": null,
            "debt_ratio": null,
            "inventory_turnover_ratio": null,
            "account_receivable_turnover_ratio": null,
            "reinvestment_rate": null,
            "research_to_sale_ratio": null,
            "price_fair": 0,
            "eps_avg_yearly": 0,
            "eps_latest_yearly": 0,
            "eps_growth_yearly": 0
        },
        "20064": {
            "year_quarter": 20064,
            "year": 2006,
            "quarter": 4,
            "eps": null,
            "eps_growth_year": null,
            "eps_4q": null,
            "eps_4q_growth_year": null,
            "roe": null,
            "roe_4q": 0,
            "gross_profit": null,
            "gross_margin": null,
            "gross_margin_4q_avg": 0,
            "net_income": null,
            "net_income_4q": null,
            "revenue": null,
            "revenue_4q": null,
            "common_shares": 135000,
            "book_valuer_per_share": 7.99,
            "book_valuer_per_share_4q_avg": 2,
            "equity": 107859,
            "current_ratio": 213.64,
            "debt_ratio": 36.02,
            "inventory_turnover_ratio": null,
            "account_receivable_turnover_ratio": null,
            "reinvestment_rate": null,
            "research_to_sale_ratio": null,
            "price_fair": 0,
            "eps_avg_yearly": 0,
            "eps_latest_yearly": 0,
            "eps_growth_yearly": 0
        },
        "20071": {
            "year_quarter": 20071,
            "year": 2007,
            "quarter": 1,
            "eps": null,
            "eps_growth_year": null,
            "eps_4q": null,
            "eps_4q_growth_year": null,
            "roe": null,
            "roe_4q": 0,
            "gross_profit": null,
            "gross_margin": null,
            "gross_margin_4q_avg": 0,
            "net_income": null,
            "net_income_4q": null,
            "revenue": null,
            "revenue_4q": null,
            "common_shares": null,
            "book_valuer_per_share": null,
            "book_valuer_per_share_4q_avg": 2,
            "equity": null,
            "current_ratio": null,
            "debt_ratio": null,
            "inventory_turnover_ratio": null,
            "account_receivable_turnover_ratio": null,
            "reinvestment_rate": null,
            "research_to_sale_ratio": null,
            "price_fair": 0,
            "eps_avg_yearly": 0,
            "eps_latest_yearly": 0,
            "eps_growth_yearly": 0
        },
        "20072": {
            "year_quarter": 20072,
            "year": 2007,
            "quarter": 2,
            "eps": null,
            "eps_growth_year": null,
            "eps_4q": null,
            "eps_4q_growth_year": null,
            "roe": null,
            "roe_4q": 0,
            "gross_profit": null,
            "gross_margin": null,
            "gross_margin_4q_avg": 0,
            "net_income": null,
            "net_income_4q": null,
            "revenue": null,
            "revenue_4q": null,
            "common_shares": null,
            "book_valuer_per_share": null,
            "book_valuer_per_share_4q_avg": 2,
            "equity": null,
            "current_ratio": null,
            "debt_ratio": null,
            "inventory_turnover_ratio": null,
            "account_receivable_turnover_ratio": null,
            "reinvestment_rate": null,
            "research_to_sale_ratio": null,
            "price_fair": 0,
            "eps_avg_yearly": 0,
            "eps_latest_yearly": 0,
            "eps_growth_yearly": 0
        },
        "20073": {
            "year_quarter": 20073,
            "year": 2007,
            "quarter": 3,
            "eps": null,
            "eps_growth_year": null,
            "eps_4q": null,
            "eps_4q_growth_year": null,
            "roe": null,
            "roe_4q": 0,
            "gross_profit": null,
            "gross_margin": null,
            "gross_margin_4q_avg": 0,
            "net_income": null,
            "net_income_4q": null,
            "revenue": null,
            "revenue_4q": null,
            "common_shares": null,
            "book_valuer_per_share": null,
            "book_valuer_per_share_4q_avg": 2,
            "equity": null,
            "current_ratio": null,
            "debt_ratio": null,
            "inventory_turnover_ratio": null,
            "account_receivable_turnover_ratio": null,
            "reinvestment_rate": null,
            "research_to_sale_ratio": null,
            "price_fair": 0,
            "eps_avg_yearly": 0,
            "eps_latest_yearly": 0,
            "eps_growth_yearly": 0
        },
        "20074": {
            "year_quarter": 20074,
            "year": 2007,
            "quarter": 4,
            "eps": null,
            "eps_growth_year": null,
            "eps_4q": null,
            "eps_4q_growth_year": null,
            "roe": null,
            "roe_4q": 0,
            "gross_profit": null,
            "gross_margin": null,
            "gross_margin_4q_avg": 0,
            "net_income": null,
            "net_income_4q": null,
            "revenue": null,
            "revenue_4q": null,
            "common_shares": 165000,
            "book_valuer_per_share": 14.79,
            "book_valuer_per_share_4q_avg": 3.7,
            "equity": 244014,
            "current_ratio": 183.87,
            "debt_ratio": 35.16,
            "inventory_turnover_ratio": null,
            "account_receivable_turnover_ratio": null,
            "reinvestment_rate": null,
            "research_to_sale_ratio": null,
            "price_fair": 0,
            "eps_avg_yearly": 0,
            "eps_latest_yearly": 0,
            "eps_growth_yearly": 0
        },
        "20081": {
            "year_quarter": 20081,
            "year": 2008,
            "quarter": 1,
            "eps": null,
            "eps_growth_year": null,
            "eps_4q": null,
            "eps_4q_growth_year": null,
            "roe": null,
            "roe_4q": 0,
            "gross_profit": null,
            "gross_margin": null,
            "gross_margin_4q_avg": 0,
            "net_income": null,
            "net_income_4q": null,
            "revenue": null,
            "revenue_4q": null,
            "common_shares": null,
            "book_valuer_per_share": null,
            "book_valuer_per_share_4q_avg": 3.7,
            "equity": null,
            "current_ratio": null,
            "debt_ratio": null,
            "inventory_turnover_ratio": null,
            "account_receivable_turnover_ratio": null,
            "reinvestment_rate": null,
            "research_to_sale_ratio": null,
            "price_fair": 0,
            "eps_avg_yearly": 0,
            "eps_latest_yearly": 0,
            "eps_growth_yearly": 0
        },
        "20082": {
            "year_quarter": 20082,
            "year": 2008,
            "quarter": 2,
            "eps": null,
            "eps_growth_year": null,
            "eps_4q": null,
            "eps_4q_growth_year": null,
            "roe": null,
            "roe_4q": 0,
            "gross_profit": null,
            "gross_margin": null,
            "gross_margin_4q_avg": 0,
            "net_income": null,
            "net_income_4q": null,
            "revenue": null,
            "revenue_4q": null,
            "common_shares": null,
            "book_valuer_per_share": null,
            "book_valuer_per_share_4q_avg": 3.7,
            "equity": null,
            "current_ratio": null,
            "debt_ratio": null,
            "inventory_turnover_ratio": null,
            "account_receivable_turnover_ratio": null,
            "reinvestment_rate": null,
            "research_to_sale_ratio": null,
            "price_fair": 0,
            "eps_avg_yearly": 0,
            "eps_latest_yearly": 0,
            "eps_growth_yearly": 0
        },
        "20083": {
            "year_quarter": 20083,
            "year": 2008,
            "quarter": 3,
            "eps": 0.38,
            "eps_growth_year": null,
            "eps_4q": null,
            "eps_4q_growth_year": null,
            "roe": 3.2,
            "roe_4q": 3.2,
            "gross_profit": 26469,
            "gross_margin": 19.62,
            "gross_margin_4q_avg": 4.91,
            "net_income": 8860,
            "net_income_4q": null,
            "revenue": 134911,
            "revenue_4q": null,
            "common_shares": 231396,
            "book_valuer_per_share": 11.97,
            "book_valuer_per_share_4q_avg": 6.69,
            "equity": 277014,
            "current_ratio": 135.39,
            "debt_ratio": 41.95,
            "inventory_turnover_ratio": 1.9,
            "account_receivable_turnover_ratio": null,
            "reinvestment_rate": null,
            "research_to_sale_ratio": null,
            "price_fair": 0,
            "eps_avg_yearly": 0,
            "eps_latest_yearly": 0,
            "eps_growth_yearly": 0
        },
        "20084": {
            "year_quarter": 20084,
            "year": 2008,
            "quarter": 4,
            "eps": -1.1,
            "eps_growth_year": null,
            "eps_4q": null,
            "eps_4q_growth_year": null,
            "roe": -9.61,
            "roe_4q": -6.409999999999999,
            "gross_profit": 3305,
            "gross_margin": 5.45,
            "gross_margin_4q_avg": 6.27,
            "net_income": -25395,
            "net_income_4q": null,
            "revenue": 60626,
            "revenue_4q": null,
            "common_shares": 231396,
            "book_valuer_per_share": 10.87,
            "book_valuer_per_share_4q_avg": 5.71,
            "equity": 251619,
            "current_ratio": 133.59,
            "debt_ratio": 42.54,
            "inventory_turnover_ratio": 1.01,
            "account_receivable_turnover_ratio": 4.81,
            "reinvestment_rate": null,
            "research_to_sale_ratio": null,
            "price_fair": 0,
            "eps_avg_yearly": 0,
            "eps_latest_yearly": 0,
            "eps_growth_yearly": 0
        },
        "20091": {
            "year_quarter": 20091,
            "year": 2009,
            "quarter": 1,
            "eps": -0.27,
            "eps_growth_year": null,
            "eps_4q": null,
            "eps_4q_growth_year": null,
            "roe": -2.52,
            "roe_4q": -8.93,
            "gross_profit": 2050,
            "gross_margin": 2.59,
            "gross_margin_4q_avg": 6.92,
            "net_income": -6273,
            "net_income_4q": null,
            "revenue": 79038,
            "revenue_4q": null,
            "common_shares": 231396,
            "book_valuer_per_share": 10.6,
            "book_valuer_per_share_4q_avg": 8.36,
            "equity": 245345,
            "current_ratio": 211.89,
            "debt_ratio": 36.42,
            "inventory_turnover_ratio": 2.09,
            "account_receivable_turnover_ratio": 2.95,
            "reinvestment_rate": null,
            "research_to_sale_ratio": null,
            "price_fair": 0,
            "eps_avg_yearly": 0,
            "eps_latest_yearly": 0,
            "eps_growth_yearly": 0
        },
        "20092": {
            "year_quarter": 20092,
            "year": 2009,
            "quarter": 2,
            "eps": 0.87,
            "eps_growth_year": null,
            "eps_4q": -0.11,
            "eps_4q_growth_year": null,
            "roe": 7.99,
            "roe_4q": -0.9399999999999986,
            "gross_profit": 40518,
            "gross_margin": 35.87,
            "gross_margin_4q_avg": 15.88,
            "net_income": 20183,
            "net_income_4q": null,
            "revenue": 112966,
            "revenue_4q": null,
            "common_shares": 231396,
            "book_valuer_per_share": 11.23,
            "book_valuer_per_share_4q_avg": 11.17,
            "equity": 259744,
            "current_ratio": 191.93,
            "debt_ratio": 43.42,
            "inventory_turnover_ratio": 3.3,
            "account_receivable_turnover_ratio": 2.29,
            "reinvestment_rate": null,
            "research_to_sale_ratio": null,
            "price_fair": 0,
            "eps_avg_yearly": 0,
            "eps_latest_yearly": 0,
            "eps_growth_yearly": 0
        },
        "20093": {
            "year_quarter": 20093,
            "year": 2009,
            "quarter": 3,
            "eps": 0.52,
            "eps_growth_year": 36.84,
            "eps_4q": 0.02,
            "eps_4q_growth_year": null,
            "roe": 4.51,
            "roe_4q": 0.370000000000001,
            "gross_profit": 32697,
            "gross_margin": 25.56,
            "gross_margin_4q_avg": 17.37,
            "net_income": 11972,
            "net_income_4q": null,
            "revenue": 127918,
            "revenue_4q": null,
            "common_shares": 231396,
            "book_valuer_per_share": 11.74,
            "book_valuer_per_share_4q_avg": 11.11,
            "equity": 271716,
            "current_ratio": 174.25,
            "debt_ratio": 44.46,
            "inventory_turnover_ratio": 2.71,
            "account_receivable_turnover_ratio": 1.88,
            "reinvestment_rate": null,
            "research_to_sale_ratio": null,
            "price_fair": 6.24,
            "eps_avg_yearly": 2.08,
            "eps_latest_yearly": 2.08,
            "eps_growth_yearly": -160.92
        },
        "20094": {
            "year_quarter": 20094,
            "year": 2009,
            "quarter": 4,
            "eps": 0.42,
            "eps_growth_year": null,
            "eps_4q": 1.54,
            "eps_4q_growth_year": null,
            "roe": 3.54,
            "roe_4q": 13.52,
            "gross_profit": 23912,
            "gross_margin": 23.43,
            "gross_margin_4q_avg": 21.86,
            "net_income": 9801,
            "net_income_4q": null,
            "revenue": 102069,
            "revenue_4q": null,
            "common_shares": 231396,
            "book_valuer_per_share": 12.17,
            "book_valuer_per_share_4q_avg": 11.44,
            "equity": 281517,
            "current_ratio": 193.63,
            "debt_ratio": 38.76,
            "inventory_turnover_ratio": 1.88,
            "account_receivable_turnover_ratio": 3.15,
            "reinvestment_rate": null,
            "research_to_sale_ratio": null,
            "price_fair": 5.64,
            "eps_avg_yearly": 1.88,
            "eps_latest_yearly": 1.68,
            "eps_growth_yearly": -118.92
        },
        "20101": {
            "year_quarter": 20101,
            "year": 2010,
            "quarter": 1,
            "eps": -0.09,
            "eps_growth_year": null,
            "eps_4q": 1.72,
            "eps_4q_growth_year": null,
            "roe": -0.76,
            "roe_4q": 15.280000000000001,
            "gross_profit": 9818,
            "gross_margin": 12.26,
            "gross_margin_4q_avg": 24.28,
            "net_income": -2144,
            "net_income_4q": null,
            "revenue": 80082,
            "revenue_4q": null,
            "common_shares": 231396,
            "book_valuer_per_share": 12.07,
            "book_valuer_per_share_4q_avg": 11.8,
            "equity": 279373,
            "current_ratio": 201.16,
            "debt_ratio": 35.8,
            "inventory_turnover_ratio": 2.13,
            "account_receivable_turnover_ratio": 1.28,
            "reinvestment_rate": null,
            "research_to_sale_ratio": 3.94,
            "price_fair": 5.64,
            "eps_avg_yearly": 1.88,
            "eps_latest_yearly": 1.68,
            "eps_growth_yearly": -118.92
        },
        "20102": {
            "year_quarter": 20102,
            "year": 2010,
            "quarter": 2,
            "eps": 0.12,
            "eps_growth_year": -86.56,
            "eps_4q": 0.88,
            "eps_4q_growth_year": null,
            "roe": 1,
            "roe_4q": 8.29,
            "gross_profit": 17983,
            "gross_margin": 17.85,
            "gross_margin_4q_avg": 19.78,
            "net_income": 2998,
            "net_income_4q": null,
            "revenue": 100757,
            "revenue_4q": null,
            "common_shares": 256396,
            "book_valuer_per_share": 12.43,
            "book_valuer_per_share_4q_avg": 12.1,
            "equity": 318758,
            "current_ratio": 203.23,
            "debt_ratio": 35.9,
            "inventory_turnover_ratio": 3.68,
            "account_receivable_turnover_ratio": 1.43,
            "reinvestment_rate": null,
            "research_to_sale_ratio": 1.63,
            "price_fair": 5.64,
            "eps_avg_yearly": 1.88,
            "eps_latest_yearly": 1.68,
            "eps_growth_yearly": -118.92
        },
        "20103": {
            "year_quarter": 20103,
            "year": 2010,
            "quarter": 3,
            "eps": 0.6,
            "eps_growth_year": 16.35,
            "eps_4q": 1.02,
            "eps_4q_growth_year": 4701.89,
            "roe": 4.78,
            "roe_4q": 8.56,
            "gross_profit": 32125,
            "gross_margin": 26.86,
            "gross_margin_4q_avg": 20.1,
            "net_income": 15694,
            "net_income_4q": null,
            "revenue": 119604,
            "revenue_4q": null,
            "common_shares": 259406,
            "book_valuer_per_share": 13.02,
            "book_valuer_per_share_4q_avg": 12.42,
            "equity": 337635,
            "current_ratio": 225.67,
            "debt_ratio": 32.78,
            "inventory_turnover_ratio": 4.19,
            "account_receivable_turnover_ratio": 1.5,
            "reinvestment_rate": null,
            "research_to_sale_ratio": 2.35,
            "price_fair": 71.87,
            "eps_avg_yearly": 2.05,
            "eps_latest_yearly": 2.4,
            "eps_growth_yearly": 454.05
        },
        "20104": {
            "year_quarter": 20104,
            "year": 2010,
            "quarter": 4,
            "eps": -0.01,
            "eps_growth_year": -101.36,
            "eps_4q": 0.63,
            "eps_4q_growth_year": -59,
            "roe": -0.04,
            "roe_4q": 4.98,
            "gross_profit": 23685,
            "gross_margin": 19.16,
            "gross_margin_4q_avg": 19.03,
            "net_income": -148,
            "net_income_4q": null,
            "revenue": 123592,
            "revenue_4q": null,
            "common_shares": 259406,
            "book_valuer_per_share": 13.01,
            "book_valuer_per_share_4q_avg": 12.63,
            "equity": 337486,
            "current_ratio": 215.6,
            "debt_ratio": 34.16,
            "inventory_turnover_ratio": 2.93,
            "account_receivable_turnover_ratio": 1.52,
            "reinvestment_rate": null,
            "research_to_sale_ratio": 1.85,
            "price_fair": 71.87,
            "eps_avg_yearly": 2.05,
            "eps_latest_yearly": 2.4,
            "eps_growth_yearly": 454.05
        },
        "20111": {
            "year_quarter": 20111,
            "year": 2011,
            "quarter": 1,
            "eps": -0.04,
            "eps_growth_year": null,
            "eps_4q": 0.67,
            "eps_4q_growth_year": -60.89,
            "roe": -0.32,
            "roe_4q": 5.42,
            "gross_profit": 9552,
            "gross_margin": 10.74,
            "gross_margin_4q_avg": 18.65,
            "net_income": -1087,
            "net_income_4q": null,
            "revenue": 88974,
            "revenue_4q": null,
            "common_shares": 259406,
            "book_valuer_per_share": 13.19,
            "book_valuer_per_share_4q_avg": 12.91,
            "equity": 342160,
            "current_ratio": 258.21,
            "debt_ratio": 42.94,
            "inventory_turnover_ratio": 1.97,
            "account_receivable_turnover_ratio": 1.18,
            "reinvestment_rate": null,
            "research_to_sale_ratio": 3.12,
            "price_fair": 71.87,
            "eps_avg_yearly": 2.05,
            "eps_latest_yearly": 2.4,
            "eps_growth_yearly": 454.05
        },
        "20112": {
            "year_quarter": 20112,
            "year": 2011,
            "quarter": 2,
            "eps": 0.15,
            "eps_growth_year": 27.1,
            "eps_4q": 0.7,
            "eps_4q_growth_year": -20.86,
            "roe": 1.15,
            "roe_4q": 5.57,
            "gross_profit": 20159,
            "gross_margin": 19.7,
            "gross_margin_4q_avg": 19.12,
            "net_income": 3908,
            "net_income_4q": null,
            "revenue": 102329,
            "revenue_4q": null,
            "common_shares": 262969,
            "book_valuer_per_share": 12.8,
            "book_valuer_per_share_4q_avg": 13.01,
            "equity": 336661,
            "current_ratio": 233.01,
            "debt_ratio": 44.14,
            "inventory_turnover_ratio": 1.95,
            "account_receivable_turnover_ratio": 1.37,
            "reinvestment_rate": null,
            "research_to_sale_ratio": 1.93,
            "price_fair": 71.87,
            "eps_avg_yearly": 2.05,
            "eps_latest_yearly": 2.4,
            "eps_growth_yearly": 454.05
        },
        "20113": {
            "year_quarter": 20113,
            "year": 2011,
            "quarter": 3,
            "eps": 0.09,
            "eps_growth_year": -85.46,
            "eps_4q": 0.19,
            "eps_4q_growth_year": -81.34,
            "roe": 0.68,
            "roe_4q": 1.47,
            "gross_profit": 14829,
            "gross_margin": 10.54,
            "gross_margin_4q_avg": 15.04,
            "net_income": 2314,
            "net_income_4q": null,
            "revenue": 140753,
            "revenue_4q": null,
            "common_shares": 263106,
            "book_valuer_per_share": 12.89,
            "book_valuer_per_share_4q_avg": 12.97,
            "equity": 339112,
            "current_ratio": 181.54,
            "debt_ratio": 54.25,
            "inventory_turnover_ratio": 2.84,
            "account_receivable_turnover_ratio": 1.69,
            "reinvestment_rate": null,
            "research_to_sale_ratio": 2.05,
            "price_fair": 57.05,
            "eps_avg_yearly": 1.63,
            "eps_latest_yearly": 0.36,
            "eps_growth_yearly": 300.54
        },
        "20114": {
            "year_quarter": 20114,
            "year": 2011,
            "quarter": 4,
            "eps": -0.58,
            "eps_growth_year": null,
            "eps_4q": -0.39,
            "eps_4q_growth_year": -161.48,
            "roe": -4.63,
            "roe_4q": -3.1199999999999997,
            "gross_profit": -1275,
            "gross_margin": -1.17,
            "gross_margin_4q_avg": 9.95,
            "net_income": -15362,
            "net_income_4q": null,
            "revenue": 109149,
            "revenue_4q": null,
            "common_shares": 263136,
            "book_valuer_per_share": 12.3,
            "book_valuer_per_share_4q_avg": 12.8,
            "equity": 323780,
            "current_ratio": 138.98,
            "debt_ratio": 56.12,
            "inventory_turnover_ratio": 2.52,
            "account_receivable_turnover_ratio": 1.18,
            "reinvestment_rate": null,
            "research_to_sale_ratio": 3.23,
            "price_fair": 57.05,
            "eps_avg_yearly": 1.63,
            "eps_latest_yearly": 0.36,
            "eps_growth_yearly": 300.54
        },
        "20121": {
            "year_quarter": 20121,
            "year": 2012,
            "quarter": 1,
            "eps": -0.52,
            "eps_growth_year": null,
            "eps_4q": -0.86,
            "eps_4q_growth_year": -227.92,
            "roe": -4.28,
            "roe_4q": -7.08,
            "gross_profit": -5594,
            "gross_margin": -3.68,
            "gross_margin_4q_avg": 6.35,
            "net_income": -13590,
            "net_income_4q": null,
            "revenue": 152065,
            "revenue_4q": null,
            "common_shares": 264006,
            "book_valuer_per_share": 11.78,
            "book_valuer_per_share_4q_avg": 12.44,
            "equity": 311090,
            "current_ratio": 94.9,
            "debt_ratio": 57.67,
            "inventory_turnover_ratio": 2.62,
            "account_receivable_turnover_ratio": 1.22,
            "reinvestment_rate": null,
            "research_to_sale_ratio": 2.04,
            "price_fair": 57.05,
            "eps_avg_yearly": 1.63,
            "eps_latest_yearly": 0.36,
            "eps_growth_yearly": 300.54
        },
        "20122": {
            "year_quarter": 20122,
            "year": 2012,
            "quarter": 2,
            "eps": -2.28,
            "eps_growth_year": -1633.05,
            "eps_4q": -3.29,
            "eps_4q_growth_year": -570.62,
            "roe": -21.41,
            "roe_4q": -29.64,
            "gross_profit": -39454,
            "gross_margin": -44.96,
            "gross_margin_4q_avg": -9.82,
            "net_income": -60164,
            "net_income_4q": null,
            "revenue": 87750,
            "revenue_4q": null,
            "common_shares": 264076,
            "book_valuer_per_share": 9.5,
            "book_valuer_per_share_4q_avg": 11.62,
            "equity": 250966,
            "current_ratio": 99.57,
            "debt_ratio": 69.84,
            "inventory_turnover_ratio": 1.57,
            "account_receivable_turnover_ratio": 0.64,
            "reinvestment_rate": null,
            "research_to_sale_ratio": 3.8,
            "price_fair": 57.05,
            "eps_avg_yearly": 1.63,
            "eps_latest_yearly": 0.36,
            "eps_growth_yearly": 300.54
        },
        "20123": {
            "year_quarter": 20123,
            "year": 2012,
            "quarter": 3,
            "eps": -1.74,
            "eps_growth_year": -2074.54,
            "eps_4q": -5.11,
            "eps_4q_growth_year": -2796.33,
            "roe": -20.11,
            "roe_4q": -50.43,
            "gross_profit": -28680,
            "gross_margin": -29.72,
            "gross_margin_4q_avg": -19.88,
            "net_income": -45866,
            "net_income_4q": null,
            "revenue": 96492,
            "revenue_4q": null,
            "common_shares": 264116,
            "book_valuer_per_share": 7.77,
            "book_valuer_per_share_4q_avg": 10.34,
            "equity": 205140,
            "current_ratio": 84.09,
            "debt_ratio": 69.47,
            "inventory_turnover_ratio": 1.59,
            "account_receivable_turnover_ratio": 0.84,
            "reinvestment_rate": null,
            "research_to_sale_ratio": 3.77,
            "price_fair": 57.05,
            "eps_avg_yearly": 1.63,
            "eps_latest_yearly": 0.36,
            "eps_growth_yearly": 300.54
        },
        "20124": {
            "year_quarter": 20124,
            "year": 2012,
            "quarter": 4,
            "eps": -0.86,
            "eps_growth_year": null,
            "eps_4q": -3.97,
            "eps_4q_growth_year": null,
            "roe": -13.24,
            "roe_4q": -59.040000000000006,
            "gross_profit": -19376,
            "gross_margin": -19.04,
            "gross_margin_4q_avg": -24.35,
            "net_income": -32912,
            "net_income_4q": null,
            "revenue": 101777,
            "revenue_4q": null,
            "common_shares": 384116,
            "book_valuer_per_share": 7.61,
            "book_valuer_per_share_4q_avg": 9.17,
            "equity": 292202,
            "current_ratio": 107.99,
            "debt_ratio": 62.71,
            "inventory_turnover_ratio": 1.88,
            "account_receivable_turnover_ratio": 0.92,
            "reinvestment_rate": null,
            "research_to_sale_ratio": 3.65,
            "price_fair": 57.05,
            "eps_avg_yearly": 1.63,
            "eps_latest_yearly": 0.36,
            "eps_growth_yearly": 300.54
        },
        "20131": {
            "year_quarter": 20131,
            "year": 2013,
            "quarter": 1,
            "eps": -0.74,
            "eps_growth_year": null,
            "eps_4q": -4.35,
            "eps_4q_growth_year": null,
            "roe": -10.21,
            "roe_4q": -64.97,
            "gross_profit": -20368,
            "gross_margin": -27.91,
            "gross_margin_4q_avg": -30.41,
            "net_income": -28270,
            "net_income_4q": null,
            "revenue": 72982,
            "revenue_4q": null,
            "common_shares": 384116,
            "book_valuer_per_share": 6.81,
            "book_valuer_per_share_4q_avg": 7.92,
            "equity": 261633,
            "current_ratio": 101.4,
            "debt_ratio": 54.99,
            "inventory_turnover_ratio": 2.28,
            "account_receivable_turnover_ratio": 0.66,
            "reinvestment_rate": null,
            "research_to_sale_ratio": 4.75,
            "price_fair": 57.05,
            "eps_avg_yearly": 1.63,
            "eps_latest_yearly": 0.36,
            "eps_growth_yearly": 300.54
        },
        "20132": {
            "year_quarter": 20132,
            "year": 2013,
            "quarter": 2,
            "eps": 0.58,
            "eps_growth_year": null,
            "eps_4q": -2.21,
            "eps_4q_growth_year": null,
            "roe": 8.1,
            "roe_4q": -35.46,
            "gross_profit": 33969,
            "gross_margin": 26.89,
            "gross_margin_4q_avg": -12.45,
            "net_income": 22078,
            "net_income_4q": null,
            "revenue": 126329,
            "revenue_4q": null,
            "common_shares": 384116,
            "book_valuer_per_share": 7.39,
            "book_valuer_per_share_4q_avg": 7.4,
            "equity": 283711,
            "current_ratio": 110.67,
            "debt_ratio": 54.88,
            "inventory_turnover_ratio": 2.52,
            "account_receivable_turnover_ratio": 1.22,
            "reinvestment_rate": null,
            "research_to_sale_ratio": 1.77,
            "price_fair": 57.05,
            "eps_avg_yearly": 1.63,
            "eps_latest_yearly": 0.36,
            "eps_growth_yearly": 300.54
        },
        "20133": {
            "year_quarter": 20133,
            "year": 2013,
            "quarter": 3,
            "eps": -1.25,
            "eps_growth_year": null,
            "eps_4q": -2.26,
            "eps_4q_growth_year": null,
            "roe": -18.43,
            "roe_4q": -33.78,
            "gross_profit": 16482,
            "gross_margin": 16.19,
            "gross_margin_4q_avg": -0.97,
            "net_income": -47865,
            "net_income_4q": null,
            "revenue": 101833,
            "revenue_4q": null,
            "common_shares": 384116,
            "book_valuer_per_share": 6.14,
            "book_valuer_per_share_4q_avg": 6.99,
            "equity": 235846,
            "current_ratio": 107.1,
            "debt_ratio": 61.21,
            "inventory_turnover_ratio": 1.51,
            "account_receivable_turnover_ratio": 0.95,
            "reinvestment_rate": null,
            "research_to_sale_ratio": 4.94,
            "price_fair": 51.8,
            "eps_avg_yearly": 1.48,
            "eps_latest_yearly": 0.36,
            "eps_growth_yearly": 454.36
        },
        "20134": {
            "year_quarter": 20134,
            "year": 2013,
            "quarter": 4,
            "eps": -0.65,
            "eps_growth_year": null,
            "eps_4q": -2.06,
            "eps_4q_growth_year": null,
            "roe": -11.14,
            "roe_4q": -31.68,
            "gross_profit": -17404,
            "gross_margin": -26.22,
            "gross_margin_4q_avg": -2.76,
            "net_income": -24900,
            "net_income_4q": null,
            "revenue": 66376,
            "revenue_4q": null,
            "common_shares": 384116,
            "book_valuer_per_share": 5.49,
            "book_valuer_per_share_4q_avg": 6.46,
            "equity": 211056,
            "current_ratio": 107.33,
            "debt_ratio": 59.14,
            "inventory_turnover_ratio": 1.61,
            "account_receivable_turnover_ratio": 0.63,
            "reinvestment_rate": null,
            "research_to_sale_ratio": 4.7,
            "price_fair": 48.3,
            "eps_avg_yearly": 1.38,
            "eps_latest_yearly": 0.36,
            "eps_growth_yearly": 720
        },
        "20141": {
            "year_quarter": 20141,
            "year": 2014,
            "quarter": 1,
            "eps": -0.41,
            "eps_growth_year": null,
            "eps_4q": -1.72,
            "eps_4q_growth_year": null,
            "roe": -7.65,
            "roe_4q": -29.119999999999997,
            "gross_profit": -862,
            "gross_margin": -1.77,
            "gross_margin_4q_avg": 3.77,
            "net_income": -15557,
            "net_income_4q": null,
            "revenue": 48581,
            "revenue_4q": null,
            "common_shares": 384116,
            "book_valuer_per_share": 5.09,
            "book_valuer_per_share_4q_avg": 6.03,
            "equity": 195499,
            "current_ratio": 106.98,
            "debt_ratio": 59.22,
            "inventory_turnover_ratio": 1.02,
            "account_receivable_turnover_ratio": 0.61,
            "reinvestment_rate": null,
            "research_to_sale_ratio": 5.57,
            "price_fair": 48.3,
            "eps_avg_yearly": 1.38,
            "eps_latest_yearly": 0.36,
            "eps_growth_yearly": 720
        },
        "20142": {
            "year_quarter": 20142,
            "year": 2014,
            "quarter": 2,
            "eps": -0.97,
            "eps_growth_year": -267.24,
            "eps_4q": -3.27,
            "eps_4q_growth_year": null,
            "roe": -21.1,
            "roe_4q": -58.32,
            "gross_profit": -3847,
            "gross_margin": -7.48,
            "gross_margin_4q_avg": -4.82,
            "net_income": -37313,
            "net_income_4q": null,
            "revenue": 51460,
            "revenue_4q": null,
            "common_shares": 384116,
            "book_valuer_per_share": 4.12,
            "book_valuer_per_share_4q_avg": 5.21,
            "equity": 158186,
            "current_ratio": 105.71,
            "debt_ratio": 65.41,
            "inventory_turnover_ratio": 1.09,
            "account_receivable_turnover_ratio": 0.88,
            "reinvestment_rate": null,
            "research_to_sale_ratio": 7.04,
            "price_fair": 48.3,
            "eps_avg_yearly": 1.38,
            "eps_latest_yearly": 0.36,
            "eps_growth_yearly": 720
        },
        "20143": {
            "year_quarter": 20143,
            "year": 2014,
            "quarter": 3,
            "eps": -0.57,
            "eps_growth_year": null,
            "eps_4q": -4.25,
            "eps_4q_growth_year": null,
            "roe": -7.86,
            "roe_4q": -47.75,
            "gross_profit": -6990,
            "gross_margin": -15.4,
            "gross_margin_4q_avg": -12.72,
            "net_income": -11956,
            "net_income_4q": null,
            "revenue": 45385,
            "revenue_4q": null,
            "common_shares": 211264,
            "book_valuer_per_share": 6.92,
            "book_valuer_per_share_4q_avg": 5.41,
            "equity": 146230,
            "current_ratio": 104.12,
            "debt_ratio": 62.73,
            "inventory_turnover_ratio": 1.21,
            "account_receivable_turnover_ratio": 0.81,
            "reinvestment_rate": null,
            "research_to_sale_ratio": 4.24,
            "price_fair": 1.08,
            "eps_avg_yearly": 0.36,
            "eps_latest_yearly": 0.36,
            "eps_growth_yearly": -160
        },
        "20144": {
            "year_quarter": 20144,
            "year": 2014,
            "quarter": 4,
            "eps": -2.84,
            "eps_growth_year": null,
            "eps_4q": -5.91,
            "eps_4q_growth_year": null,
            "roe": -51.2,
            "roe_4q": -87.81,
            "gross_profit": -15571,
            "gross_margin": -42.67,
            "gross_margin_4q_avg": -16.83,
            "net_income": -59980,
            "net_income_4q": null,
            "revenue": 36494,
            "revenue_4q": null,
            "common_shares": 211264,
            "book_valuer_per_share": 4.17,
            "book_valuer_per_share_4q_avg": 5.08,
            "equity": 88054,
            "current_ratio": 95.28,
            "debt_ratio": 70.88,
            "inventory_turnover_ratio": 1.31,
            "account_receivable_turnover_ratio": 0.74,
            "reinvestment_rate": null,
            "research_to_sale_ratio": 3.09,
            "price_fair": 1.08,
            "eps_avg_yearly": 0.36,
            "eps_latest_yearly": 0.36,
            "eps_growth_yearly": -160
        },
        "20151": {
            "year_quarter": 20151,
            "year": 2015,
            "quarter": 1,
            "eps": -1.09,
            "eps_growth_year": null,
            "eps_4q": -6.26,
            "eps_4q_growth_year": null,
            "roe": -30.04,
            "roe_4q": -110.20000000000002,
            "gross_profit": -9774,
            "gross_margin": -37.84,
            "gross_margin_4q_avg": -25.85,
            "net_income": -22995,
            "net_income_4q": null,
            "revenue": 25830,
            "revenue_4q": null,
            "common_shares": 211264,
            "book_valuer_per_share": 3.08,
            "book_valuer_per_share_4q_avg": 4.57,
            "equity": 65051,
            "current_ratio": 96.2,
            "debt_ratio": 75.81,
            "inventory_turnover_ratio": 1.05,
            "account_receivable_turnover_ratio": 0.61,
            "reinvestment_rate": null,
            "research_to_sale_ratio": 3.6,
            "price_fair": 1.08,
            "eps_avg_yearly": 0.36,
            "eps_latest_yearly": 0.36,
            "eps_growth_yearly": -160
        },
        "20152": {
            "year_quarter": 20152,
            "year": 2015,
            "quarter": 2,
            "eps": -1.33,
            "eps_growth_year": null,
            "eps_4q": -5.82,
            "eps_4q_growth_year": null,
            "roe": -54.99,
            "roe_4q": -144.09000000000003,
            "gross_profit": -493,
            "gross_margin": -1.59,
            "gross_margin_4q_avg": -24.38,
            "net_income": -28057,
            "net_income_4q": null,
            "revenue": 31021,
            "revenue_4q": null,
            "common_shares": 211264,
            "book_valuer_per_share": 1.75,
            "book_valuer_per_share_4q_avg": 3.98,
            "equity": 37002,
            "current_ratio": 83.94,
            "debt_ratio": 84.05,
            "inventory_turnover_ratio": 1.09,
            "account_receivable_turnover_ratio": 1.04,
            "reinvestment_rate": null,
            "research_to_sale_ratio": 3.39,
            "price_fair": 1.08,
            "eps_avg_yearly": 0.36,
            "eps_latest_yearly": 0.36,
            "eps_growth_yearly": -160
        },
        "20153": {
            "year_quarter": 20153,
            "year": 2015,
            "quarter": 3,
            "eps": -1.38,
            "eps_growth_year": null,
            "eps_4q": -8.71,
            "eps_4q_growth_year": null,
            "roe": -25.34,
            "roe_4q": -161.57,
            "gross_profit": -6864,
            "gross_margin": -29.4,
            "gross_margin_4q_avg": -27.88,
            "net_income": -19570,
            "net_income_4q": null,
            "revenue": 23350,
            "revenue_4q": null,
            "common_shares": 150000,
            "book_valuer_per_share": 7.83,
            "book_valuer_per_share_4q_avg": 4.21,
            "equity": 117432,
            "current_ratio": 145.09,
            "debt_ratio": 59.73,
            "inventory_turnover_ratio": 0.98,
            "account_receivable_turnover_ratio": 1.23,
            "reinvestment_rate": null,
            "research_to_sale_ratio": 5.62,
            "price_fair": 0,
            "eps_avg_yearly": 0,
            "eps_latest_yearly": 0,
            "eps_growth_yearly": 0
        },
        "20154": {
            "year_quarter": 20154,
            "year": 2015,
            "quarter": 4,
            "eps": -1.54,
            "eps_growth_year": null,
            "eps_4q": -6.25,
            "eps_4q_growth_year": null,
            "roe": -21.79,
            "roe_4q": -132.16,
            "gross_profit": -10143,
            "gross_margin": -27.46,
            "gross_margin_4q_avg": -24.07,
            "net_income": -23080,
            "net_income_4q": null,
            "revenue": 36938,
            "revenue_4q": null,
            "common_shares": 150000,
            "book_valuer_per_share": 6.29,
            "book_valuer_per_share_4q_avg": 4.74,
            "equity": 94423,
            "current_ratio": 133.04,
            "debt_ratio": 61.6,
            "inventory_turnover_ratio": 1.63,
            "account_receivable_turnover_ratio": 1.62,
            "reinvestment_rate": null,
            "research_to_sale_ratio": 4.64,
            "price_fair": 0,
            "eps_avg_yearly": 0,
            "eps_latest_yearly": 0,
            "eps_growth_yearly": 0
        },
        "20161": {
            "year_quarter": 20161,
            "year": 2016,
            "quarter": 1,
            "eps": -0.9,
            "eps_growth_year": null,
            "eps_4q": -4.91,
            "eps_4q_growth_year": null,
            "roe": -10.83,
            "roe_4q": -112.94999999999999,
            "gross_profit": 1170,
            "gross_margin": 2.85,
            "gross_margin_4q_avg": -13.9,
            "net_income": -13563,
            "net_income_4q": null,
            "revenue": 41114,
            "revenue_4q": null,
            "common_shares": 171480,
            "book_valuer_per_share": 9.1,
            "book_valuer_per_share_4q_avg": 6.24,
            "equity": 156040,
            "current_ratio": 147.31,
            "debt_ratio": 44.36,
            "inventory_turnover_ratio": 1.6,
            "account_receivable_turnover_ratio": 1.25,
            "reinvestment_rate": null,
            "research_to_sale_ratio": 4.58,
            "price_fair": 0,
            "eps_avg_yearly": 0,
            "eps_latest_yearly": 0,
            "eps_growth_yearly": 0
        },
        "20162": {
            "year_quarter": 20162,
            "year": 2016,
            "quarter": 2,
            "eps": -1.62,
            "eps_growth_year": null,
            "eps_4q": -4.9,
            "eps_4q_growth_year": null,
            "roe": -19.59,
            "roe_4q": -77.55,
            "gross_profit": -8254,
            "gross_margin": -36.47,
            "gross_margin_4q_avg": -22.62,
            "net_income": -27839,
            "net_income_4q": null,
            "revenue": 22630,
            "revenue_4q": null,
            "common_shares": 171480,
            "book_valuer_per_share": 7.48,
            "book_valuer_per_share_4q_avg": 7.68,
            "equity": 128201,
            "current_ratio": 118.33,
            "debt_ratio": 55.22,
            "inventory_turnover_ratio": 0.95,
            "account_receivable_turnover_ratio": 0.71,
            "reinvestment_rate": null,
            "research_to_sale_ratio": 9.23,
            "price_fair": 0,
            "eps_avg_yearly": 0,
            "eps_latest_yearly": 0,
            "eps_growth_yearly": 0
        },
        "20163": {
            "year_quarter": 20163,
            "year": 2016,
            "quarter": 3,
            "eps": -1.66,
            "eps_growth_year": null,
            "eps_4q": -5.42,
            "eps_4q_growth_year": null,
            "roe": -24.97,
            "roe_4q": -77.18,
            "gross_profit": -10018,
            "gross_margin": -43.46,
            "gross_margin_4q_avg": -26.14,
            "net_income": -28455,
            "net_income_4q": null,
            "revenue": 23053,
            "revenue_4q": null,
            "common_shares": 171480,
            "book_valuer_per_share": 5.82,
            "book_valuer_per_share_4q_avg": 7.17,
            "equity": 99746,
            "current_ratio": 101.29,
            "debt_ratio": 57.47,
            "inventory_turnover_ratio": 0.89,
            "account_receivable_turnover_ratio": 0.91,
            "reinvestment_rate": null,
            "research_to_sale_ratio": 6.86,
            "price_fair": 0,
            "eps_avg_yearly": 0,
            "eps_latest_yearly": 0,
            "eps_growth_yearly": 0
        },
        "20164": {
            "year_quarter": 20164,
            "year": 2016,
            "quarter": 4,
            "eps": -2.84,
            "eps_growth_year": null,
            "eps_4q": -6.42,
            "eps_4q_growth_year": null,
            "roe": -55.43,
            "roe_4q": -110.82000000000001,
            "gross_profit": -5995,
            "gross_margin": -22.4,
            "gross_margin_4q_avg": -24.87,
            "net_income": -55422,
            "net_income_4q": null,
            "revenue": 26769,
            "revenue_4q": null,
            "common_shares": 195210,
            "book_valuer_per_share": 5.13,
            "book_valuer_per_share_4q_avg": 6.88,
            "equity": 100214,
            "current_ratio": 265.19,
            "debt_ratio": 42.11,
            "inventory_turnover_ratio": 1.15,
            "account_receivable_turnover_ratio": 1.24,
            "reinvestment_rate": null,
            "research_to_sale_ratio": 15.73,
            "price_fair": 0,
            "eps_avg_yearly": 0,
            "eps_latest_yearly": 0,
            "eps_growth_yearly": 0
        },
        "20171": {
            "year_quarter": 20171,
            "year": 2017,
            "quarter": 1,
            "eps": -0.09,
            "eps_growth_year": null,
            "eps_4q": -6.38,
            "eps_4q_growth_year": null,
            "roe": -17.2,
            "roe_4q": -117.19,
            "gross_profit": 1549,
            "gross_margin": 6.97,
            "gross_margin_4q_avg": -23.84,
            "net_income": -17480,
            "net_income_4q": null,
            "revenue": 22209,
            "revenue_4q": null,
            "common_shares": 202460,
            "book_valuer_per_share": 5.09,
            "book_valuer_per_share_4q_avg": 5.88,
            "equity": 103034,
            "current_ratio": 252.5,
            "debt_ratio": 40.76,
            "inventory_turnover_ratio": 1.23,
            "account_receivable_turnover_ratio": 0.7,
            "reinvestment_rate": null,
            "research_to_sale_ratio": 11.77,
            "price_fair": 0,
            "eps_avg_yearly": 0,
            "eps_latest_yearly": 0,
            "eps_growth_yearly": 0
        },
        "20172": {
            "year_quarter": 20172,
            "year": 2017,
            "quarter": 2,
            "eps": 1.69,
            "eps_growth_year": null,
            "eps_4q": -6.7,
            "eps_4q_growth_year": null,
            "roe": -39.95,
            "roe_4q": -137.55,
            "gross_profit": -383,
            "gross_margin": -2.57,
            "gross_margin_4q_avg": -15.37,
            "net_income": -34307,
            "net_income_4q": null,
            "revenue": 14896,
            "revenue_4q": null,
            "common_shares": 202460,
            "book_valuer_per_share": 3.39,
            "book_valuer_per_share_4q_avg": 4.86,
            "equity": 68727,
            "current_ratio": 233.1,
            "debt_ratio": 45.21,
            "inventory_turnover_ratio": 2.05,
            "account_receivable_turnover_ratio": 0.36,
            "reinvestment_rate": null,
            "research_to_sale_ratio": 6.63,
            "price_fair": 0,
            "eps_avg_yearly": 0,
            "eps_latest_yearly": 0,
            "eps_growth_yearly": 0
        },
        "20173": {
            "year_quarter": 20173,
            "year": 2017,
            "quarter": 3,
            "eps": -0.67,
            "eps_growth_year": null,
            "eps_4q": -5.96,
            "eps_4q_growth_year": null,
            "roe": -21.76,
            "roe_4q": -134.34,
            "gross_profit": -2967,
            "gross_margin": -15.38,
            "gross_margin_4q_avg": -8.35,
            "net_income": -13485,
            "net_income_4q": null,
            "revenue": 19288,
            "revenue_4q": null,
            "common_shares": 202460,
            "book_valuer_per_share": 2.73,
            "book_valuer_per_share_4q_avg": 4.09,
            "equity": 55242,
            "current_ratio": 205.01,
            "debt_ratio": 42.38,
            "inventory_turnover_ratio": 9.09,
            "account_receivable_turnover_ratio": 0.71,
            "reinvestment_rate": null,
            "research_to_sale_ratio": 0,
            "price_fair": 0,
            "eps_avg_yearly": 0,
            "eps_latest_yearly": 0,
            "eps_growth_yearly": 0
        },
        "20174": {
            "year_quarter": 20174,
            "year": 2017,
            "quarter": 4,
            "eps": -0.17,
            "eps_growth_year": null,
            "eps_4q": -3.06,
            "eps_4q_growth_year": null,
            "roe": -5.81,
            "roe_4q": -84.72000000000001,
            "gross_profit": 1175,
            "gross_margin": 23.98,
            "gross_margin_4q_avg": 3.25,
            "net_income": -3784,
            "net_income_4q": null,
            "revenue": 4900,
            "revenue_4q": null,
            "common_shares": 202460,
            "book_valuer_per_share": 3.7,
            "book_valuer_per_share_4q_avg": 3.73,
            "equity": 74950,
            "current_ratio": 381.18,
            "debt_ratio": 26.57,
            "inventory_turnover_ratio": 20.14,
            "account_receivable_turnover_ratio": 0.42,
            "reinvestment_rate": null,
            "research_to_sale_ratio": 0,
            "price_fair": 0,
            "eps_avg_yearly": 0,
            "eps_latest_yearly": 0,
            "eps_growth_yearly": 0
        },
        "20181": {
            "year_quarter": 20181,
            "year": 2018,
            "quarter": 1,
            "eps": -0.4,
            "eps_growth_year": null,
            "eps_4q": -3.73,
            "eps_4q_growth_year": null,
            "roe": -7.67,
            "roe_4q": -75.19,
            "gross_profit": -380,
            "gross_margin": -27.5,
            "gross_margin_4q_avg": -5.37,
            "net_income": -6651,
            "net_income_4q": null,
            "revenue": 1382,
            "revenue_4q": null,
            "common_shares": 154476,
            "book_valuer_per_share": 5.96,
            "book_valuer_per_share_4q_avg": 3.95,
            "equity": 98406,
            "current_ratio": 340.37,
            "debt_ratio": 21.2,
            "inventory_turnover_ratio": 2.64,
            "account_receivable_turnover_ratio": 0.19,
            "reinvestment_rate": null,
            "research_to_sale_ratio": 0,
            "price_fair": 0,
            "eps_avg_yearly": 0,
            "eps_latest_yearly": 0,
            "eps_growth_yearly": 0
        },
        "20182": {
            "year_quarter": 20182,
            "year": 2018,
            "quarter": 2,
            "eps": -0.45,
            "eps_growth_year": -126.63,
            "eps_4q": -1.96,
            "eps_4q_growth_year": null,
            "roe": -7.37,
            "roe_4q": -42.61,
            "gross_profit": 1367,
            "gross_margin": 29.91,
            "gross_margin_4q_avg": 2.75,
            "net_income": -7103,
            "net_income_4q": null,
            "revenue": 4571,
            "revenue_4q": null,
            "common_shares": 154476,
            "book_valuer_per_share": 5.52,
            "book_valuer_per_share_4q_avg": 4.48,
            "equity": 94243,
            "current_ratio": 286.01,
            "debt_ratio": 21.24,
            "inventory_turnover_ratio": 2.4,
            "account_receivable_turnover_ratio": 0.85,
            "reinvestment_rate": null,
            "research_to_sale_ratio": 0,
            "price_fair": 0,
            "eps_avg_yearly": 0,
            "eps_latest_yearly": 0,
            "eps_growth_yearly": 0
        },
        "20183": {
            "year_quarter": 20183,
            "year": 2018,
            "quarter": 3,
            "eps": -0.26,
            "eps_growth_year": null,
            "eps_4q": -1.29,
            "eps_4q_growth_year": null,
            "roe": -2.28,
            "roe_4q": -23.13,
            "gross_profit": 7624,
            "gross_margin": 58.68,
            "gross_margin_4q_avg": 21.27,
            "net_income": -2415,
            "net_income_4q": null,
            "revenue": 12993,
            "revenue_4q": null,
            "common_shares": 162024,
            "book_valuer_per_share": 6.34,
            "book_valuer_per_share_4q_avg": 5.38,
            "equity": 117257,
            "current_ratio": 297.9,
            "debt_ratio": 16.58,
            "inventory_turnover_ratio": 8.04,
            "account_receivable_turnover_ratio": 3.34,
            "reinvestment_rate": null,
            "research_to_sale_ratio": 0,
            "price_fair": 0,
            "eps_avg_yearly": 0,
            "eps_latest_yearly": 0,
            "eps_growth_yearly": 0
        },
        "20184": {
            "year_quarter": 20184,
            "year": 2018,
            "quarter": 4,
            "eps": -0.3,
            "eps_growth_year": null,
            "eps_4q": -1.36,
            "eps_4q_growth_year": null,
            "roe": -3.44,
            "roe_4q": -20.759999999999998,
            "gross_profit": 9284,
            "gross_margin": 45.01,
            "gross_margin_4q_avg": 26.53,
            "net_income": -4067,
            "net_income_4q": null,
            "revenue": 20628,
            "revenue_4q": null,
            "common_shares": 162024,
            "book_valuer_per_share": 6.04,
            "book_valuer_per_share_4q_avg": 5.97,
            "equity": 119073,
            "current_ratio": 244.6,
            "debt_ratio": 18.14,
            "inventory_turnover_ratio": null,
            "account_receivable_turnover_ratio": 2.49,
            "reinvestment_rate": null,
            "research_to_sale_ratio": 0,
            "price_fair": 0,
            "eps_avg_yearly": 0,
            "eps_latest_yearly": 0,
            "eps_growth_yearly": 0
        },
        "20191": {
            "year_quarter": 20191,
            "year": 2019,
            "quarter": 1,
            "eps": -0.12,
            "eps_growth_year": null,
            "eps_4q": -1.11,
            "eps_4q_growth_year": null,
            "roe": -1.5,
            "roe_4q": -14.59,
            "gross_profit": 8895,
            "gross_margin": 40.55,
            "gross_margin_4q_avg": 43.54,
            "net_income": -1769,
            "net_income_4q": null,
            "revenue": 21935,
            "revenue_4q": null,
            "common_shares": 162024,
            "book_valuer_per_share": 5.92,
            "book_valuer_per_share_4q_avg": 5.96,
            "equity": 117304,
            "current_ratio": 200.59,
            "debt_ratio": 22.33,
            "inventory_turnover_ratio": null,
            "account_receivable_turnover_ratio": 2.4,
            "reinvestment_rate": null,
            "research_to_sale_ratio": null,
            "price_fair": 0,
            "eps_avg_yearly": 0,
            "eps_latest_yearly": 0,
            "eps_growth_yearly": 0
        },
        "20192": {
            "year_quarter": 20192,
            "year": 2019,
            "quarter": 2,
            "eps": -0.24,
            "eps_growth_year": null,
            "eps_4q": -0.92,
            "eps_4q_growth_year": null,
            "roe": -3.29,
            "roe_4q": -10.51,
            "gross_profit": 7653,
            "gross_margin": 45.79,
            "gross_margin_4q_avg": 47.51,
            "net_income": -3796,
            "net_income_4q": null,
            "revenue": 16714,
            "revenue_4q": null,
            "common_shares": 162024,
            "book_valuer_per_share": 5.67,
            "book_valuer_per_share_4q_avg": 5.99,
            "equity": 113508,
            "current_ratio": 283.18,
            "debt_ratio": 20.83,
            "inventory_turnover_ratio": null,
            "account_receivable_turnover_ratio": 3.78,
            "reinvestment_rate": null,
            "research_to_sale_ratio": null,
            "price_fair": 0,
            "eps_avg_yearly": 0,
            "eps_latest_yearly": 0,
            "eps_growth_yearly": 0
        },
        "20193": {
            "year_quarter": 20193,
            "year": 2019,
            "quarter": 3,
            "eps": -0.08,
            "eps_growth_year": null,
            "eps_4q": -0.38,
            "eps_4q_growth_year": null,
            "roe": -0.44,
            "roe_4q": -8.67,
            "gross_profit": 9799,
            "gross_margin": 29.61,
            "gross_margin_4q_avg": 40.24,
            "net_income": -1180,
            "net_income_4q": null,
            "revenue": 33091,
            "revenue_4q": null,
            "common_shares": 322024,
            "book_valuer_per_share": 12.6,
            "book_valuer_per_share_4q_avg": 7.56,
            "equity": 427531,
            "current_ratio": 1177.29,
            "debt_ratio": 7.97,
            "inventory_turnover_ratio": null,
            "account_receivable_turnover_ratio": 3.21,
            "reinvestment_rate": null,
            "research_to_sale_ratio": null,
            "price_fair": 0,
            "eps_avg_yearly": 0,
            "eps_latest_yearly": 0,
            "eps_growth_yearly": 0
        },
        "20194": {
            "year_quarter": 20194,
            "year": 2019,
            "quarter": 4,
            "eps": 1.11,
            "eps_growth_year": null,
            "eps_4q": 0.89,
            "eps_4q_growth_year": null,
            "roe": 7.97,
            "roe_4q": 2.7399999999999993,
            "gross_profit": 120527,
            "gross_margin": 29.96,
            "gross_margin_4q_avg": 36.48,
            "net_income": 34813,
            "net_income_4q": null,
            "revenue": 402310,
            "revenue_4q": null,
            "common_shares": 322024,
            "book_valuer_per_share": 13.51,
            "book_valuer_per_share_4q_avg": 9.43,
            "equity": 445569,
            "current_ratio": 145.48,
            "debt_ratio": 36.01,
            "inventory_turnover_ratio": null,
            "account_receivable_turnover_ratio": 6.16,
            "reinvestment_rate": null,
            "research_to_sale_ratio": null,
            "price_fair": 0,
            "eps_avg_yearly": 0,
            "eps_latest_yearly": 0,
            "eps_growth_yearly": 0
        },
        "20201": {
            "year_quarter": 20201,
            "year": 2020,
            "quarter": 1,
            "eps": -1.07,
            "eps_growth_year": null,
            "eps_4q": -0.13,
            "eps_4q_growth_year": null,
            "roe": -7.82,
            "roe_4q": -3.5800000000000005,
            "gross_profit": 36320,
            "gross_margin": 21.71,
            "gross_margin_4q_avg": 31.77,
            "net_income": -33648,
            "net_income_4q": null,
            "revenue": 167260,
            "revenue_4q": null,
            "common_shares": 322024,
            "book_valuer_per_share": 12.52,
            "book_valuer_per_share_4q_avg": 11.08,
            "equity": 414454,
            "current_ratio": 123.44,
            "debt_ratio": 39.38,
            "inventory_turnover_ratio": null,
            "account_receivable_turnover_ratio": 2.11,
            "reinvestment_rate": null,
            "research_to_sale_ratio": null,
            "price_fair": 0,
            "eps_avg_yearly": 0,
            "eps_latest_yearly": 0,
            "eps_growth_yearly": 0
        },
        "20202": {
            "year_quarter": 20202,
            "year": 2020,
            "quarter": 2,
            "eps": 1.52,
            "eps_growth_year": null,
            "eps_4q": 1.52,
            "eps_4q_growth_year": null,
            "roe": 11.2,
            "roe_4q": 10.909999999999998,
            "gross_profit": 81099,
            "gross_margin": 39.26,
            "gross_margin_4q_avg": 30.14,
            "net_income": 48821,
            "net_income_4q": null,
            "revenue": 206589,
            "revenue_4q": null,
            "common_shares": 322024,
            "book_valuer_per_share": 13.87,
            "book_valuer_per_share_4q_avg": 13.13,
            "equity": 457628,
            "current_ratio": 126.57,
            "debt_ratio": 47.66,
            "inventory_turnover_ratio": null,
            "account_receivable_turnover_ratio": 2.82,
            "reinvestment_rate": null,
            "research_to_sale_ratio": null,
            "price_fair": 0,
            "eps_avg_yearly": 0,
            "eps_latest_yearly": 0,
            "eps_growth_yearly": 0
        },
        "20203": {
            "year_quarter": 20203,
            "year": 2020,
            "quarter": 3,
            "eps": 0.84,
            "eps_growth_year": null,
            "eps_4q": 2.41,
            "eps_4q_growth_year": null,
            "roe": 5.9,
            "roe_4q": 17.25,
            "gross_profit": 120219,
            "gross_margin": 50.88,
            "gross_margin_4q_avg": 35.45,
            "net_income": 27641,
            "net_income_4q": null,
            "revenue": 236286,
            "revenue_4q": null,
            "common_shares": 322024,
            "book_valuer_per_share": 14.55,
            "book_valuer_per_share_4q_avg": 13.61,
            "equity": 480033,
            "current_ratio": 139.73,
            "debt_ratio": 41.7,
            "inventory_turnover_ratio": null,
            "account_receivable_turnover_ratio": 2.06,
            "reinvestment_rate": null,
            "research_to_sale_ratio": null,
            "price_fair": 10.08,
            "eps_avg_yearly": 3.36,
            "eps_latest_yearly": 3.36,
            "eps_growth_yearly": -178.95
        },
        "20204": {
            "year_quarter": 20204,
            "year": 2020,
            "quarter": 4,
            "eps": -0.59,
            "eps_growth_year": -153.05,
            "eps_4q": 0.7,
            "eps_4q_growth_year": -20.53,
            "roe": -4.15,
            "roe_4q": 5.129999999999999,
            "gross_profit": 83736,
            "gross_margin": 44.64,
            "gross_margin_4q_avg": 39.12,
            "net_income": -19394,
            "net_income_4q": null,
            "revenue": 187588,
            "revenue_4q": null,
            "common_shares": 322024,
            "book_valuer_per_share": 13.8,
            "book_valuer_per_share_4q_avg": 13.69,
            "equity": 455510,
            "current_ratio": 119.35,
            "debt_ratio": 43.79,
            "inventory_turnover_ratio": null,
            "account_receivable_turnover_ratio": 1.55,
            "reinvestment_rate": null,
            "research_to_sale_ratio": null,
            "price_fair": 10.08,
            "eps_avg_yearly": 3.36,
            "eps_latest_yearly": 3.36,
            "eps_growth_yearly": -178.95
        },
        "20211": {
            "year_quarter": 20211,
            "year": 2021,
            "quarter": 1,
            "eps": 0.27,
            "eps_growth_year": null,
            "eps_4q": 2.05,
            "eps_4q_growth_year": null,
            "roe": 2.05,
            "roe_4q": 15,
            "gross_profit": 40722,
            "gross_margin": 37.04,
            "gross_margin_4q_avg": 42.96,
            "net_income": 9447,
            "net_income_4q": null,
            "revenue": 109952,
            "revenue_4q": null,
            "common_shares": 322024,
            "book_valuer_per_share": 14.08,
            "book_valuer_per_share_4q_avg": 14.08,
            "equity": 465263,
            "current_ratio": 261.95,
            "debt_ratio": 24.36,
            "inventory_turnover_ratio": null,
            "account_receivable_turnover_ratio": 1.29,
            "reinvestment_rate": null,
            "research_to_sale_ratio": null,
            "price_fair": 10.08,
            "eps_avg_yearly": 3.36,
            "eps_latest_yearly": 3.36,
            "eps_growth_yearly": -178.95
        },
        "20212": {
            "year_quarter": 20212,
            "year": 2021,
            "quarter": 2,
            "eps": -0.85,
            "eps_growth_year": -155.92,
            "eps_4q": -0.33,
            "eps_4q_growth_year": -121.52,
            "roe": -5.84,
            "roe_4q": -2.04,
            "gross_profit": 11645,
            "gross_margin": 14.12,
            "gross_margin_4q_avg": 36.67,
            "net_income": -26246,
            "net_income_4q": null,
            "revenue": 82501,
            "revenue_4q": null,
            "common_shares": 322024,
            "book_valuer_per_share": 13.08,
            "book_valuer_per_share_4q_avg": 13.88,
            "equity": 434339,
            "current_ratio": 304.59,
            "debt_ratio": 21.94,
            "inventory_turnover_ratio": null,
            "account_receivable_turnover_ratio": 1.61,
            "reinvestment_rate": null,
            "research_to_sale_ratio": null,
            "price_fair": 10.08,
            "eps_avg_yearly": 3.36,
            "eps_latest_yearly": 3.36,
            "eps_growth_yearly": -178.95
        },
        "20213": {
            "year_quarter": 20213,
            "year": 2021,
            "quarter": 3,
            "eps": -1.11,
            "eps_growth_year": -232.14,
            "eps_4q": -2.28,
            "eps_4q_growth_year": -194.83,
            "roe": -8.64,
            "roe_4q": -16.58,
            "gross_profit": 11728,
            "gross_margin": 13.9,
            "gross_margin_4q_avg": 27.43,
            "net_income": -35955,
            "net_income_4q": null,
            "revenue": 84355,
            "revenue_4q": null,
            "common_shares": 322024,
            "book_valuer_per_share": 11.97,
            "book_valuer_per_share_4q_avg": 13.23,
            "equity": 398285,
            "current_ratio": 311.72,
            "debt_ratio": 21.89,
            "inventory_turnover_ratio": null,
            "account_receivable_turnover_ratio": 1.82,
            "reinvestment_rate": null,
            "research_to_sale_ratio": null,
            "price_fair": 10.08,
            "eps_avg_yearly": 3.36,
            "eps_latest_yearly": 3.36,
            "eps_growth_yearly": -178.95
        },
        "20214": {
            "year_quarter": 20214,
            "year": 2021,
            "quarter": 4,
            "eps": -3.14,
            "eps_growth_year": null,
            "eps_4q": -4.76,
            "eps_4q_growth_year": -775.85,
            "roe": -30.63,
            "roe_4q": -43.06,
            "gross_profit": 11646,
            "gross_margin": 17.6,
            "gross_margin_4q_avg": 20.67,
            "net_income": -106672,
            "net_income_4q": null,
            "revenue": 66154,
            "revenue_4q": null,
            "common_shares": 337024,
            "book_valuer_per_share": 8.49,
            "book_valuer_per_share_4q_avg": 11.91,
            "equity": 298256,
            "current_ratio": 300.74,
            "debt_ratio": 27.74,
            "inventory_turnover_ratio": null,
            "account_receivable_turnover_ratio": 1.75,
            "reinvestment_rate": null,
            "research_to_sale_ratio": null,
            "price_fair": 10.08,
            "eps_avg_yearly": 3.36,
            "eps_latest_yearly": 3.36,
            "eps_growth_yearly": -178.95
        },
        "20221": {
            "year_quarter": 20221,
            "year": 2022,
            "quarter": 1,
            "eps": -1.38,
            "eps_growth_year": -611.11,
            "eps_4q": -6.4,
            "eps_4q_growth_year": -412.33,
            "roe": -16.15,
            "roe_4q": -61.260000000000005,
            "gross_profit": 10777,
            "gross_margin": 24.95,
            "gross_margin_4q_avg": 17.64,
            "net_income": -46014,
            "net_income_4q": null,
            "revenue": 43197,
            "revenue_4q": null,
            "common_shares": 337024,
            "book_valuer_per_share": 7.68,
            "book_valuer_per_share_4q_avg": 10.31,
            "equity": 271661,
            "current_ratio": 355.41,
            "debt_ratio": 25.17,
            "inventory_turnover_ratio": null,
            "account_receivable_turnover_ratio": 1.88,
            "reinvestment_rate": null,
            "research_to_sale_ratio": null,
            "price_fair": 10.08,
            "eps_avg_yearly": 3.36,
            "eps_latest_yearly": 3.36,
            "eps_growth_yearly": -178.95
        },
        "20222": {
            "year_quarter": 20222,
            "year": 2022,
            "quarter": 2,
            "eps": -1.14,
            "eps_growth_year": null,
            "eps_4q": -6.75,
            "eps_4q_growth_year": null,
            "roe": -14.84,
            "roe_4q": -70.25999999999999,
            "gross_profit": 3468,
            "gross_margin": 23.12,
            "gross_margin_4q_avg": 19.89,
            "net_income": -38684,
            "net_income_4q": null,
            "revenue": 14999,
            "revenue_4q": null,
            "common_shares": 336074,
            "book_valuer_per_share": 7.06,
            "book_valuer_per_share_4q_avg": 8.8,
            "equity": 249838,
            "current_ratio": 371.09,
            "debt_ratio": 23.49,
            "inventory_turnover_ratio": null,
            "account_receivable_turnover_ratio": 1.4,
            "reinvestment_rate": null,
            "research_to_sale_ratio": null,
            "price_fair": 10.08,
            "eps_avg_yearly": 3.36,
            "eps_latest_yearly": 3.36,
            "eps_growth_yearly": -178.95
        },
        "20223": {
            "year_quarter": 20223,
            "year": 2022,
            "quarter": 3,
            "eps": -1.25,
            "eps_growth_year": null,
            "eps_4q": -6.94,
            "eps_4q_growth_year": null,
            "roe": -17.14,
            "roe_4q": -78.75999999999999,
            "gross_profit": 4585,
            "gross_margin": 28.94,
            "gross_margin_4q_avg": 23.65,
            "net_income": -41105,
            "net_income_4q": null,
            "revenue": 15844,
            "revenue_4q": null,
            "common_shares": 336074,
            "book_valuer_per_share": 6.43,
            "book_valuer_per_share_4q_avg": 7.42,
            "equity": 229670,
            "current_ratio": 555.46,
            "debt_ratio": 17.17,
            "inventory_turnover_ratio": null,
            "account_receivable_turnover_ratio": 4.16,
            "reinvestment_rate": null,
            "research_to_sale_ratio": null,
            "price_fair": 10.08,
            "eps_avg_yearly": 3.36,
            "eps_latest_yearly": 3.36,
            "eps_growth_yearly": -178.95
        },
        "20224": {
            "year_quarter": 20224,
            "year": 2022,
            "quarter": 4,
            "eps": -0.85,
            "eps_growth_year": null,
            "eps_4q": -4.65,
            "eps_4q_growth_year": null,
            "roe": -13.18,
            "roe_4q": -61.309999999999995,
            "gross_profit": 7111,
            "gross_margin": 42.91,
            "gross_margin_4q_avg": 29.98,
            "net_income": -27823,
            "net_income_4q": null,
            "revenue": 16572,
            "revenue_4q": null,
            "common_shares": 334927,
            "book_valuer_per_share": 5.33,
            "book_valuer_per_share_4q_avg": 6.63,
            "equity": 192640,
            "current_ratio": 370.18,
            "debt_ratio": 25.54,
            "inventory_turnover_ratio": null,
            "account_receivable_turnover_ratio": 3.39,
            "reinvestment_rate": null,
            "research_to_sale_ratio": null,
            "price_fair": 10.08,
            "eps_avg_yearly": 3.36,
            "eps_latest_yearly": 3.36,
            "eps_growth_yearly": -178.95
        },
        "20231": {
            "year_quarter": 20231,
            "year": 2023,
            "quarter": 1,
            "eps": -0.74,
            "eps_growth_year": null,
            "eps_4q": -4.05,
            "eps_4q_growth_year": null,
            "roe": -14.23,
            "roe_4q": -59.39,
            "gross_profit": 7212,
            "gross_margin": 40.06,
            "gross_margin_4q_avg": 33.76,
            "net_income": -24841,
            "net_income_4q": null,
            "revenue": 18002,
            "revenue_4q": null,
            "common_shares": 330760,
            "book_valuer_per_share": 4.73,
            "book_valuer_per_share_4q_avg": 5.89,
            "equity": 156482,
            "current_ratio": 418.43,
            "debt_ratio": 28.07,
            "inventory_turnover_ratio": null,
            "account_receivable_turnover_ratio": 2.47,
            "reinvestment_rate": null,
            "research_to_sale_ratio": null,
            "price_fair": 10.08,
            "eps_avg_yearly": 3.36,
            "eps_latest_yearly": 3.36,
            "eps_growth_yearly": -178.95
        },
        "20232": {
            "year_quarter": 20232,
            "year": 2023,
            "quarter": 2,
            "eps": -0.91,
            "eps_growth_year": null,
            "eps_4q": -3.79,
            "eps_4q_growth_year": null,
            "roe": -21.53,
            "roe_4q": -66.08000000000001,
            "gross_profit": 3276,
            "gross_margin": 81.05,
            "gross_margin_4q_avg": 48.24,
            "net_income": -30167,
            "net_income_4q": null,
            "revenue": 4042,
            "revenue_4q": null,
            "common_shares": 330760,
            "book_valuer_per_share": 3.74,
            "book_valuer_per_share_4q_avg": 5.06,
            "equity": 123785,
            "current_ratio": 458.22,
            "debt_ratio": 20.81,
            "inventory_turnover_ratio": null,
            "account_receivable_turnover_ratio": 0.41,
            "reinvestment_rate": null,
            "research_to_sale_ratio": null,
            "price_fair": 10.08,
            "eps_avg_yearly": 3.36,
            "eps_latest_yearly": 3.36,
            "eps_growth_yearly": -178.95
        },
        "20233": {
            "year_quarter": 20233,
            "year": 2023,
            "quarter": 3,
            "eps": -0.2,
            "eps_growth_year": null,
            "eps_4q": -2.73,
            "eps_4q_growth_year": null,
            "roe": -5.37,
            "roe_4q": -54.31,
            "gross_profit": -293,
            "gross_margin": -65.7,
            "gross_margin_4q_avg": 24.58,
            "net_income": -6546,
            "net_income_4q": null,
            "revenue": 446,
            "revenue_4q": null,
            "common_shares": 329548,
            "book_valuer_per_share": 3.64,
            "book_valuer_per_share_4q_avg": 4.36,
            "equity": 120070,
            "current_ratio": 537.47,
            "debt_ratio": 17.34,
            "inventory_turnover_ratio": null,
            "account_receivable_turnover_ratio": 0.06,
            "reinvestment_rate": null,
            "research_to_sale_ratio": null,
            "price_fair": 10.08,
            "eps_avg_yearly": 3.36,
            "eps_latest_yearly": 3.36,
            "eps_growth_yearly": -178.95
        }
    },
    "months": {
        "2008-06": {
            "month": "2008-06",
            "price": "42.50",
            "revenue": 44197
        },
        "2008-07": {
            "month": "2008-07",
            "price": "31.51",
            "revenue": 44855
        },
        "2008-08": {
            "month": "2008-08",
            "price": "30.69",
            "revenue": 43281
        },
        "2008-09": {
            "month": "2008-09",
            "price": "22.43",
            "revenue": 46776
        },
        "2008-10": {
            "month": "2008-10",
            "price": "13.99",
            "revenue": 35511
        },
        "2008-11": {
            "month": "2008-11",
            "price": "12.05",
            "revenue": 11937
        },
        "2008-12": {
            "month": "2008-12",
            "price": "9.69",
            "revenue": 13177
        },
        "2009-01": {
            "month": "2009-01",
            "price": "9.21",
            "revenue": 15431
        },
        "2009-02": {
            "month": "2009-02",
            "price": "9.63",
            "revenue": 22693
        },
        "2009-03": {
            "month": "2009-03",
            "price": "17.78",
            "revenue": 40915
        },
        "2009-04": {
            "month": "2009-04",
            "price": "28.33",
            "revenue": 31293
        },
        "2009-05": {
            "month": "2009-05",
            "price": "31.29",
            "revenue": 40429
        },
        "2009-06": {
            "month": "2009-06",
            "price": "31.81",
            "revenue": 41245
        },
        "2009-07": {
            "month": "2009-07",
            "price": "34.99",
            "revenue": 41086
        },
        "2009-08": {
            "month": "2009-08",
            "price": "33.30",
            "revenue": 42910
        },
        "2009-09": {
            "month": "2009-09",
            "price": "41.12",
            "revenue": 43923
        },
        "2009-10": {
            "month": "2009-10",
            "price": "43.73",
            "revenue": 41202
        },
        "2009-11": {
            "month": "2009-11",
            "price": "37.02",
            "revenue": 38176
        },
        "2009-12": {
            "month": "2009-12",
            "price": "42.51",
            "revenue": 22691
        },
        "2010-01": {
            "month": "2010-01",
            "price": "46.78",
            "revenue": 24713
        },
        "2010-02": {
            "month": "2010-02",
            "price": "41.69",
            "revenue": 22109
        },
        "2010-03": {
            "month": "2010-03",
            "price": "45.11",
            "revenue": 33260
        },
        "2010-04": {
            "month": "2010-04",
            "price": "48.60",
            "revenue": 33200
        },
        "2010-05": {
            "month": "2010-05",
            "price": "54.93",
            "revenue": 36684
        },
        "2010-06": {
            "month": "2010-06",
            "price": "39.67",
            "revenue": 30873
        },
        "2010-07": {
            "month": "2010-07",
            "price": "33.75",
            "revenue": 33267
        },
        "2010-08": {
            "month": "2010-08",
            "price": "41.90",
            "revenue": 40050
        },
        "2010-09": {
            "month": "2010-09",
            "price": "41.52",
            "revenue": 46287
        },
        "2010-10": {
            "month": "2010-10",
            "price": "44.81",
            "revenue": 50377
        },
        "2010-11": {
            "month": "2010-11",
            "price": "35.54",
            "revenue": 40867
        },
        "2010-12": {
            "month": "2010-12",
            "price": "35.76",
            "revenue": 32348
        },
        "2011-01": {
            "month": "2011-01",
            "price": "34.84",
            "revenue": 27279
        },
        "2011-02": {
            "month": "2011-02",
            "price": "36.95",
            "revenue": 27281
        },
        "2011-03": {
            "month": "2011-03",
            "price": "40.67",
            "revenue": 34414
        },
        "2011-04": {
            "month": "2011-04",
            "price": "36.72",
            "revenue": 48628
        },
        "2011-05": {
            "month": "2011-05",
            "price": "34.45",
            "revenue": 23349
        },
        "2011-06": {
            "month": "2011-06",
            "price": "31.03",
            "revenue": 31385
        },
        "2011-07": {
            "month": "2011-07",
            "price": "27.32",
            "revenue": 41040
        },
        "2011-08": {
            "month": "2011-08",
            "price": "20.81",
            "revenue": 53002
        },
        "2011-09": {
            "month": "2011-09",
            "price": "20.15",
            "revenue": 45679
        },
        "2011-10": {
            "month": "2011-10",
            "price": "18.06",
            "revenue": 48661
        },
        "2011-11": {
            "month": "2011-11",
            "price": "15.77",
            "revenue": 30201
        },
        "2011-12": {
            "month": "2011-12",
            "price": "12.28",
            "revenue": 30286
        },
        "2012-01": {
            "month": "2012-01",
            "price": "12.06",
            "revenue": 31177
        },
        "2012-02": {
            "month": "2012-02",
            "price": "17.25",
            "revenue": 52940
        },
        "2012-03": {
            "month": "2012-03",
            "price": "21.96",
            "revenue": 67947
        },
        "2012-04": {
            "month": "2012-04",
            "price": "20.36",
            "revenue": 38433
        },
        "2012-05": {
            "month": "2012-05",
            "price": "14.74",
            "revenue": 36801
        },
        "2012-06": {
            "month": "2012-06",
            "price": "14.13",
            "revenue": 12515
        },
        "2012-07": {
            "month": "2012-07",
            "price": "13.06",
            "revenue": 28009
        },
        "2012-08": {
            "month": "2012-08",
            "price": "12.06",
            "revenue": 41950
        },
        "2012-09": {
            "month": "2012-09",
            "price": "11.70",
            "revenue": 26533
        },
        "2012-10": {
            "month": "2012-10",
            "price": "10.89",
            "revenue": 35990
        },
        "2012-11": {
            "month": "2012-11",
            "price": "9.44",
            "revenue": 37282
        },
        "2012-12": {
            "month": "2012-12",
            "price": "9.03",
            "revenue": 28505
        },
        "2013-01": {
            "month": "2013-01",
            "price": "9.58",
            "revenue": 22604
        },
        "2013-02": {
            "month": "2013-02",
            "price": "9.56",
            "revenue": 10757
        },
        "2013-03": {
            "month": "2013-03",
            "price": "9.16",
            "revenue": 39620
        },
        "2013-04": {
            "month": "2013-04",
            "price": "9.59",
            "revenue": 46677
        },
        "2013-05": {
            "month": "2013-05",
            "price": "9.56",
            "revenue": 48605
        },
        "2013-06": {
            "month": "2013-06",
            "price": "9.81",
            "revenue": 31047
        },
        "2013-07": {
            "month": "2013-07",
            "price": "9.38",
            "revenue": 37811
        },
        "2013-08": {
            "month": "2013-08",
            "price": "10.95",
            "revenue": 32779
        },
        "2013-09": {
            "month": "2013-09",
            "price": "11.65",
            "revenue": 31243
        },
        "2013-10": {
            "month": "2013-10",
            "price": "11.67",
            "revenue": 22655
        },
        "2013-11": {
            "month": "2013-11",
            "price": "9.18",
            "revenue": 20989
        },
        "2013-12": {
            "month": "2013-12",
            "price": "8.04",
            "revenue": 22732
        },
        "2014-01": {
            "month": "2014-01",
            "price": "8.48",
            "revenue": 14716
        },
        "2014-02": {
            "month": "2014-02",
            "price": "8.52",
            "revenue": 14981
        },
        "2014-03": {
            "month": "2014-03",
            "price": "9.29",
            "revenue": 18884
        },
        "2014-04": {
            "month": "2014-04",
            "price": "8.39",
            "revenue": 20847
        },
        "2014-05": {
            "month": "2014-05",
            "price": "8.01",
            "revenue": 14279
        },
        "2014-06": {
            "month": "2014-06",
            "price": "8.16",
            "revenue": 16334
        },
        "2014-07": {
            "month": "2014-07",
            "price": "8.00",
            "revenue": 15572
        },
        "2014-08": {
            "month": "2014-08",
            "price": "5.78",
            "revenue": 17988
        },
        "2014-09": {
            "month": "2014-09",
            "price": "5.06",
            "revenue": 11826
        },
        "2014-10": {
            "month": "2014-10",
            "price": "3.24",
            "revenue": 16344
        },
        "2014-11": {
            "month": "2014-11",
            "price": "4.83",
            "revenue": 11628
        },
        "2014-12": {
            "month": "2014-12",
            "price": "5.18",
            "revenue": 8522
        },
        "2015-01": {
            "month": "2015-01",
            "price": "5.03",
            "revenue": 8130
        },
        "2015-02": {
            "month": "2015-02",
            "price": "5.79",
            "revenue": 3533
        },
        "2015-03": {
            "month": "2015-03",
            "price": "6.28",
            "revenue": 14167
        },
        "2015-04": {
            "month": "2015-04",
            "price": "6.94",
            "revenue": 14388
        },
        "2015-05": {
            "month": "2015-05",
            "price": "8.67",
            "revenue": 9360
        },
        "2015-06": {
            "month": "2015-06",
            "price": "11.36",
            "revenue": 7273
        },
        "2015-07": {
            "month": "2015-07",
            "price": "9.56",
            "revenue": 9012
        },
        "2015-08": {
            "month": "2015-08",
            "price": "9.09",
            "revenue": 7309
        },
        "2015-09": {
            "month": "2015-09",
            "price": "9.58",
            "revenue": 7029
        },
        "2015-10": {
            "month": "2015-10",
            "price": "9.44",
            "revenue": 4553
        },
        "2015-11": {
            "month": "2015-11",
            "price": "10.96",
            "revenue": 16522
        },
        "2015-12": {
            "month": "2015-12",
            "price": "31.20",
            "revenue": 15862
        },
        "2016-01": {
            "month": "2016-01",
            "price": "31.78",
            "revenue": 13349
        },
        "2016-02": {
            "month": "2016-02",
            "price": "36.69",
            "revenue": 13356
        },
        "2016-03": {
            "month": "2016-03",
            "price": "42.42",
            "revenue": 14408
        },
        "2016-04": {
            "month": "2016-04",
            "price": "41.36",
            "revenue": 10240
        },
        "2016-05": {
            "month": "2016-05",
            "price": "38.47",
            "revenue": 5829
        },
        "2016-06": {
            "month": "2016-06",
            "price": "39.34",
            "revenue": 6561
        },
        "2016-07": {
            "month": "2016-07",
            "price": "41.64",
            "revenue": 6550
        },
        "2016-08": {
            "month": "2016-08",
            "price": "38.79",
            "revenue": 8624
        },
        "2016-09": {
            "month": "2016-09",
            "price": "31.90",
            "revenue": 7879
        },
        "2016-10": {
            "month": "2016-10",
            "price": "30.27",
            "revenue": 13056
        },
        "2016-11": {
            "month": "2016-11",
            "price": "29.38",
            "revenue": 5893
        },
        "2016-12": {
            "month": "2016-12",
            "price": "25.71",
            "revenue": 7821
        },
        "2017-01": {
            "month": "2017-01",
            "price": "23.34",
            "revenue": 4415
        },
        "2017-02": {
            "month": "2017-02",
            "price": "24.59",
            "revenue": 6564
        },
        "2017-03": {
            "month": "2017-03",
            "price": "26.87",
            "revenue": 11230
        },
        "2017-04": {
            "month": "2017-04",
            "price": "23.21",
            "revenue": 6132
        },
        "2017-05": {
            "month": "2017-05",
            "price": "17.40",
            "revenue": 4644
        },
        "2017-06": {
            "month": "2017-06",
            "price": "19.35",
            "revenue": 4119
        },
        "2017-07": {
            "month": "2017-07",
            "price": "18.85",
            "revenue": 9984
        },
        "2017-08": {
            "month": "2017-08",
            "price": "20.48",
            "revenue": 4530
        },
        "2017-09": {
            "month": "2017-09",
            "price": "18.29",
            "revenue": 4774
        },
        "2017-10": {
            "month": "2017-10",
            "price": "18.63",
            "revenue": 3981
        },
        "2017-11": {
            "month": "2017-11",
            "price": "17.85",
            "revenue": 978
        },
        "2017-12": {
            "month": "2017-12",
            "price": "16.78",
            "revenue": 0
        },
        "2018-01": {
            "month": "2018-01",
            "price": "18.39",
            "revenue": -45
        },
        "2018-02": {
            "month": "2018-02",
            "price": "22.92",
            "revenue": 489
        },
        "2018-03": {
            "month": "2018-03",
            "price": "21.62",
            "revenue": 1590
        },
        "2018-04": {
            "month": "2018-04",
            "price": "33.09",
            "revenue": 1447
        },
        "2018-05": {
            "month": "2018-05",
            "price": "33.25",
            "revenue": 1009
        },
        "2018-06": {
            "month": "2018-06",
            "price": "29.13",
            "revenue": 1463
        },
        "2018-07": {
            "month": "2018-07",
            "price": "31.12",
            "revenue": 3348
        },
        "2018-08": {
            "month": "2018-08",
            "price": "29.56",
            "revenue": 4100
        },
        "2018-09": {
            "month": "2018-09",
            "price": "26.44",
            "revenue": 5544
        },
        "2018-10": {
            "month": "2018-10",
            "price": "22.66",
            "revenue": 5144
        },
        "2018-11": {
            "month": "2018-11",
            "price": "16.05",
            "revenue": 6162
        },
        "2018-12": {
            "month": "2018-12",
            "price": "16.46",
            "revenue": 9324
        },
        "2019-01": {
            "month": "2019-01",
            "price": "16.66",
            "revenue": 6945
        },
        "2019-02": {
            "month": "2019-02",
            "price": "18.02",
            "revenue": 3718
        },
        "2019-03": {
            "month": "2019-03",
            "price": "21.02",
            "revenue": 11222
        },
        "2019-04": {
            "month": "2019-04",
            "price": "23.96",
            "revenue": 6217
        },
        "2019-05": {
            "month": "2019-05",
            "price": "21.15",
            "revenue": 3280
        },
        "2019-06": {
            "month": "2019-06",
            "price": "19.83",
            "revenue": 7168
        },
        "2019-07": {
            "month": "2019-07",
            "price": "24.56",
            "revenue": 5132
        },
        "2019-08": {
            "month": "2019-08",
            "price": "24.02",
            "revenue": 12677
        },
        "2019-09": {
            "month": "2019-09",
            "price": "36.08",
            "revenue": 15381
        },
        "2019-10": {
            "month": "2019-10",
            "price": "52.68",
            "revenue": 159378
        },
        "2019-11": {
            "month": "2019-11",
            "price": "65.57",
            "revenue": 124616
        },
        "2019-12": {
            "month": "2019-12",
            "price": "63.52",
            "revenue": 118316
        },
        "2020-01": {
            "month": "2020-01",
            "price": "64.46",
            "revenue": 80678
        },
        "2020-02": {
            "month": "2020-02",
            "price": "67.36",
            "revenue": 40810
        },
        "2020-03": {
            "month": "2020-03",
            "price": "63.54",
            "revenue": 45772
        },
        "2020-04": {
            "month": "2020-04",
            "price": "60.60",
            "revenue": 55864
        },
        "2020-05": {
            "month": "2020-05",
            "price": "58.82",
            "revenue": 60265
        },
        "2020-06": {
            "month": "2020-06",
            "price": "61.12",
            "revenue": 90919
        },
        "2020-07": {
            "month": "2020-07",
            "price": "61.04",
            "revenue": 55619
        },
        "2020-08": {
            "month": "2020-08",
            "price": "72.23",
            "revenue": 84747
        },
        "2020-09": {
            "month": "2020-09",
            "price": "81.31",
            "revenue": 95919
        },
        "2020-10": {
            "month": "2020-10",
            "price": "84.40",
            "revenue": 80388
        },
        "2020-11": {
            "month": "2020-11",
            "price": "81.84",
            "revenue": 61083
        },
        "2020-12": {
            "month": "2020-12",
            "price": "73.44",
            "revenue": 77686
        },
        "2021-01": {
            "month": "2021-01",
            "price": "49.44",
            "revenue": 40302
        },
        "2021-02": {
            "month": "2021-02",
            "price": "42.57",
            "revenue": 34055
        },
        "2021-03": {
            "month": "2021-03",
            "price": "47.17",
            "revenue": 25991
        },
        "2021-04": {
            "month": "2021-04",
            "price": "44.62",
            "revenue": 24974
        },
        "2021-05": {
            "month": "2021-05",
            "price": "40.25",
            "revenue": 25927
        },
        "2021-06": {
            "month": "2021-06",
            "price": "45.73",
            "revenue": 31600
        },
        "2021-07": {
            "month": "2021-07",
            "price": "61.07",
            "revenue": 30539
        },
        "2021-08": {
            "month": "2021-08",
            "price": "59.58",
            "revenue": 27323
        },
        "2021-09": {
            "month": "2021-09",
            "price": "59.86",
            "revenue": 26493
        },
        "2021-10": {
            "month": "2021-10",
            "price": "55.21",
            "revenue": 24515
        },
        "2021-11": {
            "month": "2021-11",
            "price": "59.27",
            "revenue": 19526
        },
        "2021-12": {
            "month": "2021-12",
            "price": "52.05",
            "revenue": 22675
        },
        "2022-01": {
            "month": "2022-01",
            "price": "61.75",
            "revenue": 16389
        },
        "2022-02": {
            "month": "2022-02",
            "price": "61.66",
            "revenue": 11077
        },
        "2022-03": {
            "month": "2022-03",
            "price": "60.07",
            "revenue": 15731
        },
        "2022-04": {
            "month": "2022-04",
            "price": "58.18",
            "revenue": 6184
        },
        "2022-05": {
            "month": "2022-05",
            "price": "37.25",
            "revenue": 4505
        },
        "2022-06": {
            "month": "2022-06",
            "price": "44.43",
            "revenue": 4310
        },
        "2022-07": {
            "month": "2022-07",
            "price": "43.96",
            "revenue": 6807
        },
        "2022-08": {
            "month": "2022-08",
            "price": "41.42",
            "revenue": 3824
        },
        "2022-09": {
            "month": "2022-09",
            "price": "39.53",
            "revenue": 5213
        },
        "2022-10": {
            "month": "2022-10",
            "price": "40.58",
            "revenue": 6686
        },
        "2022-11": {
            "month": "2022-11",
            "price": "40.23",
            "revenue": 5158
        },
        "2022-12": {
            "month": "2022-12",
            "price": "39.85",
            "revenue": 4728
        },
        "2023-01": {
            "month": "2023-01",
            "price": "39.39",
            "revenue": 3797
        },
        "2023-02": {
            "month": "2023-02",
            "price": "39.46",
            "revenue": 3382
        },
        "2023-03": {
            "month": "2023-03",
            "price": "42.89",
            "revenue": 10823
        },
        "2023-04": {
            "month": "2023-04",
            "price": "67.36",
            "revenue": 3934
        },
        "2023-05": {
            "month": "2023-05",
            "price": "81.70",
            "revenue": 0
        },
        "2023-06": {
            "month": "2023-06",
            "price": "68.06",
            "revenue": 108
        },
        "2023-07": {
            "month": "2023-07",
            "price": "49.30",
            "revenue": 114
        },
        "2023-08": {
            "month": "2023-08",
            "price": "39.52",
            "revenue": 145
        },
        "2023-09": {
            "month": "2023-09",
            "price": "36.86",
            "revenue": 187
        },
        "2023-10": {
            "month": "2023-10",
            "price": "31.50",
            "revenue": 14
        },
        "2023-11": {
            "month": "2023-11",
            "price": "36.67",
            "revenue": 306
        },
        "2023-12": {
            "month": "2023-12",
            "price": "36.46",
            "revenue": 100
        }
    }
}
