{
    "summary": {
        "stock_name": "新鉅科",
        "stock_id": "3630",
        "category": "光電",
        "main_business": "光學儀器製造業<br>電子零組件製造業<br>其他電機及電子機械器材製造業",
        "website_url": "http://www.newmax.com.tw",
        "ceo": "黃子青",
        "pe_ratio": -12,
        "report_year_from": 2007,
        "report_year_to": 2023,
        "age": 17,
        "eps_negative_percentage": 63,
        "eps_growth_avg": {
            "last_all": -27.97,
            "last_2y": null,
            "last_4y": -100,
            "last_8y": -100,
            "last_12y": -91.96,
            "last_16y": null,
            "last_20y": null,
            "at_2006_last_3y": null,
            "at_2007_last_3y": null,
            "at_2008_last_3y": null,
            "at_2009_last_3y": null,
            "at_2010_last_3y": null,
            "at_2011_last_3y": null,
            "at_2012_last_3y": 8.04,
            "at_2013_last_3y": -22.61,
            "at_2014_last_3y": -89.28,
            "at_2015_last_3y": -100,
            "at_2016_last_3y": -100,
            "at_2017_last_3y": -100,
            "at_2018_last_3y": null,
            "at_2019_last_3y": null,
            "at_2020_last_3y": -100,
            "at_2021_last_3y": -100,
            "at_2022_last_3y": -100,
            "at_2023_last_3y": -100,
            "at_2024_last_3y": -100,
            "at_2006_last_all": null,
            "at_2007_last_all": null,
            "at_2008_last_all": null,
            "at_2009_last_all": null,
            "at_2010_last_all": 100,
            "at_2011_last_all": 44.06,
            "at_2012_last_all": 8.04,
            "at_2013_last_all": 8.04,
            "at_2014_last_all": -13.57,
            "at_2015_last_all": -13.57,
            "at_2016_last_all": -13.57,
            "at_2017_last_all": -13.57,
            "at_2018_last_all": -13.57,
            "at_2019_last_all": -13.57,
            "at_2020_last_all": -27.97,
            "at_2021_last_all": -27.97,
            "at_2022_last_all": -27.97,
            "at_2023_last_all": -27.97,
            "at_2024_last_all": -27.97
        },
        "latest_eps": -2.83,
        "latest_price": 33.5,
        "latest_roe": -16.52,
        "latest_gross_margin": 7.16,
        "latest_equity": 2948827,
        "latest_revenue": 429684,
        "latest_gross_profit": 30748,
        "latest_net_income": -102948,
        "latest_debt_ratio": 51.6,
        "latest_current_ratio": 148.03,
        "latest_account_receivable_turnover_ratio": 1.06,
        "latest_inventory_turnover_ratio": 1.62,
        "latest_reinvestment_rate": null,
        "latest_research_to_sale_ratio": 19.25
    },
    "eps_dividends": {
        "2001": {
            "cash": 0,
            "stock": 0,
            "eps": 0
        },
        "2002": {
            "cash": 0,
            "stock": 0,
            "eps": 0
        },
        "2003": {
            "cash": 0,
            "stock": 0,
            "eps": 0
        },
        "2004": {
            "cash": 0,
            "stock": 0,
            "eps": 0
        },
        "2005": {
            "cash": 0,
            "stock": 0,
            "eps": 0
        },
        "2006": {
            "cash": 0,
            "stock": 0,
            "eps": 0
        },
        "2007": {
            "cash": 0,
            "stock": 0,
            "eps": 0
        },
        "2008": {
            "cash": 0,
            "stock": 0,
            "eps": 0.65
        },
        "2009": {
            "cash": 0.4,
            "stock": 0,
            "eps": 1.39
        },
        "2010": {
            "cash": 0.6,
            "stock": 0.6,
            "eps": 4.88
        },
        "2011": {
            "cash": 3.05,
            "stock": 0,
            "eps": 1.57
        },
        "2012": {
            "cash": 1.01,
            "stock": 0,
            "eps": -2.01
        },
        "2013": {
            "cash": 0,
            "stock": 0,
            "eps": 1.63
        },
        "2014": {
            "cash": 1,
            "stock": 0,
            "eps": -4.06
        },
        "2015": {
            "cash": 0,
            "stock": 0,
            "eps": -7.05
        },
        "2016": {
            "cash": 0,
            "stock": 0,
            "eps": -5.35
        },
        "2017": {
            "cash": 0,
            "stock": 0,
            "eps": -4.33
        },
        "2018": {
            "cash": 0,
            "stock": 0,
            "eps": -1.96
        },
        "2019": {
            "cash": 0,
            "stock": 0,
            "eps": 3.08
        },
        "2020": {
            "cash": 0,
            "stock": 0,
            "eps": -1.52
        },
        "2021": {
            "cash": 0,
            "stock": 0,
            "eps": -3.43
        },
        "2022": {
            "cash": 0,
            "stock": 0,
            "eps": -2.48
        },
        "2023": {
            "cash": 0,
            "stock": 0,
            "eps": -2.51
        }
    },
    "dividends": {
        "2009-03-19": {
            "cash": 0.4,
            "stock": 0
        },
        "2010-03-16": {
            "cash": 0.6,
            "stock": 0.6
        },
        "2011-02-23": {
            "cash": 3.05,
            "stock": 0
        },
        "2012-06-05": {
            "cash": 1.01,
            "stock": 0
        },
        "2014-06-06": {
            "cash": 1,
            "stock": 0
        }
    },
    "prices": {
        "200101": "無",
        "200102": "無",
        "200103": "無",
        "200104": "無",
        "200105": "無",
        "200106": "無",
        "200107": "無",
        "200108": "無",
        "200109": "無",
        "200110": "無",
        "200111": "無",
        "200112": "無",
        "200201": "無",
        "200202": "無",
        "200203": "無",
        "200204": "無",
        "200205": "無",
        "200206": "無",
        "200207": "無",
        "200208": "無",
        "200209": "無",
        "200210": "無",
        "200211": "無",
        "200212": "無",
        "200301": "無",
        "200302": "無",
        "200303": "無",
        "200304": "無",
        "200305": "無",
        "200306": "無",
        "200307": "無",
        "200308": "無",
        "200309": "無",
        "200310": "無",
        "200311": "無",
        "200312": "無",
        "200401": "無",
        "200402": "無",
        "200403": "無",
        "200404": "無",
        "200405": "無",
        "200406": "無",
        "200407": "無",
        "200408": "無",
        "200409": "無",
        "200410": "無",
        "200411": "無",
        "200412": "無",
        "200501": "無",
        "200502": "無",
        "200503": "無",
        "200504": "無",
        "200505": "無",
        "200506": "無",
        "200507": "無",
        "200508": "無",
        "200509": "無",
        "200510": "無",
        "200511": "無",
        "200512": "無",
        "200601": "無",
        "200602": "無",
        "200603": "無",
        "200604": "無",
        "200605": "無",
        "200606": "無",
        "200607": "無",
        "200608": "無",
        "200609": "無",
        "200610": "無",
        "200611": "無",
        "200612": "無",
        "200701": "無",
        "200702": "無",
        "200703": "無",
        "200704": "無",
        "200705": "無",
        "200706": "無",
        "200707": "無",
        "200708": "無",
        "200709": "無",
        "200710": "無",
        "200711": "無",
        "200712": "無",
        "200801": "無",
        "200802": "無",
        "200803": "無",
        "200804": "無",
        "200805": "無",
        "200806": "無",
        "200807": "23.37",
        "200808": "19.26",
        "200809": "14.89",
        "200810": "13.71",
        "200811": "11.12",
        "200812": "9.36",
        "200901": "9.92",
        "200902": "8.95",
        "200903": "9.34",
        "200904": "12.76",
        "200905": "15.07",
        "200906": "15.87",
        "200907": "26.04",
        "200908": "30.06",
        "200909": "34.06",
        "200910": "34.44",
        "200911": "35.15",
        "200912": "34.62",
        "201001": "48.91",
        "201002": "47.80",
        "201003": "63.10",
        "201004": "109.30",
        "201005": "142.40",
        "201006": "114.48",
        "201007": "125.16",
        "201008": "150.34",
        "201009": "146.74",
        "201010": "136.36",
        "201011": "159.07",
        "201012": "163.74",
        "201101": "154.40",
        "201102": "143.93",
        "201103": "141.37",
        "201104": "134.11",
        "201105": "115.02",
        "201106": "118.95",
        "201107": "104.77",
        "201108": "79.70",
        "201109": "59.14",
        "201110": "53.36",
        "201111": "51.20",
        "201112": "40.86",
        "201201": "45.68",
        "201202": "61.00",
        "201203": "60.12",
        "201204": "49.34",
        "201205": "44.59",
        "201206": "43.69",
        "201207": "44.68",
        "201208": "42.67",
        "201209": "42.90",
        "201210": "43.49",
        "201211": "43.13",
        "201212": "54.01",
        "201301": "60.74",
        "201302": "67.62",
        "201303": "86.20",
        "201304": "87.63",
        "201305": "94.85",
        "201306": "110.74",
        "201307": "117.28",
        "201308": "111.60",
        "201309": "104.41",
        "201310": "106.24",
        "201311": "69.65",
        "201312": "62.03",
        "201401": "65.94",
        "201402": "66.13",
        "201403": "66.82",
        "201404": "72.60",
        "201405": "62.72",
        "201406": "59.00",
        "201407": "48.86",
        "201408": "41.04",
        "201409": "43.77",
        "201410": "39.23",
        "201411": "34.72",
        "201412": "36.35",
        "201501": "38.58",
        "201502": "37.42",
        "201503": "37.12",
        "201504": "34.70",
        "201505": "26.00",
        "201506": "20.09",
        "201507": "20.46",
        "201508": "15.75",
        "201509": "15.60",
        "201510": "17.98",
        "201511": "17.92",
        "201512": "17.21",
        "201601": "14.73",
        "201602": "15.27",
        "201603": "16.13",
        "201604": "14.59",
        "201605": "13.30",
        "201606": "17.15",
        "201607": "24.03",
        "201608": "20.79",
        "201609": "20.72",
        "201610": "19.05",
        "201611": "17.95",
        "201612": "21.20",
        "201701": "22.35",
        "201702": "22.45",
        "201703": "42.52",
        "201704": "43.89",
        "201705": "45.98",
        "201706": "42.91",
        "201707": "41.92",
        "201708": "50.49",
        "201709": "53.58",
        "201710": "49.86",
        "201711": "50.43",
        "201712": "43.25",
        "201801": "43.00",
        "201802": "38.21",
        "201803": "40.16",
        "201804": "37.13",
        "201805": "34.52",
        "201806": "51.00",
        "201807": "58.15",
        "201808": "63.74",
        "201809": "67.45",
        "201810": "54.89",
        "201811": "52.97",
        "201812": "62.61",
        "201901": "72.05",
        "201902": "90.59",
        "201903": "106.34",
        "201904": "97.14",
        "201905": "104.87",
        "201906": "109.97",
        "201907": "111.15",
        "201908": "101.23",
        "201909": "106.79",
        "201910": "98.99",
        "201911": "91.29",
        "201912": "90.45",
        "202001": "85.97",
        "202002": "73.43",
        "202003": "51.29",
        "202004": "50.60",
        "202005": "51.73",
        "202006": "51.93",
        "202007": "49.34",
        "202008": "43.93",
        "202009": "42.94",
        "202010": "40.82",
        "202011": "46.64",
        "202012": "53.37",
        "202101": "50.76",
        "202102": "54.09",
        "202103": "56.48",
        "202104": "59.01",
        "202105": "45.77",
        "202106": "48.06",
        "202107": "46.23",
        "202108": "41.82",
        "202109": "40.46",
        "202110": "38.54",
        "202111": "39.91",
        "202112": "38.47",
        "202201": "37.42",
        "202202": "36.69",
        "202203": "33.73",
        "202204": "33.06",
        "202205": "28.93",
        "202206": "30.44",
        "202207": "28.68",
        "202208": "30.33",
        "202209": "31.26",
        "202210": "26.62",
        "202211": "29.75",
        "202212": "29.90",
        "202301": "28.61",
        "202302": "28.99",
        "202303": "30.34",
        "202304": "29.69",
        "202305": "29.44",
        "202306": "34.92",
        "202307": "33.81",
        "202308": "31.73",
        "202309": "33.23",
        "202310": "33.91",
        "202311": "33.56",
        "202312": "35.03"
    },
    "quarters": {
        "20011": {
            "year_quarter": 20011,
            "year": 2001,
            "quarter": 1,
            "eps": null,
            "eps_growth_year": null,
            "eps_4q": null,
            "eps_4q_growth_year": null,
            "roe": null,
            "roe_4q": 0,
            "gross_profit": null,
            "gross_margin": null,
            "gross_margin_4q_avg": 0,
            "net_income": null,
            "net_income_4q": null,
            "revenue": null,
            "revenue_4q": null,
            "common_shares": null,
            "book_valuer_per_share": null,
            "book_valuer_per_share_4q_avg": 0,
            "equity": null,
            "current_ratio": null,
            "debt_ratio": null,
            "inventory_turnover_ratio": null,
            "account_receivable_turnover_ratio": null,
            "reinvestment_rate": null,
            "research_to_sale_ratio": null,
            "price_fair": 0,
            "eps_avg_yearly": 0,
            "eps_latest_yearly": 0,
            "eps_growth_yearly": 0
        },
        "20012": {
            "year_quarter": 20012,
            "year": 2001,
            "quarter": 2,
            "eps": null,
            "eps_growth_year": null,
            "eps_4q": null,
            "eps_4q_growth_year": null,
            "roe": null,
            "roe_4q": 0,
            "gross_profit": null,
            "gross_margin": null,
            "gross_margin_4q_avg": 0,
            "net_income": null,
            "net_income_4q": null,
            "revenue": null,
            "revenue_4q": null,
            "common_shares": null,
            "book_valuer_per_share": null,
            "book_valuer_per_share_4q_avg": 0,
            "equity": null,
            "current_ratio": null,
            "debt_ratio": null,
            "inventory_turnover_ratio": null,
            "account_receivable_turnover_ratio": null,
            "reinvestment_rate": null,
            "research_to_sale_ratio": null,
            "price_fair": 0,
            "eps_avg_yearly": 0,
            "eps_latest_yearly": 0,
            "eps_growth_yearly": 0
        },
        "20013": {
            "year_quarter": 20013,
            "year": 2001,
            "quarter": 3,
            "eps": null,
            "eps_growth_year": null,
            "eps_4q": null,
            "eps_4q_growth_year": null,
            "roe": null,
            "roe_4q": 0,
            "gross_profit": null,
            "gross_margin": null,
            "gross_margin_4q_avg": 0,
            "net_income": null,
            "net_income_4q": null,
            "revenue": null,
            "revenue_4q": null,
            "common_shares": null,
            "book_valuer_per_share": null,
            "book_valuer_per_share_4q_avg": 0,
            "equity": null,
            "current_ratio": null,
            "debt_ratio": null,
            "inventory_turnover_ratio": null,
            "account_receivable_turnover_ratio": null,
            "reinvestment_rate": null,
            "research_to_sale_ratio": null,
            "price_fair": 0,
            "eps_avg_yearly": 0,
            "eps_latest_yearly": 0,
            "eps_growth_yearly": 0
        },
        "20014": {
            "year_quarter": 20014,
            "year": 2001,
            "quarter": 4,
            "eps": null,
            "eps_growth_year": null,
            "eps_4q": null,
            "eps_4q_growth_year": null,
            "roe": null,
            "roe_4q": 0,
            "gross_profit": null,
            "gross_margin": null,
            "gross_margin_4q_avg": 0,
            "net_income": null,
            "net_income_4q": null,
            "revenue": null,
            "revenue_4q": null,
            "common_shares": null,
            "book_valuer_per_share": null,
            "book_valuer_per_share_4q_avg": 0,
            "equity": null,
            "current_ratio": null,
            "debt_ratio": null,
            "inventory_turnover_ratio": null,
            "account_receivable_turnover_ratio": null,
            "reinvestment_rate": null,
            "research_to_sale_ratio": null,
            "price_fair": 0,
            "eps_avg_yearly": 0,
            "eps_latest_yearly": 0,
            "eps_growth_yearly": 0
        },
        "20021": {
            "year_quarter": 20021,
            "year": 2002,
            "quarter": 1,
            "eps": null,
            "eps_growth_year": null,
            "eps_4q": null,
            "eps_4q_growth_year": null,
            "roe": null,
            "roe_4q": 0,
            "gross_profit": null,
            "gross_margin": null,
            "gross_margin_4q_avg": 0,
            "net_income": null,
            "net_income_4q": null,
            "revenue": null,
            "revenue_4q": null,
            "common_shares": null,
            "book_valuer_per_share": null,
            "book_valuer_per_share_4q_avg": 0,
            "equity": null,
            "current_ratio": null,
            "debt_ratio": null,
            "inventory_turnover_ratio": null,
            "account_receivable_turnover_ratio": null,
            "reinvestment_rate": null,
            "research_to_sale_ratio": null,
            "price_fair": 0,
            "eps_avg_yearly": 0,
            "eps_latest_yearly": 0,
            "eps_growth_yearly": 0
        },
        "20022": {
            "year_quarter": 20022,
            "year": 2002,
            "quarter": 2,
            "eps": null,
            "eps_growth_year": null,
            "eps_4q": null,
            "eps_4q_growth_year": null,
            "roe": null,
            "roe_4q": 0,
            "gross_profit": null,
            "gross_margin": null,
            "gross_margin_4q_avg": 0,
            "net_income": null,
            "net_income_4q": null,
            "revenue": null,
            "revenue_4q": null,
            "common_shares": null,
            "book_valuer_per_share": null,
            "book_valuer_per_share_4q_avg": 0,
            "equity": null,
            "current_ratio": null,
            "debt_ratio": null,
            "inventory_turnover_ratio": null,
            "account_receivable_turnover_ratio": null,
            "reinvestment_rate": null,
            "research_to_sale_ratio": null,
            "price_fair": 0,
            "eps_avg_yearly": 0,
            "eps_latest_yearly": 0,
            "eps_growth_yearly": 0
        },
        "20023": {
            "year_quarter": 20023,
            "year": 2002,
            "quarter": 3,
            "eps": null,
            "eps_growth_year": null,
            "eps_4q": null,
            "eps_4q_growth_year": null,
            "roe": null,
            "roe_4q": 0,
            "gross_profit": null,
            "gross_margin": null,
            "gross_margin_4q_avg": 0,
            "net_income": null,
            "net_income_4q": null,
            "revenue": null,
            "revenue_4q": null,
            "common_shares": null,
            "book_valuer_per_share": null,
            "book_valuer_per_share_4q_avg": 0,
            "equity": null,
            "current_ratio": null,
            "debt_ratio": null,
            "inventory_turnover_ratio": null,
            "account_receivable_turnover_ratio": null,
            "reinvestment_rate": null,
            "research_to_sale_ratio": null,
            "price_fair": 0,
            "eps_avg_yearly": 0,
            "eps_latest_yearly": 0,
            "eps_growth_yearly": 0
        },
        "20024": {
            "year_quarter": 20024,
            "year": 2002,
            "quarter": 4,
            "eps": null,
            "eps_growth_year": null,
            "eps_4q": null,
            "eps_4q_growth_year": null,
            "roe": null,
            "roe_4q": 0,
            "gross_profit": null,
            "gross_margin": null,
            "gross_margin_4q_avg": 0,
            "net_income": null,
            "net_income_4q": null,
            "revenue": null,
            "revenue_4q": null,
            "common_shares": null,
            "book_valuer_per_share": null,
            "book_valuer_per_share_4q_avg": 0,
            "equity": null,
            "current_ratio": null,
            "debt_ratio": null,
            "inventory_turnover_ratio": null,
            "account_receivable_turnover_ratio": null,
            "reinvestment_rate": null,
            "research_to_sale_ratio": null,
            "price_fair": 0,
            "eps_avg_yearly": 0,
            "eps_latest_yearly": 0,
            "eps_growth_yearly": 0
        },
        "20031": {
            "year_quarter": 20031,
            "year": 2003,
            "quarter": 1,
            "eps": null,
            "eps_growth_year": null,
            "eps_4q": null,
            "eps_4q_growth_year": null,
            "roe": null,
            "roe_4q": 0,
            "gross_profit": null,
            "gross_margin": null,
            "gross_margin_4q_avg": 0,
            "net_income": null,
            "net_income_4q": null,
            "revenue": null,
            "revenue_4q": null,
            "common_shares": null,
            "book_valuer_per_share": null,
            "book_valuer_per_share_4q_avg": 0,
            "equity": null,
            "current_ratio": null,
            "debt_ratio": null,
            "inventory_turnover_ratio": null,
            "account_receivable_turnover_ratio": null,
            "reinvestment_rate": null,
            "research_to_sale_ratio": null,
            "price_fair": 0,
            "eps_avg_yearly": 0,
            "eps_latest_yearly": 0,
            "eps_growth_yearly": 0
        },
        "20032": {
            "year_quarter": 20032,
            "year": 2003,
            "quarter": 2,
            "eps": null,
            "eps_growth_year": null,
            "eps_4q": null,
            "eps_4q_growth_year": null,
            "roe": null,
            "roe_4q": 0,
            "gross_profit": null,
            "gross_margin": null,
            "gross_margin_4q_avg": 0,
            "net_income": null,
            "net_income_4q": null,
            "revenue": null,
            "revenue_4q": null,
            "common_shares": null,
            "book_valuer_per_share": null,
            "book_valuer_per_share_4q_avg": 0,
            "equity": null,
            "current_ratio": null,
            "debt_ratio": null,
            "inventory_turnover_ratio": null,
            "account_receivable_turnover_ratio": null,
            "reinvestment_rate": null,
            "research_to_sale_ratio": null,
            "price_fair": 0,
            "eps_avg_yearly": 0,
            "eps_latest_yearly": 0,
            "eps_growth_yearly": 0
        },
        "20033": {
            "year_quarter": 20033,
            "year": 2003,
            "quarter": 3,
            "eps": null,
            "eps_growth_year": null,
            "eps_4q": null,
            "eps_4q_growth_year": null,
            "roe": null,
            "roe_4q": 0,
            "gross_profit": null,
            "gross_margin": null,
            "gross_margin_4q_avg": 0,
            "net_income": null,
            "net_income_4q": null,
            "revenue": null,
            "revenue_4q": null,
            "common_shares": null,
            "book_valuer_per_share": null,
            "book_valuer_per_share_4q_avg": 0,
            "equity": null,
            "current_ratio": null,
            "debt_ratio": null,
            "inventory_turnover_ratio": null,
            "account_receivable_turnover_ratio": null,
            "reinvestment_rate": null,
            "research_to_sale_ratio": null,
            "price_fair": 0,
            "eps_avg_yearly": 0,
            "eps_latest_yearly": 0,
            "eps_growth_yearly": 0
        },
        "20034": {
            "year_quarter": 20034,
            "year": 2003,
            "quarter": 4,
            "eps": null,
            "eps_growth_year": null,
            "eps_4q": null,
            "eps_4q_growth_year": null,
            "roe": null,
            "roe_4q": 0,
            "gross_profit": null,
            "gross_margin": null,
            "gross_margin_4q_avg": 0,
            "net_income": null,
            "net_income_4q": null,
            "revenue": null,
            "revenue_4q": null,
            "common_shares": 314500,
            "book_valuer_per_share": 9.23,
            "book_valuer_per_share_4q_avg": 2.31,
            "equity": 290312,
            "current_ratio": 128.83,
            "debt_ratio": 40.85,
            "inventory_turnover_ratio": null,
            "account_receivable_turnover_ratio": null,
            "reinvestment_rate": null,
            "research_to_sale_ratio": null,
            "price_fair": 0,
            "eps_avg_yearly": 0,
            "eps_latest_yearly": 0,
            "eps_growth_yearly": 0
        },
        "20041": {
            "year_quarter": 20041,
            "year": 2004,
            "quarter": 1,
            "eps": null,
            "eps_growth_year": null,
            "eps_4q": null,
            "eps_4q_growth_year": null,
            "roe": null,
            "roe_4q": 0,
            "gross_profit": null,
            "gross_margin": null,
            "gross_margin_4q_avg": 0,
            "net_income": null,
            "net_income_4q": null,
            "revenue": null,
            "revenue_4q": null,
            "common_shares": null,
            "book_valuer_per_share": null,
            "book_valuer_per_share_4q_avg": 2.31,
            "equity": null,
            "current_ratio": null,
            "debt_ratio": null,
            "inventory_turnover_ratio": null,
            "account_receivable_turnover_ratio": null,
            "reinvestment_rate": null,
            "research_to_sale_ratio": null,
            "price_fair": 0,
            "eps_avg_yearly": 0,
            "eps_latest_yearly": 0,
            "eps_growth_yearly": 0
        },
        "20042": {
            "year_quarter": 20042,
            "year": 2004,
            "quarter": 2,
            "eps": null,
            "eps_growth_year": null,
            "eps_4q": null,
            "eps_4q_growth_year": null,
            "roe": null,
            "roe_4q": 0,
            "gross_profit": null,
            "gross_margin": null,
            "gross_margin_4q_avg": 0,
            "net_income": null,
            "net_income_4q": null,
            "revenue": null,
            "revenue_4q": null,
            "common_shares": null,
            "book_valuer_per_share": null,
            "book_valuer_per_share_4q_avg": 2.31,
            "equity": null,
            "current_ratio": null,
            "debt_ratio": null,
            "inventory_turnover_ratio": null,
            "account_receivable_turnover_ratio": null,
            "reinvestment_rate": null,
            "research_to_sale_ratio": null,
            "price_fair": 0,
            "eps_avg_yearly": 0,
            "eps_latest_yearly": 0,
            "eps_growth_yearly": 0
        },
        "20043": {
            "year_quarter": 20043,
            "year": 2004,
            "quarter": 3,
            "eps": null,
            "eps_growth_year": null,
            "eps_4q": null,
            "eps_4q_growth_year": null,
            "roe": null,
            "roe_4q": 0,
            "gross_profit": null,
            "gross_margin": null,
            "gross_margin_4q_avg": 0,
            "net_income": null,
            "net_income_4q": null,
            "revenue": null,
            "revenue_4q": null,
            "common_shares": null,
            "book_valuer_per_share": null,
            "book_valuer_per_share_4q_avg": 2.31,
            "equity": null,
            "current_ratio": null,
            "debt_ratio": null,
            "inventory_turnover_ratio": null,
            "account_receivable_turnover_ratio": null,
            "reinvestment_rate": null,
            "research_to_sale_ratio": null,
            "price_fair": 0,
            "eps_avg_yearly": 0,
            "eps_latest_yearly": 0,
            "eps_growth_yearly": 0
        },
        "20044": {
            "year_quarter": 20044,
            "year": 2004,
            "quarter": 4,
            "eps": null,
            "eps_growth_year": null,
            "eps_4q": null,
            "eps_4q_growth_year": null,
            "roe": null,
            "roe_4q": 0,
            "gross_profit": null,
            "gross_margin": null,
            "gross_margin_4q_avg": 0,
            "net_income": null,
            "net_income_4q": null,
            "revenue": null,
            "revenue_4q": null,
            "common_shares": 494500,
            "book_valuer_per_share": 9.43,
            "book_valuer_per_share_4q_avg": 2.36,
            "equity": 466531,
            "current_ratio": 643.54,
            "debt_ratio": 7.82,
            "inventory_turnover_ratio": null,
            "account_receivable_turnover_ratio": null,
            "reinvestment_rate": null,
            "research_to_sale_ratio": null,
            "price_fair": 0,
            "eps_avg_yearly": 0,
            "eps_latest_yearly": 0,
            "eps_growth_yearly": 0
        },
        "20051": {
            "year_quarter": 20051,
            "year": 2005,
            "quarter": 1,
            "eps": null,
            "eps_growth_year": null,
            "eps_4q": null,
            "eps_4q_growth_year": null,
            "roe": null,
            "roe_4q": 0,
            "gross_profit": null,
            "gross_margin": null,
            "gross_margin_4q_avg": 0,
            "net_income": null,
            "net_income_4q": null,
            "revenue": null,
            "revenue_4q": null,
            "common_shares": null,
            "book_valuer_per_share": null,
            "book_valuer_per_share_4q_avg": 2.36,
            "equity": null,
            "current_ratio": null,
            "debt_ratio": null,
            "inventory_turnover_ratio": null,
            "account_receivable_turnover_ratio": null,
            "reinvestment_rate": null,
            "research_to_sale_ratio": null,
            "price_fair": 0,
            "eps_avg_yearly": 0,
            "eps_latest_yearly": 0,
            "eps_growth_yearly": 0
        },
        "20052": {
            "year_quarter": 20052,
            "year": 2005,
            "quarter": 2,
            "eps": null,
            "eps_growth_year": null,
            "eps_4q": null,
            "eps_4q_growth_year": null,
            "roe": null,
            "roe_4q": 0,
            "gross_profit": null,
            "gross_margin": null,
            "gross_margin_4q_avg": 0,
            "net_income": null,
            "net_income_4q": null,
            "revenue": null,
            "revenue_4q": null,
            "common_shares": null,
            "book_valuer_per_share": null,
            "book_valuer_per_share_4q_avg": 2.36,
            "equity": null,
            "current_ratio": null,
            "debt_ratio": null,
            "inventory_turnover_ratio": null,
            "account_receivable_turnover_ratio": null,
            "reinvestment_rate": null,
            "research_to_sale_ratio": null,
            "price_fair": 0,
            "eps_avg_yearly": 0,
            "eps_latest_yearly": 0,
            "eps_growth_yearly": 0
        },
        "20053": {
            "year_quarter": 20053,
            "year": 2005,
            "quarter": 3,
            "eps": null,
            "eps_growth_year": null,
            "eps_4q": null,
            "eps_4q_growth_year": null,
            "roe": null,
            "roe_4q": 0,
            "gross_profit": null,
            "gross_margin": null,
            "gross_margin_4q_avg": 0,
            "net_income": null,
            "net_income_4q": null,
            "revenue": null,
            "revenue_4q": null,
            "common_shares": null,
            "book_valuer_per_share": null,
            "book_valuer_per_share_4q_avg": 2.36,
            "equity": null,
            "current_ratio": null,
            "debt_ratio": null,
            "inventory_turnover_ratio": null,
            "account_receivable_turnover_ratio": null,
            "reinvestment_rate": null,
            "research_to_sale_ratio": null,
            "price_fair": 0,
            "eps_avg_yearly": 0,
            "eps_latest_yearly": 0,
            "eps_growth_yearly": 0
        },
        "20054": {
            "year_quarter": 20054,
            "year": 2005,
            "quarter": 4,
            "eps": null,
            "eps_growth_year": null,
            "eps_4q": null,
            "eps_4q_growth_year": null,
            "roe": null,
            "roe_4q": 0,
            "gross_profit": null,
            "gross_margin": null,
            "gross_margin_4q_avg": 0,
            "net_income": null,
            "net_income_4q": null,
            "revenue": null,
            "revenue_4q": null,
            "common_shares": 494500,
            "book_valuer_per_share": 8.38,
            "book_valuer_per_share_4q_avg": 2.1,
            "equity": 414437,
            "current_ratio": 41.78,
            "debt_ratio": 22.43,
            "inventory_turnover_ratio": null,
            "account_receivable_turnover_ratio": null,
            "reinvestment_rate": null,
            "research_to_sale_ratio": null,
            "price_fair": 0,
            "eps_avg_yearly": 0,
            "eps_latest_yearly": 0,
            "eps_growth_yearly": 0
        },
        "20061": {
            "year_quarter": 20061,
            "year": 2006,
            "quarter": 1,
            "eps": null,
            "eps_growth_year": null,
            "eps_4q": null,
            "eps_4q_growth_year": null,
            "roe": null,
            "roe_4q": 0,
            "gross_profit": null,
            "gross_margin": null,
            "gross_margin_4q_avg": 0,
            "net_income": null,
            "net_income_4q": null,
            "revenue": null,
            "revenue_4q": null,
            "common_shares": null,
            "book_valuer_per_share": null,
            "book_valuer_per_share_4q_avg": 2.1,
            "equity": null,
            "current_ratio": null,
            "debt_ratio": null,
            "inventory_turnover_ratio": null,
            "account_receivable_turnover_ratio": null,
            "reinvestment_rate": null,
            "research_to_sale_ratio": null,
            "price_fair": 0,
            "eps_avg_yearly": 0,
            "eps_latest_yearly": 0,
            "eps_growth_yearly": 0
        },
        "20062": {
            "year_quarter": 20062,
            "year": 2006,
            "quarter": 2,
            "eps": null,
            "eps_growth_year": null,
            "eps_4q": null,
            "eps_4q_growth_year": null,
            "roe": null,
            "roe_4q": 0,
            "gross_profit": null,
            "gross_margin": null,
            "gross_margin_4q_avg": 0,
            "net_income": null,
            "net_income_4q": null,
            "revenue": null,
            "revenue_4q": null,
            "common_shares": null,
            "book_valuer_per_share": null,
            "book_valuer_per_share_4q_avg": 2.1,
            "equity": null,
            "current_ratio": null,
            "debt_ratio": null,
            "inventory_turnover_ratio": null,
            "account_receivable_turnover_ratio": null,
            "reinvestment_rate": null,
            "research_to_sale_ratio": null,
            "price_fair": 0,
            "eps_avg_yearly": 0,
            "eps_latest_yearly": 0,
            "eps_growth_yearly": 0
        },
        "20063": {
            "year_quarter": 20063,
            "year": 2006,
            "quarter": 3,
            "eps": null,
            "eps_growth_year": null,
            "eps_4q": null,
            "eps_4q_growth_year": null,
            "roe": null,
            "roe_4q": 0,
            "gross_profit": null,
            "gross_margin": null,
            "gross_margin_4q_avg": 0,
            "net_income": null,
            "net_income_4q": null,
            "revenue": null,
            "revenue_4q": null,
            "common_shares": null,
            "book_valuer_per_share": null,
            "book_valuer_per_share_4q_avg": 2.1,
            "equity": null,
            "current_ratio": null,
            "debt_ratio": null,
            "inventory_turnover_ratio": null,
            "account_receivable_turnover_ratio": null,
            "reinvestment_rate": null,
            "research_to_sale_ratio": null,
            "price_fair": 0,
            "eps_avg_yearly": 0,
            "eps_latest_yearly": 0,
            "eps_growth_yearly": 0
        },
        "20064": {
            "year_quarter": 20064,
            "year": 2006,
            "quarter": 4,
            "eps": null,
            "eps_growth_year": null,
            "eps_4q": null,
            "eps_4q_growth_year": null,
            "roe": null,
            "roe_4q": 0,
            "gross_profit": null,
            "gross_margin": null,
            "gross_margin_4q_avg": 0,
            "net_income": null,
            "net_income_4q": null,
            "revenue": null,
            "revenue_4q": null,
            "common_shares": 520325,
            "book_valuer_per_share": 8.33,
            "book_valuer_per_share_4q_avg": 2.08,
            "equity": 433680,
            "current_ratio": 149.32,
            "debt_ratio": 17.76,
            "inventory_turnover_ratio": null,
            "account_receivable_turnover_ratio": null,
            "reinvestment_rate": null,
            "research_to_sale_ratio": null,
            "price_fair": 0,
            "eps_avg_yearly": 0,
            "eps_latest_yearly": 0,
            "eps_growth_yearly": 0
        },
        "20071": {
            "year_quarter": 20071,
            "year": 2007,
            "quarter": 1,
            "eps": null,
            "eps_growth_year": null,
            "eps_4q": null,
            "eps_4q_growth_year": null,
            "roe": null,
            "roe_4q": 0,
            "gross_profit": null,
            "gross_margin": null,
            "gross_margin_4q_avg": 0,
            "net_income": null,
            "net_income_4q": null,
            "revenue": null,
            "revenue_4q": null,
            "common_shares": null,
            "book_valuer_per_share": null,
            "book_valuer_per_share_4q_avg": 2.08,
            "equity": null,
            "current_ratio": null,
            "debt_ratio": null,
            "inventory_turnover_ratio": null,
            "account_receivable_turnover_ratio": null,
            "reinvestment_rate": null,
            "research_to_sale_ratio": null,
            "price_fair": 0,
            "eps_avg_yearly": 0,
            "eps_latest_yearly": 0,
            "eps_growth_yearly": 0
        },
        "20072": {
            "year_quarter": 20072,
            "year": 2007,
            "quarter": 2,
            "eps": null,
            "eps_growth_year": null,
            "eps_4q": null,
            "eps_4q_growth_year": null,
            "roe": null,
            "roe_4q": 0,
            "gross_profit": null,
            "gross_margin": null,
            "gross_margin_4q_avg": 0,
            "net_income": null,
            "net_income_4q": null,
            "revenue": null,
            "revenue_4q": null,
            "common_shares": null,
            "book_valuer_per_share": null,
            "book_valuer_per_share_4q_avg": 2.08,
            "equity": null,
            "current_ratio": null,
            "debt_ratio": null,
            "inventory_turnover_ratio": null,
            "account_receivable_turnover_ratio": null,
            "reinvestment_rate": null,
            "research_to_sale_ratio": null,
            "price_fair": 0,
            "eps_avg_yearly": 0,
            "eps_latest_yearly": 0,
            "eps_growth_yearly": 0
        },
        "20073": {
            "year_quarter": 20073,
            "year": 2007,
            "quarter": 3,
            "eps": null,
            "eps_growth_year": null,
            "eps_4q": null,
            "eps_4q_growth_year": null,
            "roe": null,
            "roe_4q": 0,
            "gross_profit": null,
            "gross_margin": null,
            "gross_margin_4q_avg": 0,
            "net_income": null,
            "net_income_4q": null,
            "revenue": null,
            "revenue_4q": null,
            "common_shares": null,
            "book_valuer_per_share": null,
            "book_valuer_per_share_4q_avg": 2.08,
            "equity": null,
            "current_ratio": null,
            "debt_ratio": null,
            "inventory_turnover_ratio": null,
            "account_receivable_turnover_ratio": null,
            "reinvestment_rate": null,
            "research_to_sale_ratio": null,
            "price_fair": 0,
            "eps_avg_yearly": 0,
            "eps_latest_yearly": 0,
            "eps_growth_yearly": 0
        },
        "20074": {
            "year_quarter": 20074,
            "year": 2007,
            "quarter": 4,
            "eps": null,
            "eps_growth_year": null,
            "eps_4q": null,
            "eps_4q_growth_year": null,
            "roe": null,
            "roe_4q": 0,
            "gross_profit": null,
            "gross_margin": null,
            "gross_margin_4q_avg": 0,
            "net_income": null,
            "net_income_4q": null,
            "revenue": null,
            "revenue_4q": null,
            "common_shares": 600000,
            "book_valuer_per_share": 11.91,
            "book_valuer_per_share_4q_avg": 2.98,
            "equity": 714779,
            "current_ratio": 173.36,
            "debt_ratio": 25.82,
            "inventory_turnover_ratio": null,
            "account_receivable_turnover_ratio": null,
            "reinvestment_rate": null,
            "research_to_sale_ratio": null,
            "price_fair": 0,
            "eps_avg_yearly": 0,
            "eps_latest_yearly": 0,
            "eps_growth_yearly": 0
        },
        "20081": {
            "year_quarter": 20081,
            "year": 2008,
            "quarter": 1,
            "eps": null,
            "eps_growth_year": null,
            "eps_4q": null,
            "eps_4q_growth_year": null,
            "roe": null,
            "roe_4q": 0,
            "gross_profit": null,
            "gross_margin": null,
            "gross_margin_4q_avg": 0,
            "net_income": null,
            "net_income_4q": null,
            "revenue": null,
            "revenue_4q": null,
            "common_shares": null,
            "book_valuer_per_share": null,
            "book_valuer_per_share_4q_avg": 2.98,
            "equity": null,
            "current_ratio": null,
            "debt_ratio": null,
            "inventory_turnover_ratio": null,
            "account_receivable_turnover_ratio": null,
            "reinvestment_rate": null,
            "research_to_sale_ratio": null,
            "price_fair": 0,
            "eps_avg_yearly": 0,
            "eps_latest_yearly": 0,
            "eps_growth_yearly": 0
        },
        "20082": {
            "year_quarter": 20082,
            "year": 2008,
            "quarter": 2,
            "eps": null,
            "eps_growth_year": null,
            "eps_4q": null,
            "eps_4q_growth_year": null,
            "roe": null,
            "roe_4q": 0,
            "gross_profit": null,
            "gross_margin": null,
            "gross_margin_4q_avg": 0,
            "net_income": null,
            "net_income_4q": null,
            "revenue": null,
            "revenue_4q": null,
            "common_shares": null,
            "book_valuer_per_share": null,
            "book_valuer_per_share_4q_avg": 2.98,
            "equity": null,
            "current_ratio": null,
            "debt_ratio": null,
            "inventory_turnover_ratio": null,
            "account_receivable_turnover_ratio": null,
            "reinvestment_rate": null,
            "research_to_sale_ratio": null,
            "price_fair": 0,
            "eps_avg_yearly": 0,
            "eps_latest_yearly": 0,
            "eps_growth_yearly": 0
        },
        "20083": {
            "year_quarter": 20083,
            "year": 2008,
            "quarter": 3,
            "eps": 0.82,
            "eps_growth_year": null,
            "eps_4q": null,
            "eps_4q_growth_year": null,
            "roe": 6.48,
            "roe_4q": 6.48,
            "gross_profit": 70280,
            "gross_margin": 26.5,
            "gross_margin_4q_avg": 6.63,
            "net_income": 50502,
            "net_income_4q": null,
            "revenue": 265178,
            "revenue_4q": null,
            "common_shares": 619000,
            "book_valuer_per_share": 12.59,
            "book_valuer_per_share_4q_avg": 6.13,
            "equity": 779436,
            "current_ratio": 430.52,
            "debt_ratio": 14.02,
            "inventory_turnover_ratio": null,
            "account_receivable_turnover_ratio": null,
            "reinvestment_rate": null,
            "research_to_sale_ratio": null,
            "price_fair": 0,
            "eps_avg_yearly": 0,
            "eps_latest_yearly": 0,
            "eps_growth_yearly": 0
        },
        "20084": {
            "year_quarter": 20084,
            "year": 2008,
            "quarter": 4,
            "eps": -0.17,
            "eps_growth_year": null,
            "eps_4q": null,
            "eps_4q_growth_year": null,
            "roe": -1.39,
            "roe_4q": 5.090000000000001,
            "gross_profit": 41342,
            "gross_margin": 27.12,
            "gross_margin_4q_avg": 13.41,
            "net_income": -10808,
            "net_income_4q": null,
            "revenue": 152420,
            "revenue_4q": null,
            "common_shares": 619000,
            "book_valuer_per_share": 12.49,
            "book_valuer_per_share_4q_avg": 6.27,
            "equity": 772896,
            "current_ratio": 179.43,
            "debt_ratio": 27.53,
            "inventory_turnover_ratio": 2.68,
            "account_receivable_turnover_ratio": 1.97,
            "reinvestment_rate": null,
            "research_to_sale_ratio": null,
            "price_fair": 0,
            "eps_avg_yearly": 0,
            "eps_latest_yearly": 0,
            "eps_growth_yearly": 0
        },
        "20091": {
            "year_quarter": 20091,
            "year": 2009,
            "quarter": 1,
            "eps": -0.37,
            "eps_growth_year": null,
            "eps_4q": null,
            "eps_4q_growth_year": null,
            "roe": -2.96,
            "roe_4q": 2.130000000000001,
            "gross_profit": 35627,
            "gross_margin": 24.73,
            "gross_margin_4q_avg": 19.59,
            "net_income": -22658,
            "net_income_4q": null,
            "revenue": 144058,
            "revenue_4q": null,
            "common_shares": 619000,
            "book_valuer_per_share": 12.23,
            "book_valuer_per_share_4q_avg": 9.33,
            "equity": 757235,
            "current_ratio": 335.7,
            "debt_ratio": 14.63,
            "inventory_turnover_ratio": 2.62,
            "account_receivable_turnover_ratio": 0.96,
            "reinvestment_rate": null,
            "research_to_sale_ratio": null,
            "price_fair": 0,
            "eps_avg_yearly": 0,
            "eps_latest_yearly": 0,
            "eps_growth_yearly": 0
        },
        "20092": {
            "year_quarter": 20092,
            "year": 2009,
            "quarter": 2,
            "eps": 0.55,
            "eps_growth_year": null,
            "eps_4q": 0.83,
            "eps_4q_growth_year": null,
            "roe": 4.46,
            "roe_4q": 6.590000000000001,
            "gross_profit": 49000,
            "gross_margin": 19.66,
            "gross_margin_4q_avg": 24.5,
            "net_income": 33794,
            "net_income_4q": null,
            "revenue": 249255,
            "revenue_4q": null,
            "common_shares": 619000,
            "book_valuer_per_share": 12.24,
            "book_valuer_per_share_4q_avg": 12.39,
            "equity": 757829,
            "current_ratio": 191.95,
            "debt_ratio": 26.21,
            "inventory_turnover_ratio": null,
            "account_receivable_turnover_ratio": 1.22,
            "reinvestment_rate": null,
            "research_to_sale_ratio": null,
            "price_fair": 0,
            "eps_avg_yearly": 0,
            "eps_latest_yearly": 0,
            "eps_growth_yearly": 0
        },
        "20093": {
            "year_quarter": 20093,
            "year": 2009,
            "quarter": 3,
            "eps": 0.7,
            "eps_growth_year": -14.63,
            "eps_4q": 0.71,
            "eps_4q_growth_year": null,
            "roe": 5.52,
            "roe_4q": 5.630000000000001,
            "gross_profit": 113043,
            "gross_margin": 37.52,
            "gross_margin_4q_avg": 27.26,
            "net_income": 43243,
            "net_income_4q": null,
            "revenue": 301282,
            "revenue_4q": null,
            "common_shares": 619000,
            "book_valuer_per_share": 13.06,
            "book_valuer_per_share_4q_avg": 12.51,
            "equity": 808535,
            "current_ratio": 192.85,
            "debt_ratio": 29.2,
            "inventory_turnover_ratio": 7.08,
            "account_receivable_turnover_ratio": 1.03,
            "reinvestment_rate": null,
            "research_to_sale_ratio": null,
            "price_fair": 98,
            "eps_avg_yearly": 2.8,
            "eps_latest_yearly": 2.8,
            "eps_growth_yearly": 109.09
        },
        "20094": {
            "year_quarter": 20094,
            "year": 2009,
            "quarter": 4,
            "eps": 0.51,
            "eps_growth_year": null,
            "eps_4q": 1.34,
            "eps_4q_growth_year": null,
            "roe": 3.82,
            "roe_4q": 10.84,
            "gross_profit": 96768,
            "gross_margin": 36.01,
            "gross_margin_4q_avg": 29.48,
            "net_income": 31603,
            "net_income_4q": null,
            "revenue": 268721,
            "revenue_4q": null,
            "common_shares": 632950,
            "book_valuer_per_share": 13.4,
            "book_valuer_per_share_4q_avg": 12.73,
            "equity": 848030,
            "current_ratio": 240.85,
            "debt_ratio": 24.06,
            "inventory_turnover_ratio": 3.35,
            "account_receivable_turnover_ratio": 2.77,
            "reinvestment_rate": null,
            "research_to_sale_ratio": null,
            "price_fair": 24.2,
            "eps_avg_yearly": 2.42,
            "eps_latest_yearly": 2.04,
            "eps_growth_yearly": 0.26
        },
        "20101": {
            "year_quarter": 20101,
            "year": 2010,
            "quarter": 1,
            "eps": 0.56,
            "eps_growth_year": null,
            "eps_4q": 2.23,
            "eps_4q_growth_year": null,
            "roe": 4.13,
            "roe_4q": 17.93,
            "gross_profit": 96446,
            "gross_margin": 36.01,
            "gross_margin_4q_avg": 32.3,
            "net_income": 35852,
            "net_income_4q": null,
            "revenue": 267805,
            "revenue_4q": null,
            "common_shares": 646900,
            "book_valuer_per_share": 13.72,
            "book_valuer_per_share_4q_avg": 13.11,
            "equity": 887674,
            "current_ratio": 136.45,
            "debt_ratio": 33.77,
            "inventory_turnover_ratio": 3.29,
            "account_receivable_turnover_ratio": 1.14,
            "reinvestment_rate": null,
            "research_to_sale_ratio": 9.24,
            "price_fair": 54.86,
            "eps_avg_yearly": 2.36,
            "eps_latest_yearly": 2.24,
            "eps_growth_yearly": 13.25
        },
        "20102": {
            "year_quarter": 20102,
            "year": 2010,
            "quarter": 2,
            "eps": 0.15,
            "eps_growth_year": -73.16,
            "eps_4q": 1.57,
            "eps_4q_growth_year": 90.03,
            "roe": 1.12,
            "roe_4q": 14.59,
            "gross_profit": 81485,
            "gross_margin": 30.1,
            "gross_margin_4q_avg": 34.91,
            "net_income": 11473,
            "net_income_4q": null,
            "revenue": 270676,
            "revenue_4q": null,
            "common_shares": 777150,
            "book_valuer_per_share": 14.99,
            "book_valuer_per_share_4q_avg": 13.79,
            "equity": 1165069,
            "current_ratio": 155.33,
            "debt_ratio": 36.26,
            "inventory_turnover_ratio": 2.5,
            "account_receivable_turnover_ratio": 1.06,
            "reinvestment_rate": null,
            "research_to_sale_ratio": 9.5,
            "price_fair": 5.76,
            "eps_avg_yearly": 1.92,
            "eps_latest_yearly": 0.6,
            "eps_growth_yearly": -63.28
        },
        "20103": {
            "year_quarter": 20103,
            "year": 2010,
            "quarter": 3,
            "eps": 1.42,
            "eps_growth_year": 102.93,
            "eps_4q": 2.44,
            "eps_4q_growth_year": 245.39,
            "roe": 9.01,
            "roe_4q": 18.08,
            "gross_profit": 231896,
            "gross_margin": 33.6,
            "gross_margin_4q_avg": 33.93,
            "net_income": 110393,
            "net_income_4q": null,
            "revenue": 690211,
            "revenue_4q": null,
            "common_shares": 777150,
            "book_valuer_per_share": 16.55,
            "book_valuer_per_share_4q_avg": 14.67,
            "equity": 1286571,
            "current_ratio": 114.49,
            "debt_ratio": 44.6,
            "inventory_turnover_ratio": 4.33,
            "account_receivable_turnover_ratio": 1.65,
            "reinvestment_rate": null,
            "research_to_sale_ratio": 6.22,
            "price_fair": 93.52,
            "eps_avg_yearly": 2.67,
            "eps_latest_yearly": 5.68,
            "eps_growth_yearly": 626.71
        },
        "20104": {
            "year_quarter": 20104,
            "year": 2010,
            "quarter": 4,
            "eps": 2.75,
            "eps_growth_year": 438.75,
            "eps_4q": 4.6,
            "eps_4q_growth_year": 243.93,
            "roe": 13.1,
            "roe_4q": 27.36,
            "gross_profit": 428859,
            "gross_margin": 39.57,
            "gross_margin_4q_avg": 34.82,
            "net_income": 233792,
            "net_income_4q": null,
            "revenue": 1083846,
            "revenue_4q": null,
            "common_shares": 847150,
            "book_valuer_per_share": 26.84,
            "book_valuer_per_share_4q_avg": 18.03,
            "equity": 2283886,
            "current_ratio": 171.31,
            "debt_ratio": 38.36,
            "inventory_turnover_ratio": 5.88,
            "account_receivable_turnover_ratio": 1.22,
            "reinvestment_rate": null,
            "research_to_sale_ratio": 4.18,
            "price_fair": 142.1,
            "eps_avg_yearly": 4.06,
            "eps_latest_yearly": 11,
            "eps_growth_yearly": 584.7
        },
        "20111": {
            "year_quarter": 20111,
            "year": 2011,
            "quarter": 1,
            "eps": 1.04,
            "eps_growth_year": 85.71,
            "eps_4q": 5.21,
            "eps_4q_growth_year": 133.14,
            "roe": 3.78,
            "roe_4q": 27.01,
            "gross_profit": 189807,
            "gross_margin": 34.75,
            "gross_margin_4q_avg": 34.51,
            "net_income": 88201,
            "net_income_4q": null,
            "revenue": 546220,
            "revenue_4q": null,
            "common_shares": 852370,
            "book_valuer_per_share": 27.98,
            "book_valuer_per_share_4q_avg": 21.59,
            "equity": 2384860,
            "current_ratio": 171.66,
            "debt_ratio": 34.91,
            "inventory_turnover_ratio": 3.44,
            "account_receivable_turnover_ratio": 0.55,
            "reinvestment_rate": null,
            "research_to_sale_ratio": 6.02,
            "price_fair": 142.6,
            "eps_avg_yearly": 4.07,
            "eps_latest_yearly": 4.16,
            "eps_growth_yearly": 465.64
        },
        "20112": {
            "year_quarter": 20112,
            "year": 2011,
            "quarter": 2,
            "eps": 0.22,
            "eps_growth_year": 48.98,
            "eps_4q": 5.28,
            "eps_4q_growth_year": 235.77,
            "roe": 0.83,
            "roe_4q": 26.72,
            "gross_profit": 89754,
            "gross_margin": 23.18,
            "gross_margin_4q_avg": 32.78,
            "net_income": 18799,
            "net_income_4q": null,
            "revenue": 387215,
            "revenue_4q": null,
            "common_shares": 854770,
            "book_valuer_per_share": 24.99,
            "book_valuer_per_share_4q_avg": 24.09,
            "equity": 2135946,
            "current_ratio": 134.93,
            "debt_ratio": 40.19,
            "inventory_turnover_ratio": 2.41,
            "account_receivable_turnover_ratio": 0.65,
            "reinvestment_rate": null,
            "research_to_sale_ratio": 7.99,
            "price_fair": 128.63,
            "eps_avg_yearly": 3.68,
            "eps_latest_yearly": 0.88,
            "eps_growth_yearly": 368.01
        },
        "20113": {
            "year_quarter": 20113,
            "year": 2011,
            "quarter": 3,
            "eps": 0.78,
            "eps_growth_year": -45.38,
            "eps_4q": 4.76,
            "eps_4q_growth_year": 95.3,
            "roe": 3.02,
            "roe_4q": 20.73,
            "gross_profit": 151351,
            "gross_margin": 31.64,
            "gross_margin_4q_avg": 32.29,
            "net_income": 66408,
            "net_income_4q": null,
            "revenue": 478422,
            "revenue_4q": null,
            "common_shares": 855870,
            "book_valuer_per_share": 26.45,
            "book_valuer_per_share_4q_avg": 26.57,
            "equity": 2263688,
            "current_ratio": 148.64,
            "debt_ratio": 33.62,
            "inventory_turnover_ratio": 2.79,
            "account_receivable_turnover_ratio": 1.05,
            "reinvestment_rate": null,
            "research_to_sale_ratio": 7.32,
            "price_fair": 126.47,
            "eps_avg_yearly": 3.61,
            "eps_latest_yearly": 3.12,
            "eps_growth_yearly": 440.25
        },
        "20114": {
            "year_quarter": 20114,
            "year": 2011,
            "quarter": 4,
            "eps": -0.47,
            "eps_growth_year": -117.13,
            "eps_4q": 1.55,
            "eps_4q_growth_year": -66.28,
            "roe": -1.8,
            "roe_4q": 5.83,
            "gross_profit": 22794,
            "gross_margin": 7.06,
            "gross_margin_4q_avg": 24.16,
            "net_income": -40366,
            "net_income_4q": null,
            "revenue": 322697,
            "revenue_4q": null,
            "common_shares": 855870,
            "book_valuer_per_share": 25.94,
            "book_valuer_per_share_4q_avg": 26.34,
            "equity": 2223732,
            "current_ratio": 151.87,
            "debt_ratio": 33.62,
            "inventory_turnover_ratio": 4.1,
            "account_receivable_turnover_ratio": 0.75,
            "reinvestment_rate": null,
            "research_to_sale_ratio": 8.58,
            "price_fair": 126.47,
            "eps_avg_yearly": 3.61,
            "eps_latest_yearly": 3.12,
            "eps_growth_yearly": 440.25
        },
        "20121": {
            "year_quarter": 20121,
            "year": 2012,
            "quarter": 1,
            "eps": -0.78,
            "eps_growth_year": -175,
            "eps_4q": -0.26,
            "eps_4q_growth_year": -105.01,
            "roe": -3.09,
            "roe_4q": -1.0399999999999996,
            "gross_profit": -4112,
            "gross_margin": -2.05,
            "gross_margin_4q_avg": 14.96,
            "net_income": -67436,
            "net_income_4q": null,
            "revenue": 200765,
            "revenue_4q": null,
            "common_shares": 865650,
            "book_valuer_per_share": 24.73,
            "book_valuer_per_share_4q_avg": 25.53,
            "equity": 2142634,
            "current_ratio": 166.58,
            "debt_ratio": 27.89,
            "inventory_turnover_ratio": 2.99,
            "account_receivable_turnover_ratio": 0.74,
            "reinvestment_rate": null,
            "research_to_sale_ratio": 14.89,
            "price_fair": 126.47,
            "eps_avg_yearly": 3.61,
            "eps_latest_yearly": 3.12,
            "eps_growth_yearly": 440.25
        },
        "20122": {
            "year_quarter": 20122,
            "year": 2012,
            "quarter": 2,
            "eps": -0.44,
            "eps_growth_year": -300.89,
            "eps_4q": -0.92,
            "eps_4q_growth_year": -117.42,
            "roe": -1.84,
            "roe_4q": -3.7099999999999995,
            "gross_profit": 39741,
            "gross_margin": 12.49,
            "gross_margin_4q_avg": 12.29,
            "net_income": -38282,
            "net_income_4q": null,
            "revenue": 318290,
            "revenue_4q": null,
            "common_shares": 866450,
            "book_valuer_per_share": 23.34,
            "book_valuer_per_share_4q_avg": 25.12,
            "equity": 2021947,
            "current_ratio": 139.26,
            "debt_ratio": 34.13,
            "inventory_turnover_ratio": 2.74,
            "account_receivable_turnover_ratio": 1.48,
            "reinvestment_rate": 460.85,
            "research_to_sale_ratio": 10.35,
            "price_fair": 126.47,
            "eps_avg_yearly": 3.61,
            "eps_latest_yearly": 3.12,
            "eps_growth_yearly": 440.25
        },
        "20123": {
            "year_quarter": 20123,
            "year": 2012,
            "quarter": 3,
            "eps": -0.35,
            "eps_growth_year": -144.63,
            "eps_4q": -2.03,
            "eps_4q_growth_year": -142.71,
            "roe": -1.5,
            "roe_4q": -8.23,
            "gross_profit": 42047,
            "gross_margin": 12.26,
            "gross_margin_4q_avg": 7.44,
            "net_income": -30001,
            "net_income_4q": null,
            "revenue": 342930,
            "revenue_4q": null,
            "common_shares": 866450,
            "book_valuer_per_share": 22.88,
            "book_valuer_per_share_4q_avg": 24.22,
            "equity": 1982837,
            "current_ratio": 140.41,
            "debt_ratio": 31.28,
            "inventory_turnover_ratio": 2.42,
            "account_receivable_turnover_ratio": 1.21,
            "reinvestment_rate": 499.81,
            "research_to_sale_ratio": 9.55,
            "price_fair": 126.47,
            "eps_avg_yearly": 3.61,
            "eps_latest_yearly": 3.12,
            "eps_growth_yearly": 440.25
        },
        "20124": {
            "year_quarter": 20124,
            "year": 2012,
            "quarter": 4,
            "eps": -0.44,
            "eps_growth_year": null,
            "eps_4q": -2.01,
            "eps_4q_growth_year": -229.4,
            "roe": -1.95,
            "roe_4q": -8.379999999999999,
            "gross_profit": 41786,
            "gross_margin": 14.3,
            "gross_margin_4q_avg": 9.25,
            "net_income": -38247,
            "net_income_4q": null,
            "revenue": 292160,
            "revenue_4q": null,
            "common_shares": 866450,
            "book_valuer_per_share": 22.4,
            "book_valuer_per_share_4q_avg": 23.34,
            "equity": 1940486,
            "current_ratio": 133.3,
            "debt_ratio": 32.16,
            "inventory_turnover_ratio": 2.28,
            "account_receivable_turnover_ratio": 1.03,
            "reinvestment_rate": 381.14,
            "research_to_sale_ratio": 12.15,
            "price_fair": 126.47,
            "eps_avg_yearly": 3.61,
            "eps_latest_yearly": 3.12,
            "eps_growth_yearly": 440.25
        },
        "20131": {
            "year_quarter": 20131,
            "year": 2013,
            "quarter": 1,
            "eps": -0.58,
            "eps_growth_year": null,
            "eps_4q": -1.81,
            "eps_4q_growth_year": null,
            "roe": -2.65,
            "roe_4q": -7.9399999999999995,
            "gross_profit": 21038,
            "gross_margin": 8.4,
            "gross_margin_4q_avg": 11.86,
            "net_income": -50678,
            "net_income_4q": null,
            "revenue": 250483,
            "revenue_4q": null,
            "common_shares": 866450,
            "book_valuer_per_share": 21.74,
            "book_valuer_per_share_4q_avg": 22.59,
            "equity": 1884058,
            "current_ratio": 118.6,
            "debt_ratio": 36.5,
            "inventory_turnover_ratio": 2.2,
            "account_receivable_turnover_ratio": 1.18,
            "reinvestment_rate": 318.16,
            "research_to_sale_ratio": 13.62,
            "price_fair": 126.47,
            "eps_avg_yearly": 3.61,
            "eps_latest_yearly": 3.12,
            "eps_growth_yearly": 440.25
        },
        "20132": {
            "year_quarter": 20132,
            "year": 2013,
            "quarter": 2,
            "eps": 0.02,
            "eps_growth_year": null,
            "eps_4q": -1.35,
            "eps_4q_growth_year": null,
            "roe": 0.11,
            "roe_4q": -5.99,
            "gross_profit": 59691,
            "gross_margin": 16.26,
            "gross_margin_4q_avg": 12.81,
            "net_income": 2136,
            "net_income_4q": null,
            "revenue": 367212,
            "revenue_4q": null,
            "common_shares": 866450,
            "book_valuer_per_share": 21.93,
            "book_valuer_per_share_4q_avg": 22.24,
            "equity": 1900229,
            "current_ratio": 86.65,
            "debt_ratio": 47.81,
            "inventory_turnover_ratio": 1.83,
            "account_receivable_turnover_ratio": 1.53,
            "reinvestment_rate": 381.19,
            "research_to_sale_ratio": 10.23,
            "price_fair": 126.47,
            "eps_avg_yearly": 3.61,
            "eps_latest_yearly": 3.12,
            "eps_growth_yearly": 440.25
        },
        "20133": {
            "year_quarter": 20133,
            "year": 2013,
            "quarter": 3,
            "eps": 0.7,
            "eps_growth_year": null,
            "eps_4q": -0.31,
            "eps_4q_growth_year": null,
            "roe": 3.14,
            "roe_4q": -1.3499999999999999,
            "gross_profit": 168860,
            "gross_margin": 15.38,
            "gross_margin_4q_avg": 13.59,
            "net_income": 60358,
            "net_income_4q": null,
            "revenue": 1098157,
            "revenue_4q": null,
            "common_shares": 866450,
            "book_valuer_per_share": 22.49,
            "book_valuer_per_share_4q_avg": 22.14,
            "equity": 1948415,
            "current_ratio": 68.34,
            "debt_ratio": 63.22,
            "inventory_turnover_ratio": 3.69,
            "account_receivable_turnover_ratio": 1.66,
            "reinvestment_rate": 326.82,
            "research_to_sale_ratio": 3.67,
            "price_fair": 126.47,
            "eps_avg_yearly": 3.61,
            "eps_latest_yearly": 2.8,
            "eps_growth_yearly": 1939.24
        },
        "20134": {
            "year_quarter": 20134,
            "year": 2013,
            "quarter": 4,
            "eps": 1.49,
            "eps_growth_year": null,
            "eps_4q": 1.61,
            "eps_4q_growth_year": null,
            "roe": 5.58,
            "roe_4q": 6.18,
            "gross_profit": 290202,
            "gross_margin": 19.16,
            "gross_margin_4q_avg": 14.8,
            "net_income": 151498,
            "net_income_4q": null,
            "revenue": 1514933,
            "revenue_4q": null,
            "common_shares": 1016450,
            "book_valuer_per_share": 34.33,
            "book_valuer_per_share_4q_avg": 25.12,
            "equity": 3479388,
            "current_ratio": 108.79,
            "debt_ratio": 48.39,
            "inventory_turnover_ratio": 4.58,
            "account_receivable_turnover_ratio": 1.2,
            "reinvestment_rate": 325.99,
            "research_to_sale_ratio": 3.67,
            "price_fair": 141.71,
            "eps_avg_yearly": 4.05,
            "eps_latest_yearly": 5.96,
            "eps_growth_yearly": 2001.46
        },
        "20141": {
            "year_quarter": 20141,
            "year": 2014,
            "quarter": 1,
            "eps": 0.22,
            "eps_growth_year": null,
            "eps_4q": 2.33,
            "eps_4q_growth_year": null,
            "roe": 0.64,
            "roe_4q": 9.469999999999999,
            "gross_profit": 114334,
            "gross_margin": 13.88,
            "gross_margin_4q_avg": 16.17,
            "net_income": 22456,
            "net_income_4q": null,
            "revenue": 823837,
            "revenue_4q": null,
            "common_shares": 1016450,
            "book_valuer_per_share": 34.59,
            "book_valuer_per_share_4q_avg": 28.34,
            "equity": 3505273,
            "current_ratio": 118.46,
            "debt_ratio": 41.67,
            "inventory_turnover_ratio": 2.8,
            "account_receivable_turnover_ratio": 0.74,
            "reinvestment_rate": 271.32,
            "research_to_sale_ratio": 4.48,
            "price_fair": 136.42,
            "eps_avg_yearly": 3.9,
            "eps_latest_yearly": 0.88,
            "eps_growth_yearly": 1959.22
        },
        "20142": {
            "year_quarter": 20142,
            "year": 2014,
            "quarter": 2,
            "eps": -1.02,
            "eps_growth_year": -5200,
            "eps_4q": 1.3,
            "eps_4q_growth_year": null,
            "roe": -3.04,
            "roe_4q": 6.32,
            "gross_profit": -23381,
            "gross_margin": -6.97,
            "gross_margin_4q_avg": 10.36,
            "net_income": -103030,
            "net_income_4q": null,
            "revenue": 335384,
            "revenue_4q": null,
            "common_shares": 1016450,
            "book_valuer_per_share": 32.28,
            "book_valuer_per_share_4q_avg": 30.92,
            "equity": 3271887,
            "current_ratio": 141.07,
            "debt_ratio": 34.08,
            "inventory_turnover_ratio": 1.68,
            "account_receivable_turnover_ratio": 0.61,
            "reinvestment_rate": 300.33,
            "research_to_sale_ratio": 10.18,
            "price_fair": 150.85,
            "eps_avg_yearly": 4.31,
            "eps_latest_yearly": 0.88,
            "eps_growth_yearly": 2240.73
        },
        "20143": {
            "year_quarter": 20143,
            "year": 2014,
            "quarter": 3,
            "eps": -1.58,
            "eps_growth_year": -325.71,
            "eps_4q": -0.88,
            "eps_4q_growth_year": null,
            "roe": -4.99,
            "roe_4q": -1.8100000000000014,
            "gross_profit": -95705,
            "gross_margin": -40.34,
            "gross_margin_4q_avg": -3.57,
            "net_income": -160285,
            "net_income_4q": null,
            "revenue": 237242,
            "revenue_4q": null,
            "common_shares": 1016450,
            "book_valuer_per_share": 31.09,
            "book_valuer_per_share_4q_avg": 33.07,
            "equity": 3151099,
            "current_ratio": 146.98,
            "debt_ratio": 31.36,
            "inventory_turnover_ratio": 2.04,
            "account_receivable_turnover_ratio": 0.87,
            "reinvestment_rate": 604.05,
            "research_to_sale_ratio": 14.95,
            "price_fair": 144,
            "eps_avg_yearly": 4.11,
            "eps_latest_yearly": 0.88,
            "eps_growth_yearly": 2077.03
        },
        "20144": {
            "year_quarter": 20144,
            "year": 2014,
            "quarter": 4,
            "eps": -1.68,
            "eps_growth_year": -212.71,
            "eps_4q": -4.06,
            "eps_4q_growth_year": -352.04,
            "roe": -5.53,
            "roe_4q": -12.919999999999998,
            "gross_profit": -106813,
            "gross_margin": -47,
            "gross_margin_4q_avg": -20.11,
            "net_income": -170760,
            "net_income_4q": null,
            "revenue": 227248,
            "revenue_4q": null,
            "common_shares": 1016450,
            "book_valuer_per_share": 29.83,
            "book_valuer_per_share_4q_avg": 31.95,
            "equity": 3023336,
            "current_ratio": 142.07,
            "debt_ratio": 32.55,
            "inventory_turnover_ratio": 2.29,
            "account_receivable_turnover_ratio": 1.11,
            "reinvestment_rate": null,
            "research_to_sale_ratio": 16.69,
            "price_fair": 103.83,
            "eps_avg_yearly": 2.97,
            "eps_latest_yearly": 0.88,
            "eps_growth_yearly": 2360.76
        },
        "20151": {
            "year_quarter": 20151,
            "year": 2015,
            "quarter": 1,
            "eps": -2.15,
            "eps_growth_year": -1077.27,
            "eps_4q": -6.43,
            "eps_4q_growth_year": -375.56,
            "roe": -7.48,
            "roe_4q": -21.04,
            "gross_profit": -131380,
            "gross_margin": -71.66,
            "gross_margin_4q_avg": -41.49,
            "net_income": -217476,
            "net_income_4q": null,
            "revenue": 183326,
            "revenue_4q": null,
            "common_shares": 1016450,
            "book_valuer_per_share": 27.55,
            "book_valuer_per_share_4q_avg": 30.19,
            "equity": 2791995,
            "current_ratio": 135.05,
            "debt_ratio": 34.4,
            "inventory_turnover_ratio": 2.48,
            "account_receivable_turnover_ratio": 0.9,
            "reinvestment_rate": null,
            "research_to_sale_ratio": 20.74,
            "price_fair": 95.48,
            "eps_avg_yearly": 2.73,
            "eps_latest_yearly": 0.88,
            "eps_growth_yearly": 2882.66
        },
        "20152": {
            "year_quarter": 20152,
            "year": 2015,
            "quarter": 2,
            "eps": -1.93,
            "eps_growth_year": null,
            "eps_4q": -7.34,
            "eps_4q_growth_year": -666.44,
            "roe": -7.26,
            "roe_4q": -25.259999999999998,
            "gross_profit": -111700,
            "gross_margin": -42.63,
            "gross_margin_4q_avg": -50.41,
            "net_income": -195108,
            "net_income_4q": null,
            "revenue": 262023,
            "revenue_4q": null,
            "common_shares": 1016450,
            "book_valuer_per_share": 25.46,
            "book_valuer_per_share_4q_avg": 28.48,
            "equity": 2580277,
            "current_ratio": 119.7,
            "debt_ratio": 39.39,
            "inventory_turnover_ratio": 3.1,
            "account_receivable_turnover_ratio": 1.11,
            "reinvestment_rate": null,
            "research_to_sale_ratio": 14.99,
            "price_fair": 111.65,
            "eps_avg_yearly": 3.19,
            "eps_latest_yearly": 0.88,
            "eps_growth_yearly": 3682.17
        },
        "20153": {
            "year_quarter": 20153,
            "year": 2015,
            "quarter": 3,
            "eps": -1.52,
            "eps_growth_year": null,
            "eps_4q": -7.27,
            "eps_4q_growth_year": null,
            "roe": -6.14,
            "roe_4q": -26.41,
            "gross_profit": -81561,
            "gross_margin": -30.05,
            "gross_margin_4q_avg": -47.84,
            "net_income": -153491,
            "net_income_4q": null,
            "revenue": 271456,
            "revenue_4q": null,
            "common_shares": 1016450,
            "book_valuer_per_share": 23.88,
            "book_valuer_per_share_4q_avg": 26.68,
            "equity": 2419883,
            "current_ratio": 108.02,
            "debt_ratio": 41.17,
            "inventory_turnover_ratio": 2.88,
            "account_receivable_turnover_ratio": 0.93,
            "reinvestment_rate": null,
            "research_to_sale_ratio": 14.67,
            "price_fair": 112.47,
            "eps_avg_yearly": 3.21,
            "eps_latest_yearly": 0.88,
            "eps_growth_yearly": 4570.16
        },
        "20154": {
            "year_quarter": 20154,
            "year": 2015,
            "quarter": 4,
            "eps": -1.45,
            "eps_growth_year": null,
            "eps_4q": -7.04,
            "eps_4q_growth_year": null,
            "roe": -6.3,
            "roe_4q": -27.18,
            "gross_profit": -53301,
            "gross_margin": -19.8,
            "gross_margin_4q_avg": -41.04,
            "net_income": -147136,
            "net_income_4q": null,
            "revenue": 269156,
            "revenue_4q": null,
            "common_shares": 1016450,
            "book_valuer_per_share": 22.22,
            "book_valuer_per_share_4q_avg": 24.78,
            "equity": 2252058,
            "current_ratio": 106.57,
            "debt_ratio": 43.16,
            "inventory_turnover_ratio": 2.94,
            "account_receivable_turnover_ratio": 1.02,
            "reinvestment_rate": null,
            "research_to_sale_ratio": 14.79,
            "price_fair": 112.47,
            "eps_avg_yearly": 3.21,
            "eps_latest_yearly": 0.88,
            "eps_growth_yearly": 4570.16
        },
        "20161": {
            "year_quarter": 20161,
            "year": 2016,
            "quarter": 1,
            "eps": -1.68,
            "eps_growth_year": null,
            "eps_4q": -6.57,
            "eps_4q_growth_year": null,
            "roe": -7.91,
            "roe_4q": -27.61,
            "gross_profit": -82978,
            "gross_margin": -41.75,
            "gross_margin_4q_avg": -33.56,
            "net_income": -170505,
            "net_income_4q": null,
            "revenue": 198735,
            "revenue_4q": null,
            "common_shares": 1016450,
            "book_valuer_per_share": 20.32,
            "book_valuer_per_share_4q_avg": 22.97,
            "equity": 2059709,
            "current_ratio": 105.53,
            "debt_ratio": 42.02,
            "inventory_turnover_ratio": 2.8,
            "account_receivable_turnover_ratio": 0.81,
            "reinvestment_rate": null,
            "research_to_sale_ratio": 18.86,
            "price_fair": 112.47,
            "eps_avg_yearly": 3.21,
            "eps_latest_yearly": 0.88,
            "eps_growth_yearly": 4570.16
        },
        "20162": {
            "year_quarter": 20162,
            "year": 2016,
            "quarter": 2,
            "eps": -1.51,
            "eps_growth_year": null,
            "eps_4q": -6.15,
            "eps_4q_growth_year": null,
            "roe": -7.76,
            "roe_4q": -28.11,
            "gross_profit": -72145,
            "gross_margin": -26.38,
            "gross_margin_4q_avg": -29.5,
            "net_income": -152556,
            "net_income_4q": null,
            "revenue": 273477,
            "revenue_4q": null,
            "common_shares": 1016450,
            "book_valuer_per_share": 18.45,
            "book_valuer_per_share_4q_avg": 21.22,
            "equity": 1870212,
            "current_ratio": 102.17,
            "debt_ratio": 44.71,
            "inventory_turnover_ratio": 4.02,
            "account_receivable_turnover_ratio": 0.91,
            "reinvestment_rate": null,
            "research_to_sale_ratio": 13.85,
            "price_fair": 112.47,
            "eps_avg_yearly": 3.21,
            "eps_latest_yearly": 0.88,
            "eps_growth_yearly": 4570.16
        },
        "20163": {
            "year_quarter": 20163,
            "year": 2016,
            "quarter": 3,
            "eps": -1.5,
            "eps_growth_year": null,
            "eps_4q": -6.14,
            "eps_4q_growth_year": null,
            "roe": -8.5,
            "roe_4q": -30.47,
            "gross_profit": -52663,
            "gross_margin": -19.46,
            "gross_margin_4q_avg": -26.85,
            "net_income": -151715,
            "net_income_4q": null,
            "revenue": 270608,
            "revenue_4q": null,
            "common_shares": 1016450,
            "book_valuer_per_share": 16.75,
            "book_valuer_per_share_4q_avg": 19.44,
            "equity": 1697630,
            "current_ratio": 99.99,
            "debt_ratio": 45.12,
            "inventory_turnover_ratio": 4.16,
            "account_receivable_turnover_ratio": 0.82,
            "reinvestment_rate": null,
            "research_to_sale_ratio": 14.07,
            "price_fair": 112.47,
            "eps_avg_yearly": 3.21,
            "eps_latest_yearly": 0.88,
            "eps_growth_yearly": 4570.16
        },
        "20164": {
            "year_quarter": 20164,
            "year": 2016,
            "quarter": 4,
            "eps": -0.66,
            "eps_growth_year": null,
            "eps_4q": -5.35,
            "eps_4q_growth_year": null,
            "roe": -4.09,
            "roe_4q": -28.26,
            "gross_profit": 5938,
            "gross_margin": 1.63,
            "gross_margin_4q_avg": -21.49,
            "net_income": -67214,
            "net_income_4q": null,
            "revenue": 364682,
            "revenue_4q": null,
            "common_shares": 1013490,
            "book_valuer_per_share": 15.66,
            "book_valuer_per_share_4q_avg": 17.8,
            "equity": 1586754,
            "current_ratio": 117.89,
            "debt_ratio": 47.47,
            "inventory_turnover_ratio": 4.12,
            "account_receivable_turnover_ratio": 0.97,
            "reinvestment_rate": null,
            "research_to_sale_ratio": 10.34,
            "price_fair": 112.47,
            "eps_avg_yearly": 3.21,
            "eps_latest_yearly": 0.88,
            "eps_growth_yearly": 4570.16
        },
        "20171": {
            "year_quarter": 20171,
            "year": 2017,
            "quarter": 1,
            "eps": -0.55,
            "eps_growth_year": null,
            "eps_4q": -4.21,
            "eps_4q_growth_year": null,
            "roe": -3.55,
            "roe_4q": -23.9,
            "gross_profit": -14391,
            "gross_margin": -5.78,
            "gross_margin_4q_avg": -12.5,
            "net_income": -55377,
            "net_income_4q": null,
            "revenue": 248982,
            "revenue_4q": null,
            "common_shares": 1013490,
            "book_valuer_per_share": 15.14,
            "book_valuer_per_share_4q_avg": 16.5,
            "equity": 1534337,
            "current_ratio": 135.53,
            "debt_ratio": 40.56,
            "inventory_turnover_ratio": 3.19,
            "account_receivable_turnover_ratio": 0.66,
            "reinvestment_rate": null,
            "research_to_sale_ratio": 16.22,
            "price_fair": 112.47,
            "eps_avg_yearly": 3.21,
            "eps_latest_yearly": 0.88,
            "eps_growth_yearly": 4570.16
        },
        "20172": {
            "year_quarter": 20172,
            "year": 2017,
            "quarter": 2,
            "eps": -1.35,
            "eps_growth_year": null,
            "eps_4q": -4.06,
            "eps_4q_growth_year": null,
            "roe": -9.28,
            "roe_4q": -25.419999999999998,
            "gross_profit": -69299,
            "gross_margin": -31.5,
            "gross_margin_4q_avg": -13.78,
            "net_income": -136887,
            "net_income_4q": null,
            "revenue": 220000,
            "revenue_4q": null,
            "common_shares": 1013490,
            "book_valuer_per_share": 13.98,
            "book_valuer_per_share_4q_avg": 15.38,
            "equity": 1417084,
            "current_ratio": 128.75,
            "debt_ratio": 41.75,
            "inventory_turnover_ratio": 3.99,
            "account_receivable_turnover_ratio": 0.75,
            "reinvestment_rate": null,
            "research_to_sale_ratio": 18.28,
            "price_fair": 112.47,
            "eps_avg_yearly": 3.21,
            "eps_latest_yearly": 0.88,
            "eps_growth_yearly": 4570.16
        },
        "20173": {
            "year_quarter": 20173,
            "year": 2017,
            "quarter": 3,
            "eps": -1.39,
            "eps_growth_year": null,
            "eps_4q": -2.7,
            "eps_4q_growth_year": null,
            "roe": -8.52,
            "roe_4q": -25.439999999999998,
            "gross_profit": -84775,
            "gross_margin": -40.72,
            "gross_margin_4q_avg": -19.09,
            "net_income": -167508,
            "net_income_4q": null,
            "revenue": 208166,
            "revenue_4q": null,
            "common_shares": 1583579,
            "book_valuer_per_share": 15.89,
            "book_valuer_per_share_4q_avg": 15.17,
            "equity": 2516166,
            "current_ratio": 248.81,
            "debt_ratio": 28.48,
            "inventory_turnover_ratio": 4.31,
            "account_receivable_turnover_ratio": 0.76,
            "reinvestment_rate": null,
            "research_to_sale_ratio": 19.27,
            "price_fair": 119.7,
            "eps_avg_yearly": 3.42,
            "eps_latest_yearly": 0.88,
            "eps_growth_yearly": 55.24
        },
        "20174": {
            "year_quarter": 20174,
            "year": 2017,
            "quarter": 4,
            "eps": -1.04,
            "eps_growth_year": null,
            "eps_4q": -3.32,
            "eps_4q_growth_year": null,
            "roe": -6.78,
            "roe_4q": -28.13,
            "gross_profit": -73767,
            "gross_margin": -36.98,
            "gross_margin_4q_avg": -28.75,
            "net_income": -165245,
            "net_income_4q": null,
            "revenue": 199480,
            "revenue_4q": null,
            "common_shares": 1583579,
            "book_valuer_per_share": 14.91,
            "book_valuer_per_share_4q_avg": 14.98,
            "equity": 2360531,
            "current_ratio": 239.67,
            "debt_ratio": 29.25,
            "inventory_turnover_ratio": 3.47,
            "account_receivable_turnover_ratio": 0.71,
            "reinvestment_rate": null,
            "research_to_sale_ratio": 20.99,
            "price_fair": 2.64,
            "eps_avg_yearly": 0.88,
            "eps_latest_yearly": 0.88,
            "eps_growth_yearly": -340.94
        },
        "20181": {
            "year_quarter": 20181,
            "year": 2018,
            "quarter": 1,
            "eps": -1.2,
            "eps_growth_year": null,
            "eps_4q": -4.16,
            "eps_4q_growth_year": null,
            "roe": -8.3,
            "roe_4q": -32.88,
            "gross_profit": -89685,
            "gross_margin": -52.3,
            "gross_margin_4q_avg": -40.38,
            "net_income": -189516,
            "net_income_4q": null,
            "revenue": 171471,
            "revenue_4q": null,
            "common_shares": 1583579,
            "book_valuer_per_share": 13.93,
            "book_valuer_per_share_4q_avg": 14.68,
            "equity": 2206222,
            "current_ratio": 227.05,
            "debt_ratio": 29.89,
            "inventory_turnover_ratio": 2.8,
            "account_receivable_turnover_ratio": 0.65,
            "reinvestment_rate": null,
            "research_to_sale_ratio": 26.41,
            "price_fair": 0,
            "eps_avg_yearly": 0,
            "eps_latest_yearly": 0,
            "eps_growth_yearly": 0
        },
        "20182": {
            "year_quarter": 20182,
            "year": 2018,
            "quarter": 2,
            "eps": -0.82,
            "eps_growth_year": null,
            "eps_4q": -4.06,
            "eps_4q_growth_year": null,
            "roe": -6.15,
            "roe_4q": -29.75,
            "gross_profit": -101141,
            "gross_margin": -30.37,
            "gross_margin_4q_avg": -40.09,
            "net_income": -129532,
            "net_income_4q": null,
            "revenue": 333028,
            "revenue_4q": null,
            "common_shares": 1603579,
            "book_valuer_per_share": 12.52,
            "book_valuer_per_share_4q_avg": 14.31,
            "equity": 2007831,
            "current_ratio": 167.61,
            "debt_ratio": 37.44,
            "inventory_turnover_ratio": 3.81,
            "account_receivable_turnover_ratio": 0.99,
            "reinvestment_rate": null,
            "research_to_sale_ratio": 14.33,
            "price_fair": 0,
            "eps_avg_yearly": 0,
            "eps_latest_yearly": 0,
            "eps_growth_yearly": 0
        },
        "20183": {
            "year_quarter": 20183,
            "year": 2018,
            "quarter": 3,
            "eps": 0.19,
            "eps_growth_year": null,
            "eps_4q": -2.83,
            "eps_4q_growth_year": null,
            "roe": 1.49,
            "roe_4q": -19.740000000000002,
            "gross_profit": 118319,
            "gross_margin": 16.62,
            "gross_margin_4q_avg": -25.76,
            "net_income": 29709,
            "net_income_4q": null,
            "revenue": 711895,
            "revenue_4q": null,
            "common_shares": 1603579,
            "book_valuer_per_share": 12.4,
            "book_valuer_per_share_4q_avg": 13.44,
            "equity": 1987843,
            "current_ratio": 164.09,
            "debt_ratio": 38.5,
            "inventory_turnover_ratio": 4.15,
            "account_receivable_turnover_ratio": 1.11,
            "reinvestment_rate": null,
            "research_to_sale_ratio": 7.95,
            "price_fair": 0,
            "eps_avg_yearly": 0,
            "eps_latest_yearly": 0,
            "eps_growth_yearly": 0
        },
        "20184": {
            "year_quarter": 20184,
            "year": 2018,
            "quarter": 4,
            "eps": -0.13,
            "eps_growth_year": null,
            "eps_4q": -1.94,
            "eps_4q_growth_year": null,
            "roe": -1.08,
            "roe_4q": -14.040000000000001,
            "gross_profit": 59065,
            "gross_margin": 13.66,
            "gross_margin_4q_avg": -13.1,
            "net_income": -21338,
            "net_income_4q": null,
            "revenue": 432430,
            "revenue_4q": null,
            "common_shares": 1603579,
            "book_valuer_per_share": 12.27,
            "book_valuer_per_share_4q_avg": 12.78,
            "equity": 1967758,
            "current_ratio": 152.97,
            "debt_ratio": 38.45,
            "inventory_turnover_ratio": 2.11,
            "account_receivable_turnover_ratio": 0.57,
            "reinvestment_rate": null,
            "research_to_sale_ratio": 11.5,
            "price_fair": 0,
            "eps_avg_yearly": 0,
            "eps_latest_yearly": 0,
            "eps_growth_yearly": 0
        },
        "20191": {
            "year_quarter": 20191,
            "year": 2019,
            "quarter": 1,
            "eps": 0.64,
            "eps_growth_year": null,
            "eps_4q": -0.12,
            "eps_4q_growth_year": null,
            "roe": 4.99,
            "roe_4q": -0.75,
            "gross_profit": 210855,
            "gross_margin": 32.76,
            "gross_margin_4q_avg": 8.17,
            "net_income": 101490,
            "net_income_4q": null,
            "revenue": 643732,
            "revenue_4q": null,
            "common_shares": 1603579,
            "book_valuer_per_share": 13.1,
            "book_valuer_per_share_4q_avg": 12.57,
            "equity": 2100970,
            "current_ratio": 163.03,
            "debt_ratio": 35.93,
            "inventory_turnover_ratio": 2.27,
            "account_receivable_turnover_ratio": 0.91,
            "reinvestment_rate": null,
            "research_to_sale_ratio": 9.63,
            "price_fair": 0,
            "eps_avg_yearly": 0,
            "eps_latest_yearly": 0,
            "eps_growth_yearly": 0
        },
        "20192": {
            "year_quarter": 20192,
            "year": 2019,
            "quarter": 2,
            "eps": 1.39,
            "eps_growth_year": null,
            "eps_4q": 2.06,
            "eps_4q_growth_year": null,
            "roe": 9.97,
            "roe_4q": 15.370000000000001,
            "gross_profit": 404896,
            "gross_margin": 38.31,
            "gross_margin_4q_avg": 25.34,
            "net_income": 219480,
            "net_income_4q": null,
            "revenue": 1056774,
            "revenue_4q": null,
            "common_shares": 1600494,
            "book_valuer_per_share": 14.4,
            "book_valuer_per_share_4q_avg": 13.04,
            "equity": 2303918,
            "current_ratio": 144.34,
            "debt_ratio": 40.86,
            "inventory_turnover_ratio": 3.97,
            "account_receivable_turnover_ratio": 1.24,
            "reinvestment_rate": null,
            "research_to_sale_ratio": 9.08,
            "price_fair": 194.6,
            "eps_avg_yearly": 5.56,
            "eps_latest_yearly": 5.56,
            "eps_growth_yearly": 468.75
        },
        "20193": {
            "year_quarter": 20193,
            "year": 2019,
            "quarter": 3,
            "eps": 0.67,
            "eps_growth_year": 252.63,
            "eps_4q": 2.24,
            "eps_4q_growth_year": null,
            "roe": 3.37,
            "roe_4q": 17.25,
            "gross_profit": 352387,
            "gross_margin": 37.05,
            "gross_margin_4q_avg": 30.45,
            "net_income": 114578,
            "net_income_4q": null,
            "revenue": 951029,
            "revenue_4q": null,
            "common_shares": 1850494,
            "book_valuer_per_share": 24.34,
            "book_valuer_per_share_4q_avg": 16.03,
            "equity": 4503654,
            "current_ratio": 276.55,
            "debt_ratio": 30.46,
            "inventory_turnover_ratio": 4.06,
            "account_receivable_turnover_ratio": 1,
            "reinvestment_rate": null,
            "research_to_sale_ratio": 12.02,
            "price_fair": 144.2,
            "eps_avg_yearly": 4.12,
            "eps_latest_yearly": 2.68,
            "eps_growth_yearly": 130.78
        },
        "20194": {
            "year_quarter": 20194,
            "year": 2019,
            "quarter": 4,
            "eps": 0.38,
            "eps_growth_year": null,
            "eps_4q": 2.74,
            "eps_4q_growth_year": null,
            "roe": 1.56,
            "roe_4q": 19.89,
            "gross_profit": 318424,
            "gross_margin": 38.79,
            "gross_margin_4q_avg": 36.73,
            "net_income": 71044,
            "net_income_4q": null,
            "revenue": 820801,
            "revenue_4q": null,
            "common_shares": 1850494,
            "book_valuer_per_share": 24.73,
            "book_valuer_per_share_4q_avg": 19.14,
            "equity": 4576956,
            "current_ratio": 256.26,
            "debt_ratio": 33.52,
            "inventory_turnover_ratio": 2.79,
            "account_receivable_turnover_ratio": 0.9,
            "reinvestment_rate": null,
            "research_to_sale_ratio": 10.77,
            "price_fair": 113.87,
            "eps_avg_yearly": 3.25,
            "eps_latest_yearly": 1.52,
            "eps_growth_yearly": 29.47
        },
        "20201": {
            "year_quarter": 20201,
            "year": 2020,
            "quarter": 1,
            "eps": -0.61,
            "eps_growth_year": -195.31,
            "eps_4q": 1.59,
            "eps_4q_growth_year": null,
            "roe": -2.48,
            "roe_4q": 12.420000000000002,
            "gross_profit": 12988,
            "gross_margin": 3.13,
            "gross_margin_4q_avg": 29.32,
            "net_income": -111543,
            "net_income_4q": null,
            "revenue": 414866,
            "revenue_4q": null,
            "common_shares": 1850494,
            "book_valuer_per_share": 23.98,
            "book_valuer_per_share_4q_avg": 21.86,
            "equity": 4436571,
            "current_ratio": 263.29,
            "debt_ratio": 33.96,
            "inventory_turnover_ratio": 1.99,
            "account_receivable_turnover_ratio": 0.63,
            "reinvestment_rate": null,
            "research_to_sale_ratio": 19.13,
            "price_fair": 113.87,
            "eps_avg_yearly": 3.25,
            "eps_latest_yearly": 1.52,
            "eps_growth_yearly": 29.47
        },
        "20202": {
            "year_quarter": 20202,
            "year": 2020,
            "quarter": 2,
            "eps": -0.41,
            "eps_growth_year": -129.5,
            "eps_4q": -0,
            "eps_4q_growth_year": -100.17,
            "roe": -1.7,
            "roe_4q": 0.7500000000000004,
            "gross_profit": 78549,
            "gross_margin": 11.12,
            "gross_margin_4q_avg": 22.52,
            "net_income": -74734,
            "net_income_4q": null,
            "revenue": 706549,
            "revenue_4q": null,
            "common_shares": 1849139,
            "book_valuer_per_share": 23.63,
            "book_valuer_per_share_4q_avg": 24.17,
            "equity": 4369467,
            "current_ratio": 240.96,
            "debt_ratio": 37.4,
            "inventory_turnover_ratio": 3.07,
            "account_receivable_turnover_ratio": 1.23,
            "reinvestment_rate": null,
            "research_to_sale_ratio": 12.92,
            "price_fair": 113.87,
            "eps_avg_yearly": 3.25,
            "eps_latest_yearly": 1.52,
            "eps_growth_yearly": 29.47
        },
        "20203": {
            "year_quarter": 20203,
            "year": 2020,
            "quarter": 3,
            "eps": -0.33,
            "eps_growth_year": -149.25,
            "eps_4q": -0.95,
            "eps_4q_growth_year": -142.35,
            "roe": -1.38,
            "roe_4q": -4,
            "gross_profit": 98043,
            "gross_margin": 12.76,
            "gross_margin_4q_avg": 16.45,
            "net_income": -60051,
            "net_income_4q": null,
            "revenue": 768443,
            "revenue_4q": null,
            "common_shares": 1849139,
            "book_valuer_per_share": 23.5,
            "book_valuer_per_share_4q_avg": 23.96,
            "equity": 4345152,
            "current_ratio": 241.09,
            "debt_ratio": 38.16,
            "inventory_turnover_ratio": 3.14,
            "account_receivable_turnover_ratio": 1.01,
            "reinvestment_rate": null,
            "research_to_sale_ratio": 12.81,
            "price_fair": 113.87,
            "eps_avg_yearly": 3.25,
            "eps_latest_yearly": 1.52,
            "eps_growth_yearly": 29.47
        },
        "20204": {
            "year_quarter": 20204,
            "year": 2020,
            "quarter": 4,
            "eps": -0.17,
            "eps_growth_year": -143.05,
            "eps_4q": -1.5,
            "eps_4q_growth_year": -154.7,
            "roe": -0.7,
            "roe_4q": -6.26,
            "gross_profit": 153661,
            "gross_margin": 19.14,
            "gross_margin_4q_avg": 11.54,
            "net_income": -30563,
            "net_income_4q": null,
            "revenue": 802733,
            "revenue_4q": null,
            "common_shares": 1849139,
            "book_valuer_per_share": 23.61,
            "book_valuer_per_share_4q_avg": 23.68,
            "equity": 4366137,
            "current_ratio": 204.28,
            "debt_ratio": 41.63,
            "inventory_turnover_ratio": 2.41,
            "account_receivable_turnover_ratio": 0.93,
            "reinvestment_rate": null,
            "research_to_sale_ratio": 13.53,
            "price_fair": 113.87,
            "eps_avg_yearly": 3.25,
            "eps_latest_yearly": 1.52,
            "eps_growth_yearly": 29.47
        },
        "20211": {
            "year_quarter": 20211,
            "year": 2021,
            "quarter": 1,
            "eps": -0.54,
            "eps_growth_year": null,
            "eps_4q": -1.43,
            "eps_4q_growth_year": -190.01,
            "roe": -2.29,
            "roe_4q": -6.07,
            "gross_profit": 62041,
            "gross_margin": 8.09,
            "gross_margin_4q_avg": 12.78,
            "net_income": -98682,
            "net_income_4q": null,
            "revenue": 766584,
            "revenue_4q": null,
            "common_shares": 1849139,
            "book_valuer_per_share": 23.07,
            "book_valuer_per_share_4q_avg": 23.45,
            "equity": 4265049,
            "current_ratio": 233.43,
            "debt_ratio": 44.38,
            "inventory_turnover_ratio": 2.45,
            "account_receivable_turnover_ratio": 0.86,
            "reinvestment_rate": null,
            "research_to_sale_ratio": 13.62,
            "price_fair": 113.87,
            "eps_avg_yearly": 3.25,
            "eps_latest_yearly": 1.52,
            "eps_growth_yearly": 29.47
        },
        "20212": {
            "year_quarter": 20212,
            "year": 2021,
            "quarter": 2,
            "eps": -0.67,
            "eps_growth_year": null,
            "eps_4q": -1.7,
            "eps_4q_growth_year": null,
            "roe": -2.95,
            "roe_4q": -7.32,
            "gross_profit": 45144,
            "gross_margin": 7.23,
            "gross_margin_4q_avg": 11.81,
            "net_income": -123976,
            "net_income_4q": null,
            "revenue": 624476,
            "revenue_4q": null,
            "common_shares": 1841919,
            "book_valuer_per_share": 22.47,
            "book_valuer_per_share_4q_avg": 23.16,
            "equity": 4138389,
            "current_ratio": 208.22,
            "debt_ratio": 45.54,
            "inventory_turnover_ratio": 2.08,
            "account_receivable_turnover_ratio": 0.83,
            "reinvestment_rate": null,
            "research_to_sale_ratio": 16.99,
            "price_fair": 113.87,
            "eps_avg_yearly": 3.25,
            "eps_latest_yearly": 1.52,
            "eps_growth_yearly": 29.47
        },
        "20213": {
            "year_quarter": 20213,
            "year": 2021,
            "quarter": 3,
            "eps": -1.37,
            "eps_growth_year": null,
            "eps_4q": -2.74,
            "eps_4q_growth_year": null,
            "roe": -6.29,
            "roe_4q": -12.23,
            "gross_profit": -30839,
            "gross_margin": -6.31,
            "gross_margin_4q_avg": 7.04,
            "net_income": -252077,
            "net_income_4q": null,
            "revenue": 488411,
            "revenue_4q": null,
            "common_shares": 1841919,
            "book_valuer_per_share": 21.07,
            "book_valuer_per_share_4q_avg": 22.56,
            "equity": 3881806,
            "current_ratio": 174.15,
            "debt_ratio": 47.7,
            "inventory_turnover_ratio": 1.77,
            "account_receivable_turnover_ratio": 0.78,
            "reinvestment_rate": null,
            "research_to_sale_ratio": 22.48,
            "price_fair": 113.87,
            "eps_avg_yearly": 3.25,
            "eps_latest_yearly": 1.52,
            "eps_growth_yearly": 29.47
        },
        "20214": {
            "year_quarter": 20214,
            "year": 2021,
            "quarter": 4,
            "eps": -0.85,
            "eps_growth_year": null,
            "eps_4q": -3.43,
            "eps_4q_growth_year": null,
            "roe": -4.09,
            "roe_4q": -15.619999999999997,
            "gross_profit": 28383,
            "gross_margin": 5.26,
            "gross_margin_4q_avg": 3.57,
            "net_income": -156823,
            "net_income_4q": null,
            "revenue": 539382,
            "revenue_4q": null,
            "common_shares": 1841919,
            "book_valuer_per_share": 20.52,
            "book_valuer_per_share_4q_avg": 21.78,
            "equity": 3779530,
            "current_ratio": 154.58,
            "debt_ratio": 48.8,
            "inventory_turnover_ratio": 1.71,
            "account_receivable_turnover_ratio": 0.87,
            "reinvestment_rate": null,
            "research_to_sale_ratio": 21.76,
            "price_fair": 113.87,
            "eps_avg_yearly": 3.25,
            "eps_latest_yearly": 1.52,
            "eps_growth_yearly": 29.47
        },
        "20221": {
            "year_quarter": 20221,
            "year": 2022,
            "quarter": 1,
            "eps": -0.64,
            "eps_growth_year": null,
            "eps_4q": -3.53,
            "eps_4q_growth_year": null,
            "roe": -3.14,
            "roe_4q": -16.47,
            "gross_profit": 49376,
            "gross_margin": 8.88,
            "gross_margin_4q_avg": 3.77,
            "net_income": -117697,
            "net_income_4q": null,
            "revenue": 555732,
            "revenue_4q": null,
            "common_shares": 1841919,
            "book_valuer_per_share": 20.19,
            "book_valuer_per_share_4q_avg": 21.06,
            "equity": 3719074,
            "current_ratio": 203.61,
            "debt_ratio": 53.14,
            "inventory_turnover_ratio": 1.66,
            "account_receivable_turnover_ratio": 0.91,
            "reinvestment_rate": null,
            "research_to_sale_ratio": 20.58,
            "price_fair": 113.87,
            "eps_avg_yearly": 3.25,
            "eps_latest_yearly": 1.52,
            "eps_growth_yearly": 29.47
        },
        "20222": {
            "year_quarter": 20222,
            "year": 2022,
            "quarter": 2,
            "eps": -0.6,
            "eps_growth_year": null,
            "eps_4q": -3.45,
            "eps_4q_growth_year": null,
            "roe": -3.02,
            "roe_4q": -16.54,
            "gross_profit": 40369,
            "gross_margin": 9.56,
            "gross_margin_4q_avg": 4.35,
            "net_income": -109685,
            "net_income_4q": null,
            "revenue": 422127,
            "revenue_4q": null,
            "common_shares": 1841919,
            "book_valuer_per_share": 19.31,
            "book_valuer_per_share_4q_avg": 20.27,
            "equity": 3556517,
            "current_ratio": 203.63,
            "debt_ratio": 53.72,
            "inventory_turnover_ratio": 1.16,
            "account_receivable_turnover_ratio": 0.81,
            "reinvestment_rate": null,
            "research_to_sale_ratio": 24.4,
            "price_fair": 113.87,
            "eps_avg_yearly": 3.25,
            "eps_latest_yearly": 1.52,
            "eps_growth_yearly": 29.47
        },
        "20223": {
            "year_quarter": 20223,
            "year": 2022,
            "quarter": 3,
            "eps": -0.93,
            "eps_growth_year": null,
            "eps_4q": -3.02,
            "eps_4q_growth_year": null,
            "roe": -4.96,
            "roe_4q": -15.21,
            "gross_profit": -46088,
            "gross_margin": -15.48,
            "gross_margin_4q_avg": 2.06,
            "net_income": -171564,
            "net_income_4q": null,
            "revenue": 297693,
            "revenue_4q": null,
            "common_shares": 1841919,
            "book_valuer_per_share": 18.26,
            "book_valuer_per_share_4q_avg": 19.57,
            "equity": 3364026,
            "current_ratio": 196.73,
            "debt_ratio": 53.49,
            "inventory_turnover_ratio": 1.03,
            "account_receivable_turnover_ratio": 0.73,
            "reinvestment_rate": null,
            "research_to_sale_ratio": 33.52,
            "price_fair": 113.87,
            "eps_avg_yearly": 3.25,
            "eps_latest_yearly": 1.52,
            "eps_growth_yearly": 29.47
        },
        "20224": {
            "year_quarter": 20224,
            "year": 2022,
            "quarter": 4,
            "eps": -0.31,
            "eps_growth_year": null,
            "eps_4q": -2.48,
            "eps_4q_growth_year": null,
            "roe": -1.73,
            "roe_4q": -12.85,
            "gross_profit": -20090,
            "gross_margin": -6.22,
            "gross_margin_4q_avg": -0.82,
            "net_income": -57928,
            "net_income_4q": null,
            "revenue": 323115,
            "revenue_4q": null,
            "common_shares": 1841919,
            "book_valuer_per_share": 18,
            "book_valuer_per_share_4q_avg": 18.94,
            "equity": 3316191,
            "current_ratio": 188.08,
            "debt_ratio": 51.78,
            "inventory_turnover_ratio": 1.23,
            "account_receivable_turnover_ratio": 0.87,
            "reinvestment_rate": null,
            "research_to_sale_ratio": 30.89,
            "price_fair": 113.87,
            "eps_avg_yearly": 3.25,
            "eps_latest_yearly": 1.52,
            "eps_growth_yearly": 29.47
        },
        "20231": {
            "year_quarter": 20231,
            "year": 2023,
            "quarter": 1,
            "eps": -1.14,
            "eps_growth_year": null,
            "eps_4q": -2.99,
            "eps_4q_growth_year": null,
            "roe": -6.52,
            "roe_4q": -16.23,
            "gross_profit": -53838,
            "gross_margin": -16.99,
            "gross_margin_4q_avg": -7.28,
            "net_income": -210822,
            "net_income_4q": null,
            "revenue": 316900,
            "revenue_4q": null,
            "common_shares": 1841919,
            "book_valuer_per_share": 17.12,
            "book_valuer_per_share_4q_avg": 18.17,
            "equity": 3153944,
            "current_ratio": 163.99,
            "debt_ratio": 52.41,
            "inventory_turnover_ratio": 1.44,
            "account_receivable_turnover_ratio": 0.9,
            "reinvestment_rate": null,
            "research_to_sale_ratio": 25.77,
            "price_fair": 113.87,
            "eps_avg_yearly": 3.25,
            "eps_latest_yearly": 1.52,
            "eps_growth_yearly": 29.47
        },
        "20232": {
            "year_quarter": 20232,
            "year": 2023,
            "quarter": 2,
            "eps": -0.81,
            "eps_growth_year": null,
            "eps_4q": -3.2,
            "eps_4q_growth_year": null,
            "roe": -4.84,
            "roe_4q": -18.05,
            "gross_profit": -16703,
            "gross_margin": -4.7,
            "gross_margin_4q_avg": -10.85,
            "net_income": -149704,
            "net_income_4q": null,
            "revenue": 355097,
            "revenue_4q": null,
            "common_shares": 1841919,
            "book_valuer_per_share": 16.44,
            "book_valuer_per_share_4q_avg": 17.46,
            "equity": 3027891,
            "current_ratio": 154.78,
            "debt_ratio": 51.81,
            "inventory_turnover_ratio": 1.51,
            "account_receivable_turnover_ratio": 1.06,
            "reinvestment_rate": null,
            "research_to_sale_ratio": 23.33,
            "price_fair": 6.3,
            "eps_avg_yearly": 2.1,
            "eps_latest_yearly": 1.52,
            "eps_growth_yearly": -190.16
        },
        "20233": {
            "year_quarter": 20233,
            "year": 2023,
            "quarter": 3,
            "eps": -0.56,
            "eps_growth_year": null,
            "eps_4q": -2.83,
            "eps_4q_growth_year": null,
            "roe": -3.44,
            "roe_4q": -16.529999999999998,
            "gross_profit": 30748,
            "gross_margin": 7.16,
            "gross_margin_4q_avg": -5.19,
            "net_income": -102948,
            "net_income_4q": null,
            "revenue": 429684,
            "revenue_4q": null,
            "common_shares": 1841919,
            "book_valuer_per_share": 16.01,
            "book_valuer_per_share_4q_avg": 16.89,
            "equity": 2948827,
            "current_ratio": 148.03,
            "debt_ratio": 51.6,
            "inventory_turnover_ratio": 1.62,
            "account_receivable_turnover_ratio": 1.06,
            "reinvestment_rate": null,
            "research_to_sale_ratio": 19.25,
            "price_fair": 4.56,
            "eps_avg_yearly": 1.52,
            "eps_latest_yearly": 1.52,
            "eps_growth_yearly": -173.13
        }
    },
    "months": {
        "2008-07": {
            "month": "2008-07",
            "price": "23.37",
            "revenue": 81359
        },
        "2008-08": {
            "month": "2008-08",
            "price": "19.26",
            "revenue": 89882
        },
        "2008-09": {
            "month": "2008-09",
            "price": "14.89",
            "revenue": 93937
        },
        "2008-10": {
            "month": "2008-10",
            "price": "13.71",
            "revenue": 86846
        },
        "2008-11": {
            "month": "2008-11",
            "price": "11.12",
            "revenue": 42077
        },
        "2008-12": {
            "month": "2008-12",
            "price": "9.36",
            "revenue": 23422
        },
        "2009-01": {
            "month": "2009-01",
            "price": "9.92",
            "revenue": 30128
        },
        "2009-02": {
            "month": "2009-02",
            "price": "8.95",
            "revenue": 44852
        },
        "2009-03": {
            "month": "2009-03",
            "price": "9.34",
            "revenue": 69079
        },
        "2009-04": {
            "month": "2009-04",
            "price": "12.76",
            "revenue": 80435
        },
        "2009-05": {
            "month": "2009-05",
            "price": "15.07",
            "revenue": 89315
        },
        "2009-06": {
            "month": "2009-06",
            "price": "15.87",
            "revenue": 79505
        },
        "2009-07": {
            "month": "2009-07",
            "price": "26.04",
            "revenue": 90246
        },
        "2009-08": {
            "month": "2009-08",
            "price": "30.06",
            "revenue": 100919
        },
        "2009-09": {
            "month": "2009-09",
            "price": "34.06",
            "revenue": 105664
        },
        "2009-10": {
            "month": "2009-10",
            "price": "34.44",
            "revenue": 107995
        },
        "2009-11": {
            "month": "2009-11",
            "price": "35.15",
            "revenue": 81351
        },
        "2009-12": {
            "month": "2009-12",
            "price": "34.62",
            "revenue": 73408
        },
        "2010-01": {
            "month": "2010-01",
            "price": "48.91",
            "revenue": 89447
        },
        "2010-02": {
            "month": "2010-02",
            "price": "47.80",
            "revenue": 71597
        },
        "2010-03": {
            "month": "2010-03",
            "price": "63.10",
            "revenue": 101445
        },
        "2010-04": {
            "month": "2010-04",
            "price": "109.30",
            "revenue": 104129
        },
        "2010-05": {
            "month": "2010-05",
            "price": "142.40",
            "revenue": 87293
        },
        "2010-06": {
            "month": "2010-06",
            "price": "114.48",
            "revenue": 69100
        },
        "2010-07": {
            "month": "2010-07",
            "price": "125.16",
            "revenue": 110181
        },
        "2010-08": {
            "month": "2010-08",
            "price": "150.34",
            "revenue": 230803
        },
        "2010-09": {
            "month": "2010-09",
            "price": "146.74",
            "revenue": 346349
        },
        "2010-10": {
            "month": "2010-10",
            "price": "136.36",
            "revenue": 433260
        },
        "2010-11": {
            "month": "2010-11",
            "price": "159.07",
            "revenue": 437531
        },
        "2010-12": {
            "month": "2010-12",
            "price": "163.74",
            "revenue": 210729
        },
        "2011-01": {
            "month": "2011-01",
            "price": "154.40",
            "revenue": 208747
        },
        "2011-02": {
            "month": "2011-02",
            "price": "143.93",
            "revenue": 158155
        },
        "2011-03": {
            "month": "2011-03",
            "price": "141.37",
            "revenue": 181743
        },
        "2011-04": {
            "month": "2011-04",
            "price": "134.11",
            "revenue": 118657
        },
        "2011-05": {
            "month": "2011-05",
            "price": "115.02",
            "revenue": 138381
        },
        "2011-06": {
            "month": "2011-06",
            "price": "118.95",
            "revenue": 129514
        },
        "2011-07": {
            "month": "2011-07",
            "price": "104.77",
            "revenue": 205729
        },
        "2011-08": {
            "month": "2011-08",
            "price": "79.70",
            "revenue": 176311
        },
        "2011-09": {
            "month": "2011-09",
            "price": "59.14",
            "revenue": 121558
        },
        "2011-10": {
            "month": "2011-10",
            "price": "53.36",
            "revenue": 110470
        },
        "2011-11": {
            "month": "2011-11",
            "price": "51.20",
            "revenue": 103517
        },
        "2011-12": {
            "month": "2011-12",
            "price": "40.86",
            "revenue": 79815
        },
        "2012-01": {
            "month": "2012-01",
            "price": "45.68",
            "revenue": 45025
        },
        "2012-02": {
            "month": "2012-02",
            "price": "61.00",
            "revenue": 55805
        },
        "2012-03": {
            "month": "2012-03",
            "price": "60.12",
            "revenue": 100724
        },
        "2012-04": {
            "month": "2012-04",
            "price": "49.34",
            "revenue": 117396
        },
        "2012-05": {
            "month": "2012-05",
            "price": "44.59",
            "revenue": 119034
        },
        "2012-06": {
            "month": "2012-06",
            "price": "43.69",
            "revenue": 83397
        },
        "2012-07": {
            "month": "2012-07",
            "price": "44.68",
            "revenue": 96365
        },
        "2012-08": {
            "month": "2012-08",
            "price": "42.67",
            "revenue": 110356
        },
        "2012-09": {
            "month": "2012-09",
            "price": "42.90",
            "revenue": 138129
        },
        "2012-10": {
            "month": "2012-10",
            "price": "43.49",
            "revenue": 107517
        },
        "2012-11": {
            "month": "2012-11",
            "price": "43.13",
            "revenue": 100249
        },
        "2012-12": {
            "month": "2012-12",
            "price": "54.01",
            "revenue": 84387
        },
        "2013-01": {
            "month": "2013-01",
            "price": "60.74",
            "revenue": 92975
        },
        "2013-02": {
            "month": "2013-02",
            "price": "67.62",
            "revenue": 59583
        },
        "2013-03": {
            "month": "2013-03",
            "price": "86.20",
            "revenue": 93138
        },
        "2013-04": {
            "month": "2013-04",
            "price": "87.63",
            "revenue": 102177
        },
        "2013-05": {
            "month": "2013-05",
            "price": "94.85",
            "revenue": 113529
        },
        "2013-06": {
            "month": "2013-06",
            "price": "110.74",
            "revenue": 149649
        },
        "2013-07": {
            "month": "2013-07",
            "price": "117.28",
            "revenue": 168328
        },
        "2013-08": {
            "month": "2013-08",
            "price": "111.60",
            "revenue": 368275
        },
        "2013-09": {
            "month": "2013-09",
            "price": "104.41",
            "revenue": 561418
        },
        "2013-10": {
            "month": "2013-10",
            "price": "106.24",
            "revenue": 659679
        },
        "2013-11": {
            "month": "2013-11",
            "price": "69.65",
            "revenue": 446460
        },
        "2013-12": {
            "month": "2013-12",
            "price": "62.03",
            "revenue": 409711
        },
        "2014-01": {
            "month": "2014-01",
            "price": "65.94",
            "revenue": 361035
        },
        "2014-02": {
            "month": "2014-02",
            "price": "66.13",
            "revenue": 216538
        },
        "2014-03": {
            "month": "2014-03",
            "price": "66.82",
            "revenue": 243224
        },
        "2014-04": {
            "month": "2014-04",
            "price": "72.60",
            "revenue": 145130
        },
        "2014-05": {
            "month": "2014-05",
            "price": "62.72",
            "revenue": 118443
        },
        "2014-06": {
            "month": "2014-06",
            "price": "59.00",
            "revenue": 75991
        },
        "2014-07": {
            "month": "2014-07",
            "price": "48.86",
            "revenue": 70288
        },
        "2014-08": {
            "month": "2014-08",
            "price": "41.04",
            "revenue": 83124
        },
        "2014-09": {
            "month": "2014-09",
            "price": "43.77",
            "revenue": 85792
        },
        "2014-10": {
            "month": "2014-10",
            "price": "39.23",
            "revenue": 91852
        },
        "2014-11": {
            "month": "2014-11",
            "price": "34.72",
            "revenue": 63799
        },
        "2014-12": {
            "month": "2014-12",
            "price": "36.35",
            "revenue": 66565
        },
        "2015-01": {
            "month": "2015-01",
            "price": "38.58",
            "revenue": 72254
        },
        "2015-02": {
            "month": "2015-02",
            "price": "37.42",
            "revenue": 40670
        },
        "2015-03": {
            "month": "2015-03",
            "price": "37.12",
            "revenue": 70771
        },
        "2015-04": {
            "month": "2015-04",
            "price": "34.70",
            "revenue": 84873
        },
        "2015-05": {
            "month": "2015-05",
            "price": "26.00",
            "revenue": 81675
        },
        "2015-06": {
            "month": "2015-06",
            "price": "20.09",
            "revenue": 95294
        },
        "2015-07": {
            "month": "2015-07",
            "price": "20.46",
            "revenue": 86082
        },
        "2015-08": {
            "month": "2015-08",
            "price": "15.75",
            "revenue": 85533
        },
        "2015-09": {
            "month": "2015-09",
            "price": "15.60",
            "revenue": 98940
        },
        "2015-10": {
            "month": "2015-10",
            "price": "17.98",
            "revenue": 104675
        },
        "2015-11": {
            "month": "2015-11",
            "price": "17.92",
            "revenue": 84683
        },
        "2015-12": {
            "month": "2015-12",
            "price": "17.21",
            "revenue": 78395
        },
        "2016-01": {
            "month": "2016-01",
            "price": "14.73",
            "revenue": 82344
        },
        "2016-02": {
            "month": "2016-02",
            "price": "15.27",
            "revenue": 41336
        },
        "2016-03": {
            "month": "2016-03",
            "price": "16.13",
            "revenue": 74539
        },
        "2016-04": {
            "month": "2016-04",
            "price": "14.59",
            "revenue": 78398
        },
        "2016-05": {
            "month": "2016-05",
            "price": "13.30",
            "revenue": 101601
        },
        "2016-06": {
            "month": "2016-06",
            "price": "17.15",
            "revenue": 93091
        },
        "2016-07": {
            "month": "2016-07",
            "price": "24.03",
            "revenue": 87638
        },
        "2016-08": {
            "month": "2016-08",
            "price": "20.79",
            "revenue": 84097
        },
        "2016-09": {
            "month": "2016-09",
            "price": "20.72",
            "revenue": 97685
        },
        "2016-10": {
            "month": "2016-10",
            "price": "19.05",
            "revenue": 103030
        },
        "2016-11": {
            "month": "2016-11",
            "price": "17.95",
            "revenue": 123276
        },
        "2016-12": {
            "month": "2016-12",
            "price": "21.20",
            "revenue": 135312
        },
        "2017-01": {
            "month": "2017-01",
            "price": "22.35",
            "revenue": 79512
        },
        "2017-02": {
            "month": "2017-02",
            "price": "22.45",
            "revenue": 85051
        },
        "2017-03": {
            "month": "2017-03",
            "price": "42.52",
            "revenue": 84960
        },
        "2017-04": {
            "month": "2017-04",
            "price": "43.89",
            "revenue": 82807
        },
        "2017-05": {
            "month": "2017-05",
            "price": "45.98",
            "revenue": 72209
        },
        "2017-06": {
            "month": "2017-06",
            "price": "42.91",
            "revenue": 65544
        },
        "2017-07": {
            "month": "2017-07",
            "price": "41.92",
            "revenue": 75099
        },
        "2017-08": {
            "month": "2017-08",
            "price": "50.49",
            "revenue": 62696
        },
        "2017-09": {
            "month": "2017-09",
            "price": "53.58",
            "revenue": 71057
        },
        "2017-10": {
            "month": "2017-10",
            "price": "49.86",
            "revenue": 70792
        },
        "2017-11": {
            "month": "2017-11",
            "price": "50.43",
            "revenue": 73631
        },
        "2017-12": {
            "month": "2017-12",
            "price": "43.25",
            "revenue": 55618
        },
        "2018-01": {
            "month": "2018-01",
            "price": "43.00",
            "revenue": 66458
        },
        "2018-02": {
            "month": "2018-02",
            "price": "38.21",
            "revenue": 41275
        },
        "2018-03": {
            "month": "2018-03",
            "price": "40.16",
            "revenue": 62940
        },
        "2018-04": {
            "month": "2018-04",
            "price": "37.13",
            "revenue": 80890
        },
        "2018-05": {
            "month": "2018-05",
            "price": "34.52",
            "revenue": 104533
        },
        "2018-06": {
            "month": "2018-06",
            "price": "51.00",
            "revenue": 148842
        },
        "2018-07": {
            "month": "2018-07",
            "price": "58.15",
            "revenue": 220898
        },
        "2018-08": {
            "month": "2018-08",
            "price": "63.74",
            "revenue": 260984
        },
        "2018-09": {
            "month": "2018-09",
            "price": "67.45",
            "revenue": 229331
        },
        "2018-10": {
            "month": "2018-10",
            "price": "54.89",
            "revenue": 147389
        },
        "2018-11": {
            "month": "2018-11",
            "price": "52.97",
            "revenue": 150930
        },
        "2018-12": {
            "month": "2018-12",
            "price": "62.61",
            "revenue": 134111
        },
        "2019-01": {
            "month": "2019-01",
            "price": "72.05",
            "revenue": 207905
        },
        "2019-02": {
            "month": "2019-02",
            "price": "90.59",
            "revenue": 178758
        },
        "2019-03": {
            "month": "2019-03",
            "price": "106.34",
            "revenue": 256730
        },
        "2019-04": {
            "month": "2019-04",
            "price": "97.14",
            "revenue": 350211
        },
        "2019-05": {
            "month": "2019-05",
            "price": "104.87",
            "revenue": 382839
        },
        "2019-06": {
            "month": "2019-06",
            "price": "109.97",
            "revenue": 322570
        },
        "2019-07": {
            "month": "2019-07",
            "price": "111.15",
            "revenue": 315084
        },
        "2019-08": {
            "month": "2019-08",
            "price": "101.23",
            "revenue": 325290
        },
        "2019-09": {
            "month": "2019-09",
            "price": "106.79",
            "revenue": 309522
        },
        "2019-10": {
            "month": "2019-10",
            "price": "98.99",
            "revenue": 307629
        },
        "2019-11": {
            "month": "2019-11",
            "price": "91.29",
            "revenue": 288386
        },
        "2019-12": {
            "month": "2019-12",
            "price": "90.45",
            "revenue": 223937
        },
        "2020-01": {
            "month": "2020-01",
            "price": "85.97",
            "revenue": 138120
        },
        "2020-02": {
            "month": "2020-02",
            "price": "73.43",
            "revenue": 78789
        },
        "2020-03": {
            "month": "2020-03",
            "price": "51.29",
            "revenue": 197986
        },
        "2020-04": {
            "month": "2020-04",
            "price": "50.60",
            "revenue": 225779
        },
        "2020-05": {
            "month": "2020-05",
            "price": "51.73",
            "revenue": 242942
        },
        "2020-06": {
            "month": "2020-06",
            "price": "51.93",
            "revenue": 236961
        },
        "2020-07": {
            "month": "2020-07",
            "price": "49.34",
            "revenue": 226528
        },
        "2020-08": {
            "month": "2020-08",
            "price": "43.93",
            "revenue": 263855
        },
        "2020-09": {
            "month": "2020-09",
            "price": "42.94",
            "revenue": 279470
        },
        "2020-10": {
            "month": "2020-10",
            "price": "40.82",
            "revenue": 299335
        },
        "2020-11": {
            "month": "2020-11",
            "price": "46.64",
            "revenue": 269351
        },
        "2020-12": {
            "month": "2020-12",
            "price": "53.37",
            "revenue": 234503
        },
        "2021-01": {
            "month": "2021-01",
            "price": "50.76",
            "revenue": 271826
        },
        "2021-02": {
            "month": "2021-02",
            "price": "54.09",
            "revenue": 221909
        },
        "2021-03": {
            "month": "2021-03",
            "price": "56.48",
            "revenue": 272469
        },
        "2021-04": {
            "month": "2021-04",
            "price": "59.01",
            "revenue": 257284
        },
        "2021-05": {
            "month": "2021-05",
            "price": "45.77",
            "revenue": 207456
        },
        "2021-06": {
            "month": "2021-06",
            "price": "48.06",
            "revenue": 161392
        },
        "2021-07": {
            "month": "2021-07",
            "price": "46.23",
            "revenue": 145589
        },
        "2021-08": {
            "month": "2021-08",
            "price": "41.82",
            "revenue": 155936
        },
        "2021-09": {
            "month": "2021-09",
            "price": "40.46",
            "revenue": 188230
        },
        "2021-10": {
            "month": "2021-10",
            "price": "38.54",
            "revenue": 172114
        },
        "2021-11": {
            "month": "2021-11",
            "price": "39.91",
            "revenue": 180555
        },
        "2021-12": {
            "month": "2021-12",
            "price": "38.47",
            "revenue": 186327
        },
        "2022-01": {
            "month": "2022-01",
            "price": "37.42",
            "revenue": 199550
        },
        "2022-02": {
            "month": "2022-02",
            "price": "36.69",
            "revenue": 133652
        },
        "2022-03": {
            "month": "2022-03",
            "price": "33.73",
            "revenue": 221407
        },
        "2022-04": {
            "month": "2022-04",
            "price": "33.06",
            "revenue": 196940
        },
        "2022-05": {
            "month": "2022-05",
            "price": "28.93",
            "revenue": 138783
        },
        "2022-06": {
            "month": "2022-06",
            "price": "30.44",
            "revenue": 82823
        },
        "2022-07": {
            "month": "2022-07",
            "price": "28.68",
            "revenue": 85091
        },
        "2022-08": {
            "month": "2022-08",
            "price": "30.33",
            "revenue": 92350
        },
        "2022-09": {
            "month": "2022-09",
            "price": "31.26",
            "revenue": 114694
        },
        "2022-10": {
            "month": "2022-10",
            "price": "26.62",
            "revenue": 92927
        },
        "2022-11": {
            "month": "2022-11",
            "price": "29.75",
            "revenue": 119858
        },
        "2022-12": {
            "month": "2022-12",
            "price": "29.90",
            "revenue": 105672
        },
        "2023-01": {
            "month": "2023-01",
            "price": "28.61",
            "revenue": 88851
        },
        "2023-02": {
            "month": "2023-02",
            "price": "28.99",
            "revenue": 109402
        },
        "2023-03": {
            "month": "2023-03",
            "price": "30.34",
            "revenue": 119263
        },
        "2023-04": {
            "month": "2023-04",
            "price": "29.69",
            "revenue": 113365
        },
        "2023-05": {
            "month": "2023-05",
            "price": "29.44",
            "revenue": 131592
        },
        "2023-06": {
            "month": "2023-06",
            "price": "34.92",
            "revenue": 109736
        },
        "2023-07": {
            "month": "2023-07",
            "price": "33.81",
            "revenue": 125759
        },
        "2023-08": {
            "month": "2023-08",
            "price": "31.73",
            "revenue": 151150
        },
        "2023-09": {
            "month": "2023-09",
            "price": "33.23",
            "revenue": 152881
        },
        "2023-10": {
            "month": "2023-10",
            "price": "33.91",
            "revenue": 157648
        },
        "2023-11": {
            "month": "2023-11",
            "price": "33.56",
            "revenue": 150047
        },
        "2023-12": {
            "month": "2023-12",
            "price": "35.03",
            "revenue": 136856
        }
    }
}
