{
    "summary": {
        "stock_name": "晟楠",
        "stock_id": "3631",
        "category": "電子零組件",
        "main_business": "(有鉛,無鉛)銲錫條、錫絲、<br>(有鉛,無鉛)錫珠、錫膏、全(半)球<br>有(無)鉛助焊劑等相關產品",
        "website_url": "http://www.chernan.com",
        "ceo": "林朝榮",
        "pe_ratio": -48,
        "report_year_from": 2008,
        "report_year_to": 2023,
        "age": 16,
        "eps_negative_percentage": 50,
        "eps_growth_avg": {
            "last_all": -24.59,
            "last_2y": null,
            "last_4y": null,
            "last_8y": -100,
            "last_12y": -50.94,
            "last_16y": null,
            "last_20y": null,
            "at_2006_last_3y": null,
            "at_2007_last_3y": null,
            "at_2008_last_3y": null,
            "at_2009_last_3y": null,
            "at_2010_last_3y": null,
            "at_2011_last_3y": null,
            "at_2012_last_3y": 18.44,
            "at_2013_last_3y": -9.34,
            "at_2014_last_3y": -26.41,
            "at_2015_last_3y": -51.94,
            "at_2016_last_3y": -56.83,
            "at_2017_last_3y": -86.46,
            "at_2018_last_3y": -100,
            "at_2019_last_3y": -100,
            "at_2020_last_3y": -100,
            "at_2021_last_3y": null,
            "at_2022_last_3y": null,
            "at_2023_last_3y": null,
            "at_2024_last_3y": null,
            "at_2006_last_all": null,
            "at_2007_last_all": null,
            "at_2008_last_all": null,
            "at_2009_last_all": null,
            "at_2010_last_all": 54.46,
            "at_2011_last_all": 37.02,
            "at_2012_last_all": 18.44,
            "at_2013_last_all": 12.53,
            "at_2014_last_all": 0.55,
            "at_2015_last_all": -13.82,
            "at_2016_last_all": -13.82,
            "at_2017_last_all": -24.59,
            "at_2018_last_all": -24.59,
            "at_2019_last_all": -24.59,
            "at_2020_last_all": -24.59,
            "at_2021_last_all": -24.59,
            "at_2022_last_all": -24.59,
            "at_2023_last_all": -24.59,
            "at_2024_last_all": -24.59
        },
        "latest_eps": -0.76,
        "latest_price": 36.7,
        "latest_roe": -4.44,
        "latest_gross_margin": 15.68,
        "latest_equity": 1631441,
        "latest_revenue": 12806,
        "latest_gross_profit": 2008,
        "latest_net_income": -8309,
        "latest_debt_ratio": 44.14,
        "latest_current_ratio": 287.29,
        "latest_account_receivable_turnover_ratio": 0.87,
        "latest_inventory_turnover_ratio": 0.04,
        "latest_reinvestment_rate": null,
        "latest_research_to_sale_ratio": null
    },
    "eps_dividends": {
        "2001": {
            "cash": 0,
            "stock": 0,
            "eps": 0
        },
        "2002": {
            "cash": 0,
            "stock": 0,
            "eps": 0
        },
        "2003": {
            "cash": 0,
            "stock": 0,
            "eps": 0
        },
        "2004": {
            "cash": 0,
            "stock": 0,
            "eps": 0
        },
        "2005": {
            "cash": 0,
            "stock": 0,
            "eps": 0
        },
        "2006": {
            "cash": 0,
            "stock": 0,
            "eps": 0
        },
        "2007": {
            "cash": 0,
            "stock": 0,
            "eps": 0
        },
        "2008": {
            "cash": 0,
            "stock": 2.67,
            "eps": 1.07
        },
        "2009": {
            "cash": 1.39,
            "stock": 0.53,
            "eps": 2.58
        },
        "2010": {
            "cash": 1.31,
            "stock": 0.35,
            "eps": 2.81
        },
        "2011": {
            "cash": 3.09,
            "stock": 0.82,
            "eps": 2.87
        },
        "2012": {
            "cash": 3,
            "stock": 0,
            "eps": 1.8
        },
        "2013": {
            "cash": 1,
            "stock": 0,
            "eps": 1.6
        },
        "2014": {
            "cash": 0,
            "stock": 0,
            "eps": 0.65
        },
        "2015": {
            "cash": 0,
            "stock": 0,
            "eps": -4.58
        },
        "2016": {
            "cash": 0,
            "stock": 0,
            "eps": 0.13
        },
        "2017": {
            "cash": 0,
            "stock": 0,
            "eps": -0.2
        },
        "2018": {
            "cash": 0,
            "stock": 0,
            "eps": -0.2
        },
        "2019": {
            "cash": 0,
            "stock": 0,
            "eps": -0.28
        },
        "2020": {
            "cash": 0,
            "stock": 0,
            "eps": -0.15
        },
        "2021": {
            "cash": 0,
            "stock": 0,
            "eps": -0.16
        },
        "2022": {
            "cash": 0,
            "stock": 0,
            "eps": -0.59
        },
        "2023": {
            "cash": 0,
            "stock": 0,
            "eps": -0.33
        }
    },
    "dividends": {
        "2008-05-30": {
            "cash": 0,
            "stock": 2.67
        },
        "2009-04-02": {
            "cash": 1.39,
            "stock": 0.53
        },
        "2010-03-29": {
            "cash": 1.31,
            "stock": 0.35
        },
        "2011-04-28": {
            "cash": 3.09,
            "stock": 0.82
        },
        "2012-06-18": {
            "cash": 3,
            "stock": 0
        },
        "2013-06-10": {
            "cash": 1,
            "stock": 0
        }
    },
    "prices": {
        "200101": "無",
        "200102": "無",
        "200103": "無",
        "200104": "無",
        "200105": "無",
        "200106": "無",
        "200107": "無",
        "200108": "無",
        "200109": "無",
        "200110": "無",
        "200111": "無",
        "200112": "無",
        "200201": "無",
        "200202": "無",
        "200203": "無",
        "200204": "無",
        "200205": "無",
        "200206": "無",
        "200207": "無",
        "200208": "無",
        "200209": "無",
        "200210": "無",
        "200211": "無",
        "200212": "無",
        "200301": "無",
        "200302": "無",
        "200303": "無",
        "200304": "無",
        "200305": "無",
        "200306": "無",
        "200307": "無",
        "200308": "無",
        "200309": "無",
        "200310": "無",
        "200311": "無",
        "200312": "無",
        "200401": "無",
        "200402": "無",
        "200403": "無",
        "200404": "無",
        "200405": "無",
        "200406": "無",
        "200407": "無",
        "200408": "無",
        "200409": "無",
        "200410": "無",
        "200411": "無",
        "200412": "無",
        "200501": "無",
        "200502": "無",
        "200503": "無",
        "200504": "無",
        "200505": "無",
        "200506": "無",
        "200507": "無",
        "200508": "無",
        "200509": "無",
        "200510": "無",
        "200511": "無",
        "200512": "無",
        "200601": "無",
        "200602": "無",
        "200603": "無",
        "200604": "無",
        "200605": "無",
        "200606": "無",
        "200607": "無",
        "200608": "無",
        "200609": "無",
        "200610": "無",
        "200611": "無",
        "200612": "無",
        "200701": "無",
        "200702": "無",
        "200703": "無",
        "200704": "無",
        "200705": "無",
        "200706": "無",
        "200707": "無",
        "200708": "無",
        "200709": "無",
        "200710": "無",
        "200711": "無",
        "200712": "無",
        "200801": "無",
        "200802": "無",
        "200803": "無",
        "200804": "無",
        "200805": "無",
        "200806": "無",
        "200807": "無",
        "200808": "無",
        "200809": "51.66",
        "200810": "60.01",
        "200811": "54.44",
        "200812": "52.75",
        "200901": "53.75",
        "200902": "53.88",
        "200903": "54.43",
        "200904": "49.45",
        "200905": "53.04",
        "200906": "49.03",
        "200907": "53.89",
        "200908": "54.80",
        "200909": "56.88",
        "200910": "56.17",
        "200911": "58.82",
        "200912": "61.37",
        "201001": "59.49",
        "201002": "62.94",
        "201003": "60.37",
        "201004": "59.64",
        "201005": "54.25",
        "201006": "57.38",
        "201007": "56.84",
        "201008": "57.09",
        "201009": "58.21",
        "201010": "64.50",
        "201011": "68.51",
        "201012": "53.90",
        "201101": "55.25",
        "201102": "62.62",
        "201103": "65.45",
        "201104": "73.63",
        "201105": "76.34",
        "201106": "69.40",
        "201107": "60.04",
        "201108": "49.97",
        "201109": "47.72",
        "201110": "47.54",
        "201111": "46.71",
        "201112": "34.75",
        "201201": "35.43",
        "201202": "44.84",
        "201203": "50.68",
        "201204": "48.06",
        "201205": "46.64",
        "201206": "41.59",
        "201207": "40.10",
        "201208": "35.27",
        "201209": "34.40",
        "201210": "28.69",
        "201211": "26.69",
        "201212": "27.27",
        "201301": "28.86",
        "201302": "31.13",
        "201303": "29.01",
        "201304": "24.78",
        "201305": "27.28",
        "201306": "25.88",
        "201307": "28.13",
        "201308": "34.53",
        "201309": "41.74",
        "201310": "40.47",
        "201311": "41.44",
        "201312": "40.77",
        "201401": "35.16",
        "201402": "31.01",
        "201403": "31.21",
        "201404": "29.47",
        "201405": "27.51",
        "201406": "28.84",
        "201407": "27.51",
        "201408": "25.04",
        "201409": "26.31",
        "201410": "30.90",
        "201411": "37.40",
        "201412": "44.43",
        "201501": "57.79",
        "201502": "57.11",
        "201503": "49.38",
        "201504": "34.10",
        "201505": "30.85",
        "201506": "31.07",
        "201507": "29.94",
        "201508": "32.11",
        "201509": "29.27",
        "201510": "27.56",
        "201511": "24.86",
        "201512": "25.05",
        "201601": "23.18",
        "201602": "23.14",
        "201603": "21.37",
        "201604": "18.71",
        "201605": "19.30",
        "201606": "18.22",
        "201607": "17.42",
        "201608": "20.37",
        "201609": "22.10",
        "201610": "23.45",
        "201611": "24.76",
        "201612": "23.74",
        "201701": "23.33",
        "201702": "25.29",
        "201703": "22.82",
        "201704": "23.03",
        "201705": "23.36",
        "201706": "23.45",
        "201707": "24.60",
        "201708": "27.55",
        "201709": "30.91",
        "201710": "30.49",
        "201711": "31.20",
        "201712": "29.43",
        "201801": "27.55",
        "201802": "25.97",
        "201803": "26.08",
        "201804": "24.90",
        "201805": "27.45",
        "201806": "27.45",
        "201807": "26.14",
        "201808": "26.85",
        "201809": "26.79",
        "201810": "27.11",
        "201811": "26.61",
        "201812": "25.81",
        "201901": "24.83",
        "201902": "23.65",
        "201903": "23.28",
        "201904": "23.44",
        "201905": "25.32",
        "201906": "24.77",
        "201907": "24.49",
        "201908": "25.17",
        "201909": "26.41",
        "201910": "27.04",
        "201911": "30.32",
        "201912": "47.66",
        "202001": "50.01",
        "202002": "49.15",
        "202003": "39.30",
        "202004": "40.84",
        "202005": "47.99",
        "202006": "46.56",
        "202007": "42.22",
        "202008": "41.20",
        "202009": "40.27",
        "202010": "40.08",
        "202011": "49.13",
        "202012": "48.51",
        "202101": "45.85",
        "202102": "50.52",
        "202103": "63.11",
        "202104": "56.64",
        "202105": "50.30",
        "202106": "50.23",
        "202107": "48.37",
        "202108": "45.90",
        "202109": "49.12",
        "202110": "48.92",
        "202111": "47.77",
        "202112": "47.25",
        "202201": "47.43",
        "202202": "45.82",
        "202203": "43.77",
        "202204": "42.24",
        "202205": "41.25",
        "202206": "39.95",
        "202207": "43.27",
        "202208": "42.23",
        "202209": "38.14",
        "202210": "30.00",
        "202211": "31.19",
        "202212": "40.16",
        "202301": "38.41",
        "202302": "37.69",
        "202303": "37.56",
        "202304": "35.50",
        "202305": "32.33",
        "202306": "32.87",
        "202307": "31.42",
        "202308": "31.28",
        "202309": "30.25",
        "202310": "28.47",
        "202311": "28.18",
        "202312": "33.32"
    },
    "quarters": {
        "20011": {
            "year_quarter": 20011,
            "year": 2001,
            "quarter": 1,
            "eps": null,
            "eps_growth_year": null,
            "eps_4q": null,
            "eps_4q_growth_year": null,
            "roe": null,
            "roe_4q": 0,
            "gross_profit": null,
            "gross_margin": null,
            "gross_margin_4q_avg": 0,
            "net_income": null,
            "net_income_4q": null,
            "revenue": null,
            "revenue_4q": null,
            "common_shares": null,
            "book_valuer_per_share": null,
            "book_valuer_per_share_4q_avg": 0,
            "equity": null,
            "current_ratio": null,
            "debt_ratio": null,
            "inventory_turnover_ratio": null,
            "account_receivable_turnover_ratio": null,
            "reinvestment_rate": null,
            "research_to_sale_ratio": null,
            "price_fair": 0,
            "eps_avg_yearly": 0,
            "eps_latest_yearly": 0,
            "eps_growth_yearly": 0
        },
        "20012": {
            "year_quarter": 20012,
            "year": 2001,
            "quarter": 2,
            "eps": null,
            "eps_growth_year": null,
            "eps_4q": null,
            "eps_4q_growth_year": null,
            "roe": null,
            "roe_4q": 0,
            "gross_profit": null,
            "gross_margin": null,
            "gross_margin_4q_avg": 0,
            "net_income": null,
            "net_income_4q": null,
            "revenue": null,
            "revenue_4q": null,
            "common_shares": null,
            "book_valuer_per_share": null,
            "book_valuer_per_share_4q_avg": 0,
            "equity": null,
            "current_ratio": null,
            "debt_ratio": null,
            "inventory_turnover_ratio": null,
            "account_receivable_turnover_ratio": null,
            "reinvestment_rate": null,
            "research_to_sale_ratio": null,
            "price_fair": 0,
            "eps_avg_yearly": 0,
            "eps_latest_yearly": 0,
            "eps_growth_yearly": 0
        },
        "20013": {
            "year_quarter": 20013,
            "year": 2001,
            "quarter": 3,
            "eps": null,
            "eps_growth_year": null,
            "eps_4q": null,
            "eps_4q_growth_year": null,
            "roe": null,
            "roe_4q": 0,
            "gross_profit": null,
            "gross_margin": null,
            "gross_margin_4q_avg": 0,
            "net_income": null,
            "net_income_4q": null,
            "revenue": null,
            "revenue_4q": null,
            "common_shares": null,
            "book_valuer_per_share": null,
            "book_valuer_per_share_4q_avg": 0,
            "equity": null,
            "current_ratio": null,
            "debt_ratio": null,
            "inventory_turnover_ratio": null,
            "account_receivable_turnover_ratio": null,
            "reinvestment_rate": null,
            "research_to_sale_ratio": null,
            "price_fair": 0,
            "eps_avg_yearly": 0,
            "eps_latest_yearly": 0,
            "eps_growth_yearly": 0
        },
        "20014": {
            "year_quarter": 20014,
            "year": 2001,
            "quarter": 4,
            "eps": null,
            "eps_growth_year": null,
            "eps_4q": null,
            "eps_4q_growth_year": null,
            "roe": null,
            "roe_4q": 0,
            "gross_profit": null,
            "gross_margin": null,
            "gross_margin_4q_avg": 0,
            "net_income": null,
            "net_income_4q": null,
            "revenue": null,
            "revenue_4q": null,
            "common_shares": null,
            "book_valuer_per_share": null,
            "book_valuer_per_share_4q_avg": 0,
            "equity": null,
            "current_ratio": null,
            "debt_ratio": null,
            "inventory_turnover_ratio": null,
            "account_receivable_turnover_ratio": null,
            "reinvestment_rate": null,
            "research_to_sale_ratio": null,
            "price_fair": 0,
            "eps_avg_yearly": 0,
            "eps_latest_yearly": 0,
            "eps_growth_yearly": 0
        },
        "20021": {
            "year_quarter": 20021,
            "year": 2002,
            "quarter": 1,
            "eps": null,
            "eps_growth_year": null,
            "eps_4q": null,
            "eps_4q_growth_year": null,
            "roe": null,
            "roe_4q": 0,
            "gross_profit": null,
            "gross_margin": null,
            "gross_margin_4q_avg": 0,
            "net_income": null,
            "net_income_4q": null,
            "revenue": null,
            "revenue_4q": null,
            "common_shares": null,
            "book_valuer_per_share": null,
            "book_valuer_per_share_4q_avg": 0,
            "equity": null,
            "current_ratio": null,
            "debt_ratio": null,
            "inventory_turnover_ratio": null,
            "account_receivable_turnover_ratio": null,
            "reinvestment_rate": null,
            "research_to_sale_ratio": null,
            "price_fair": 0,
            "eps_avg_yearly": 0,
            "eps_latest_yearly": 0,
            "eps_growth_yearly": 0
        },
        "20022": {
            "year_quarter": 20022,
            "year": 2002,
            "quarter": 2,
            "eps": null,
            "eps_growth_year": null,
            "eps_4q": null,
            "eps_4q_growth_year": null,
            "roe": null,
            "roe_4q": 0,
            "gross_profit": null,
            "gross_margin": null,
            "gross_margin_4q_avg": 0,
            "net_income": null,
            "net_income_4q": null,
            "revenue": null,
            "revenue_4q": null,
            "common_shares": null,
            "book_valuer_per_share": null,
            "book_valuer_per_share_4q_avg": 0,
            "equity": null,
            "current_ratio": null,
            "debt_ratio": null,
            "inventory_turnover_ratio": null,
            "account_receivable_turnover_ratio": null,
            "reinvestment_rate": null,
            "research_to_sale_ratio": null,
            "price_fair": 0,
            "eps_avg_yearly": 0,
            "eps_latest_yearly": 0,
            "eps_growth_yearly": 0
        },
        "20023": {
            "year_quarter": 20023,
            "year": 2002,
            "quarter": 3,
            "eps": null,
            "eps_growth_year": null,
            "eps_4q": null,
            "eps_4q_growth_year": null,
            "roe": null,
            "roe_4q": 0,
            "gross_profit": null,
            "gross_margin": null,
            "gross_margin_4q_avg": 0,
            "net_income": null,
            "net_income_4q": null,
            "revenue": null,
            "revenue_4q": null,
            "common_shares": null,
            "book_valuer_per_share": null,
            "book_valuer_per_share_4q_avg": 0,
            "equity": null,
            "current_ratio": null,
            "debt_ratio": null,
            "inventory_turnover_ratio": null,
            "account_receivable_turnover_ratio": null,
            "reinvestment_rate": null,
            "research_to_sale_ratio": null,
            "price_fair": 0,
            "eps_avg_yearly": 0,
            "eps_latest_yearly": 0,
            "eps_growth_yearly": 0
        },
        "20024": {
            "year_quarter": 20024,
            "year": 2002,
            "quarter": 4,
            "eps": null,
            "eps_growth_year": null,
            "eps_4q": null,
            "eps_4q_growth_year": null,
            "roe": null,
            "roe_4q": 0,
            "gross_profit": null,
            "gross_margin": null,
            "gross_margin_4q_avg": 0,
            "net_income": null,
            "net_income_4q": null,
            "revenue": null,
            "revenue_4q": null,
            "common_shares": null,
            "book_valuer_per_share": null,
            "book_valuer_per_share_4q_avg": 0,
            "equity": null,
            "current_ratio": null,
            "debt_ratio": null,
            "inventory_turnover_ratio": null,
            "account_receivable_turnover_ratio": null,
            "reinvestment_rate": null,
            "research_to_sale_ratio": null,
            "price_fair": 0,
            "eps_avg_yearly": 0,
            "eps_latest_yearly": 0,
            "eps_growth_yearly": 0
        },
        "20031": {
            "year_quarter": 20031,
            "year": 2003,
            "quarter": 1,
            "eps": null,
            "eps_growth_year": null,
            "eps_4q": null,
            "eps_4q_growth_year": null,
            "roe": null,
            "roe_4q": 0,
            "gross_profit": null,
            "gross_margin": null,
            "gross_margin_4q_avg": 0,
            "net_income": null,
            "net_income_4q": null,
            "revenue": null,
            "revenue_4q": null,
            "common_shares": null,
            "book_valuer_per_share": null,
            "book_valuer_per_share_4q_avg": 0,
            "equity": null,
            "current_ratio": null,
            "debt_ratio": null,
            "inventory_turnover_ratio": null,
            "account_receivable_turnover_ratio": null,
            "reinvestment_rate": null,
            "research_to_sale_ratio": null,
            "price_fair": 0,
            "eps_avg_yearly": 0,
            "eps_latest_yearly": 0,
            "eps_growth_yearly": 0
        },
        "20032": {
            "year_quarter": 20032,
            "year": 2003,
            "quarter": 2,
            "eps": null,
            "eps_growth_year": null,
            "eps_4q": null,
            "eps_4q_growth_year": null,
            "roe": null,
            "roe_4q": 0,
            "gross_profit": null,
            "gross_margin": null,
            "gross_margin_4q_avg": 0,
            "net_income": null,
            "net_income_4q": null,
            "revenue": null,
            "revenue_4q": null,
            "common_shares": null,
            "book_valuer_per_share": null,
            "book_valuer_per_share_4q_avg": 0,
            "equity": null,
            "current_ratio": null,
            "debt_ratio": null,
            "inventory_turnover_ratio": null,
            "account_receivable_turnover_ratio": null,
            "reinvestment_rate": null,
            "research_to_sale_ratio": null,
            "price_fair": 0,
            "eps_avg_yearly": 0,
            "eps_latest_yearly": 0,
            "eps_growth_yearly": 0
        },
        "20033": {
            "year_quarter": 20033,
            "year": 2003,
            "quarter": 3,
            "eps": null,
            "eps_growth_year": null,
            "eps_4q": null,
            "eps_4q_growth_year": null,
            "roe": null,
            "roe_4q": 0,
            "gross_profit": null,
            "gross_margin": null,
            "gross_margin_4q_avg": 0,
            "net_income": null,
            "net_income_4q": null,
            "revenue": null,
            "revenue_4q": null,
            "common_shares": null,
            "book_valuer_per_share": null,
            "book_valuer_per_share_4q_avg": 0,
            "equity": null,
            "current_ratio": null,
            "debt_ratio": null,
            "inventory_turnover_ratio": null,
            "account_receivable_turnover_ratio": null,
            "reinvestment_rate": null,
            "research_to_sale_ratio": null,
            "price_fair": 0,
            "eps_avg_yearly": 0,
            "eps_latest_yearly": 0,
            "eps_growth_yearly": 0
        },
        "20034": {
            "year_quarter": 20034,
            "year": 2003,
            "quarter": 4,
            "eps": null,
            "eps_growth_year": null,
            "eps_4q": null,
            "eps_4q_growth_year": null,
            "roe": null,
            "roe_4q": 0,
            "gross_profit": null,
            "gross_margin": null,
            "gross_margin_4q_avg": 0,
            "net_income": null,
            "net_income_4q": null,
            "revenue": null,
            "revenue_4q": null,
            "common_shares": 20000,
            "book_valuer_per_share": 10.87,
            "book_valuer_per_share_4q_avg": 2.72,
            "equity": 21736,
            "current_ratio": 198.3,
            "debt_ratio": 40.54,
            "inventory_turnover_ratio": null,
            "account_receivable_turnover_ratio": null,
            "reinvestment_rate": null,
            "research_to_sale_ratio": null,
            "price_fair": 0,
            "eps_avg_yearly": 0,
            "eps_latest_yearly": 0,
            "eps_growth_yearly": 0
        },
        "20041": {
            "year_quarter": 20041,
            "year": 2004,
            "quarter": 1,
            "eps": null,
            "eps_growth_year": null,
            "eps_4q": null,
            "eps_4q_growth_year": null,
            "roe": null,
            "roe_4q": 0,
            "gross_profit": null,
            "gross_margin": null,
            "gross_margin_4q_avg": 0,
            "net_income": null,
            "net_income_4q": null,
            "revenue": null,
            "revenue_4q": null,
            "common_shares": null,
            "book_valuer_per_share": null,
            "book_valuer_per_share_4q_avg": 2.72,
            "equity": null,
            "current_ratio": null,
            "debt_ratio": null,
            "inventory_turnover_ratio": null,
            "account_receivable_turnover_ratio": null,
            "reinvestment_rate": null,
            "research_to_sale_ratio": null,
            "price_fair": 0,
            "eps_avg_yearly": 0,
            "eps_latest_yearly": 0,
            "eps_growth_yearly": 0
        },
        "20042": {
            "year_quarter": 20042,
            "year": 2004,
            "quarter": 2,
            "eps": null,
            "eps_growth_year": null,
            "eps_4q": null,
            "eps_4q_growth_year": null,
            "roe": null,
            "roe_4q": 0,
            "gross_profit": null,
            "gross_margin": null,
            "gross_margin_4q_avg": 0,
            "net_income": null,
            "net_income_4q": null,
            "revenue": null,
            "revenue_4q": null,
            "common_shares": null,
            "book_valuer_per_share": null,
            "book_valuer_per_share_4q_avg": 2.72,
            "equity": null,
            "current_ratio": null,
            "debt_ratio": null,
            "inventory_turnover_ratio": null,
            "account_receivable_turnover_ratio": null,
            "reinvestment_rate": null,
            "research_to_sale_ratio": null,
            "price_fair": 0,
            "eps_avg_yearly": 0,
            "eps_latest_yearly": 0,
            "eps_growth_yearly": 0
        },
        "20043": {
            "year_quarter": 20043,
            "year": 2004,
            "quarter": 3,
            "eps": null,
            "eps_growth_year": null,
            "eps_4q": null,
            "eps_4q_growth_year": null,
            "roe": null,
            "roe_4q": 0,
            "gross_profit": null,
            "gross_margin": null,
            "gross_margin_4q_avg": 0,
            "net_income": null,
            "net_income_4q": null,
            "revenue": null,
            "revenue_4q": null,
            "common_shares": null,
            "book_valuer_per_share": null,
            "book_valuer_per_share_4q_avg": 2.72,
            "equity": null,
            "current_ratio": null,
            "debt_ratio": null,
            "inventory_turnover_ratio": null,
            "account_receivable_turnover_ratio": null,
            "reinvestment_rate": null,
            "research_to_sale_ratio": null,
            "price_fair": 0,
            "eps_avg_yearly": 0,
            "eps_latest_yearly": 0,
            "eps_growth_yearly": 0
        },
        "20044": {
            "year_quarter": 20044,
            "year": 2004,
            "quarter": 4,
            "eps": null,
            "eps_growth_year": null,
            "eps_4q": null,
            "eps_4q_growth_year": null,
            "roe": null,
            "roe_4q": 0,
            "gross_profit": null,
            "gross_margin": null,
            "gross_margin_4q_avg": 0,
            "net_income": null,
            "net_income_4q": null,
            "revenue": null,
            "revenue_4q": null,
            "common_shares": 20000,
            "book_valuer_per_share": 9.34,
            "book_valuer_per_share_4q_avg": 2.34,
            "equity": 18689,
            "current_ratio": 228.91,
            "debt_ratio": 40.44,
            "inventory_turnover_ratio": null,
            "account_receivable_turnover_ratio": null,
            "reinvestment_rate": null,
            "research_to_sale_ratio": null,
            "price_fair": 0,
            "eps_avg_yearly": 0,
            "eps_latest_yearly": 0,
            "eps_growth_yearly": 0
        },
        "20051": {
            "year_quarter": 20051,
            "year": 2005,
            "quarter": 1,
            "eps": null,
            "eps_growth_year": null,
            "eps_4q": null,
            "eps_4q_growth_year": null,
            "roe": null,
            "roe_4q": 0,
            "gross_profit": null,
            "gross_margin": null,
            "gross_margin_4q_avg": 0,
            "net_income": null,
            "net_income_4q": null,
            "revenue": null,
            "revenue_4q": null,
            "common_shares": null,
            "book_valuer_per_share": null,
            "book_valuer_per_share_4q_avg": 2.34,
            "equity": null,
            "current_ratio": null,
            "debt_ratio": null,
            "inventory_turnover_ratio": null,
            "account_receivable_turnover_ratio": null,
            "reinvestment_rate": null,
            "research_to_sale_ratio": null,
            "price_fair": 0,
            "eps_avg_yearly": 0,
            "eps_latest_yearly": 0,
            "eps_growth_yearly": 0
        },
        "20052": {
            "year_quarter": 20052,
            "year": 2005,
            "quarter": 2,
            "eps": null,
            "eps_growth_year": null,
            "eps_4q": null,
            "eps_4q_growth_year": null,
            "roe": null,
            "roe_4q": 0,
            "gross_profit": null,
            "gross_margin": null,
            "gross_margin_4q_avg": 0,
            "net_income": null,
            "net_income_4q": null,
            "revenue": null,
            "revenue_4q": null,
            "common_shares": null,
            "book_valuer_per_share": null,
            "book_valuer_per_share_4q_avg": 2.34,
            "equity": null,
            "current_ratio": null,
            "debt_ratio": null,
            "inventory_turnover_ratio": null,
            "account_receivable_turnover_ratio": null,
            "reinvestment_rate": null,
            "research_to_sale_ratio": null,
            "price_fair": 0,
            "eps_avg_yearly": 0,
            "eps_latest_yearly": 0,
            "eps_growth_yearly": 0
        },
        "20053": {
            "year_quarter": 20053,
            "year": 2005,
            "quarter": 3,
            "eps": null,
            "eps_growth_year": null,
            "eps_4q": null,
            "eps_4q_growth_year": null,
            "roe": null,
            "roe_4q": 0,
            "gross_profit": null,
            "gross_margin": null,
            "gross_margin_4q_avg": 0,
            "net_income": null,
            "net_income_4q": null,
            "revenue": null,
            "revenue_4q": null,
            "common_shares": null,
            "book_valuer_per_share": null,
            "book_valuer_per_share_4q_avg": 2.34,
            "equity": null,
            "current_ratio": null,
            "debt_ratio": null,
            "inventory_turnover_ratio": null,
            "account_receivable_turnover_ratio": null,
            "reinvestment_rate": null,
            "research_to_sale_ratio": null,
            "price_fair": 0,
            "eps_avg_yearly": 0,
            "eps_latest_yearly": 0,
            "eps_growth_yearly": 0
        },
        "20054": {
            "year_quarter": 20054,
            "year": 2005,
            "quarter": 4,
            "eps": null,
            "eps_growth_year": null,
            "eps_4q": null,
            "eps_4q_growth_year": null,
            "roe": null,
            "roe_4q": 0,
            "gross_profit": null,
            "gross_margin": null,
            "gross_margin_4q_avg": 0,
            "net_income": null,
            "net_income_4q": null,
            "revenue": null,
            "revenue_4q": null,
            "common_shares": 20000,
            "book_valuer_per_share": 7.07,
            "book_valuer_per_share_4q_avg": 1.77,
            "equity": 14148,
            "current_ratio": 201.76,
            "debt_ratio": 69.4,
            "inventory_turnover_ratio": null,
            "account_receivable_turnover_ratio": null,
            "reinvestment_rate": null,
            "research_to_sale_ratio": null,
            "price_fair": 0,
            "eps_avg_yearly": 0,
            "eps_latest_yearly": 0,
            "eps_growth_yearly": 0
        },
        "20061": {
            "year_quarter": 20061,
            "year": 2006,
            "quarter": 1,
            "eps": null,
            "eps_growth_year": null,
            "eps_4q": null,
            "eps_4q_growth_year": null,
            "roe": null,
            "roe_4q": 0,
            "gross_profit": null,
            "gross_margin": null,
            "gross_margin_4q_avg": 0,
            "net_income": null,
            "net_income_4q": null,
            "revenue": null,
            "revenue_4q": null,
            "common_shares": null,
            "book_valuer_per_share": null,
            "book_valuer_per_share_4q_avg": 1.77,
            "equity": null,
            "current_ratio": null,
            "debt_ratio": null,
            "inventory_turnover_ratio": null,
            "account_receivable_turnover_ratio": null,
            "reinvestment_rate": null,
            "research_to_sale_ratio": null,
            "price_fair": 0,
            "eps_avg_yearly": 0,
            "eps_latest_yearly": 0,
            "eps_growth_yearly": 0
        },
        "20062": {
            "year_quarter": 20062,
            "year": 2006,
            "quarter": 2,
            "eps": null,
            "eps_growth_year": null,
            "eps_4q": null,
            "eps_4q_growth_year": null,
            "roe": null,
            "roe_4q": 0,
            "gross_profit": null,
            "gross_margin": null,
            "gross_margin_4q_avg": 0,
            "net_income": null,
            "net_income_4q": null,
            "revenue": null,
            "revenue_4q": null,
            "common_shares": null,
            "book_valuer_per_share": null,
            "book_valuer_per_share_4q_avg": 1.77,
            "equity": null,
            "current_ratio": null,
            "debt_ratio": null,
            "inventory_turnover_ratio": null,
            "account_receivable_turnover_ratio": null,
            "reinvestment_rate": null,
            "research_to_sale_ratio": null,
            "price_fair": 0,
            "eps_avg_yearly": 0,
            "eps_latest_yearly": 0,
            "eps_growth_yearly": 0
        },
        "20063": {
            "year_quarter": 20063,
            "year": 2006,
            "quarter": 3,
            "eps": null,
            "eps_growth_year": null,
            "eps_4q": null,
            "eps_4q_growth_year": null,
            "roe": null,
            "roe_4q": 0,
            "gross_profit": null,
            "gross_margin": null,
            "gross_margin_4q_avg": 0,
            "net_income": null,
            "net_income_4q": null,
            "revenue": null,
            "revenue_4q": null,
            "common_shares": null,
            "book_valuer_per_share": null,
            "book_valuer_per_share_4q_avg": 1.77,
            "equity": null,
            "current_ratio": null,
            "debt_ratio": null,
            "inventory_turnover_ratio": null,
            "account_receivable_turnover_ratio": null,
            "reinvestment_rate": null,
            "research_to_sale_ratio": null,
            "price_fair": 0,
            "eps_avg_yearly": 0,
            "eps_latest_yearly": 0,
            "eps_growth_yearly": 0
        },
        "20064": {
            "year_quarter": 20064,
            "year": 2006,
            "quarter": 4,
            "eps": null,
            "eps_growth_year": null,
            "eps_4q": null,
            "eps_4q_growth_year": null,
            "roe": null,
            "roe_4q": 0,
            "gross_profit": null,
            "gross_margin": null,
            "gross_margin_4q_avg": 0,
            "net_income": null,
            "net_income_4q": null,
            "revenue": null,
            "revenue_4q": null,
            "common_shares": 320000,
            "book_valuer_per_share": 10.37,
            "book_valuer_per_share_4q_avg": 2.59,
            "equity": 331952,
            "current_ratio": 273.9,
            "debt_ratio": 33.95,
            "inventory_turnover_ratio": null,
            "account_receivable_turnover_ratio": null,
            "reinvestment_rate": null,
            "research_to_sale_ratio": null,
            "price_fair": 0,
            "eps_avg_yearly": 0,
            "eps_latest_yearly": 0,
            "eps_growth_yearly": 0
        },
        "20071": {
            "year_quarter": 20071,
            "year": 2007,
            "quarter": 1,
            "eps": null,
            "eps_growth_year": null,
            "eps_4q": null,
            "eps_4q_growth_year": null,
            "roe": null,
            "roe_4q": 0,
            "gross_profit": null,
            "gross_margin": null,
            "gross_margin_4q_avg": 0,
            "net_income": null,
            "net_income_4q": null,
            "revenue": null,
            "revenue_4q": null,
            "common_shares": null,
            "book_valuer_per_share": null,
            "book_valuer_per_share_4q_avg": 2.59,
            "equity": null,
            "current_ratio": null,
            "debt_ratio": null,
            "inventory_turnover_ratio": null,
            "account_receivable_turnover_ratio": null,
            "reinvestment_rate": null,
            "research_to_sale_ratio": null,
            "price_fair": 0,
            "eps_avg_yearly": 0,
            "eps_latest_yearly": 0,
            "eps_growth_yearly": 0
        },
        "20072": {
            "year_quarter": 20072,
            "year": 2007,
            "quarter": 2,
            "eps": null,
            "eps_growth_year": null,
            "eps_4q": null,
            "eps_4q_growth_year": null,
            "roe": null,
            "roe_4q": 0,
            "gross_profit": null,
            "gross_margin": null,
            "gross_margin_4q_avg": 0,
            "net_income": null,
            "net_income_4q": null,
            "revenue": null,
            "revenue_4q": null,
            "common_shares": null,
            "book_valuer_per_share": null,
            "book_valuer_per_share_4q_avg": 2.59,
            "equity": null,
            "current_ratio": null,
            "debt_ratio": null,
            "inventory_turnover_ratio": null,
            "account_receivable_turnover_ratio": null,
            "reinvestment_rate": null,
            "research_to_sale_ratio": null,
            "price_fair": 0,
            "eps_avg_yearly": 0,
            "eps_latest_yearly": 0,
            "eps_growth_yearly": 0
        },
        "20073": {
            "year_quarter": 20073,
            "year": 2007,
            "quarter": 3,
            "eps": null,
            "eps_growth_year": null,
            "eps_4q": null,
            "eps_4q_growth_year": null,
            "roe": null,
            "roe_4q": 0,
            "gross_profit": null,
            "gross_margin": null,
            "gross_margin_4q_avg": 0,
            "net_income": null,
            "net_income_4q": null,
            "revenue": null,
            "revenue_4q": null,
            "common_shares": null,
            "book_valuer_per_share": null,
            "book_valuer_per_share_4q_avg": 2.59,
            "equity": null,
            "current_ratio": null,
            "debt_ratio": null,
            "inventory_turnover_ratio": null,
            "account_receivable_turnover_ratio": null,
            "reinvestment_rate": null,
            "research_to_sale_ratio": null,
            "price_fair": 0,
            "eps_avg_yearly": 0,
            "eps_latest_yearly": 0,
            "eps_growth_yearly": 0
        },
        "20074": {
            "year_quarter": 20074,
            "year": 2007,
            "quarter": 4,
            "eps": null,
            "eps_growth_year": null,
            "eps_4q": null,
            "eps_4q_growth_year": null,
            "roe": null,
            "roe_4q": 0,
            "gross_profit": null,
            "gross_margin": null,
            "gross_margin_4q_avg": 0,
            "net_income": null,
            "net_income_4q": null,
            "revenue": null,
            "revenue_4q": null,
            "common_shares": 450000,
            "book_valuer_per_share": 13.02,
            "book_valuer_per_share_4q_avg": 3.26,
            "equity": 585984,
            "current_ratio": 294.77,
            "debt_ratio": 36.93,
            "inventory_turnover_ratio": null,
            "account_receivable_turnover_ratio": null,
            "reinvestment_rate": null,
            "research_to_sale_ratio": null,
            "price_fair": 0,
            "eps_avg_yearly": 0,
            "eps_latest_yearly": 0,
            "eps_growth_yearly": 0
        },
        "20081": {
            "year_quarter": 20081,
            "year": 2008,
            "quarter": 1,
            "eps": null,
            "eps_growth_year": null,
            "eps_4q": null,
            "eps_4q_growth_year": null,
            "roe": null,
            "roe_4q": 0,
            "gross_profit": null,
            "gross_margin": null,
            "gross_margin_4q_avg": 0,
            "net_income": null,
            "net_income_4q": null,
            "revenue": null,
            "revenue_4q": null,
            "common_shares": null,
            "book_valuer_per_share": null,
            "book_valuer_per_share_4q_avg": 3.26,
            "equity": null,
            "current_ratio": null,
            "debt_ratio": null,
            "inventory_turnover_ratio": null,
            "account_receivable_turnover_ratio": null,
            "reinvestment_rate": null,
            "research_to_sale_ratio": null,
            "price_fair": 0,
            "eps_avg_yearly": 0,
            "eps_latest_yearly": 0,
            "eps_growth_yearly": 0
        },
        "20082": {
            "year_quarter": 20082,
            "year": 2008,
            "quarter": 2,
            "eps": null,
            "eps_growth_year": null,
            "eps_4q": null,
            "eps_4q_growth_year": null,
            "roe": null,
            "roe_4q": 0,
            "gross_profit": null,
            "gross_margin": null,
            "gross_margin_4q_avg": 0,
            "net_income": null,
            "net_income_4q": null,
            "revenue": null,
            "revenue_4q": null,
            "common_shares": null,
            "book_valuer_per_share": null,
            "book_valuer_per_share_4q_avg": 3.26,
            "equity": null,
            "current_ratio": null,
            "debt_ratio": null,
            "inventory_turnover_ratio": null,
            "account_receivable_turnover_ratio": null,
            "reinvestment_rate": null,
            "research_to_sale_ratio": null,
            "price_fair": 0,
            "eps_avg_yearly": 0,
            "eps_latest_yearly": 0,
            "eps_growth_yearly": 0
        },
        "20083": {
            "year_quarter": 20083,
            "year": 2008,
            "quarter": 3,
            "eps": 1.14,
            "eps_growth_year": null,
            "eps_4q": null,
            "eps_4q_growth_year": null,
            "roe": 8.92,
            "roe_4q": 8.92,
            "gross_profit": 31399,
            "gross_margin": 20.56,
            "gross_margin_4q_avg": 5.14,
            "net_income": 68530,
            "net_income_4q": null,
            "revenue": 152691,
            "revenue_4q": null,
            "common_shares": 450000,
            "book_valuer_per_share": 17.08,
            "book_valuer_per_share_4q_avg": 7.53,
            "equity": 768647,
            "current_ratio": 474.56,
            "debt_ratio": 20.72,
            "inventory_turnover_ratio": 0.58,
            "account_receivable_turnover_ratio": null,
            "reinvestment_rate": null,
            "research_to_sale_ratio": null,
            "price_fair": 0,
            "eps_avg_yearly": 0,
            "eps_latest_yearly": 0,
            "eps_growth_yearly": 0
        },
        "20084": {
            "year_quarter": 20084,
            "year": 2008,
            "quarter": 4,
            "eps": -0.07,
            "eps_growth_year": null,
            "eps_4q": null,
            "eps_4q_growth_year": null,
            "roe": -0.54,
            "roe_4q": 8.379999999999999,
            "gross_profit": -16185,
            "gross_margin": -15.68,
            "gross_margin_4q_avg": 1.22,
            "net_income": -4019,
            "net_income_4q": null,
            "revenue": 103217,
            "revenue_4q": null,
            "common_shares": 570150,
            "book_valuer_per_share": 12.77,
            "book_valuer_per_share_4q_avg": 7.46,
            "equity": 728331,
            "current_ratio": 441.65,
            "debt_ratio": 29.7,
            "inventory_turnover_ratio": 0.53,
            "account_receivable_turnover_ratio": 1.8,
            "reinvestment_rate": null,
            "research_to_sale_ratio": null,
            "price_fair": 0,
            "eps_avg_yearly": 0,
            "eps_latest_yearly": 0,
            "eps_growth_yearly": 0
        },
        "20091": {
            "year_quarter": 20091,
            "year": 2009,
            "quarter": 1,
            "eps": null,
            "eps_growth_year": null,
            "eps_4q": null,
            "eps_4q_growth_year": null,
            "roe": null,
            "roe_4q": 8.379999999999999,
            "gross_profit": null,
            "gross_margin": null,
            "gross_margin_4q_avg": 1.22,
            "net_income": null,
            "net_income_4q": null,
            "revenue": null,
            "revenue_4q": null,
            "common_shares": null,
            "book_valuer_per_share": null,
            "book_valuer_per_share_4q_avg": 7.46,
            "equity": null,
            "current_ratio": null,
            "debt_ratio": null,
            "inventory_turnover_ratio": null,
            "account_receivable_turnover_ratio": null,
            "reinvestment_rate": null,
            "research_to_sale_ratio": null,
            "price_fair": 0,
            "eps_avg_yearly": 0,
            "eps_latest_yearly": 0,
            "eps_growth_yearly": 0
        },
        "20092": {
            "year_quarter": 20092,
            "year": 2009,
            "quarter": 2,
            "eps": null,
            "eps_growth_year": null,
            "eps_4q": null,
            "eps_4q_growth_year": null,
            "roe": null,
            "roe_4q": 8.379999999999999,
            "gross_profit": null,
            "gross_margin": null,
            "gross_margin_4q_avg": 1.22,
            "net_income": null,
            "net_income_4q": null,
            "revenue": null,
            "revenue_4q": null,
            "common_shares": 601000,
            "book_valuer_per_share": null,
            "book_valuer_per_share_4q_avg": 7.46,
            "equity": 794671,
            "current_ratio": null,
            "debt_ratio": null,
            "inventory_turnover_ratio": null,
            "account_receivable_turnover_ratio": null,
            "reinvestment_rate": null,
            "research_to_sale_ratio": null,
            "price_fair": 0,
            "eps_avg_yearly": 0,
            "eps_latest_yearly": 0,
            "eps_growth_yearly": 0
        },
        "20093": {
            "year_quarter": 20093,
            "year": 2009,
            "quarter": 3,
            "eps": 1.27,
            "eps_growth_year": 11.4,
            "eps_4q": null,
            "eps_4q_growth_year": null,
            "roe": 9.11,
            "roe_4q": 8.57,
            "gross_profit": 59377,
            "gross_margin": 23.02,
            "gross_margin_4q_avg": 1.84,
            "net_income": 78314,
            "net_income_4q": null,
            "revenue": 257917,
            "revenue_4q": null,
            "common_shares": 631000,
            "book_valuer_per_share": 14.65,
            "book_valuer_per_share_4q_avg": 6.86,
            "equity": 924173,
            "current_ratio": 1337.84,
            "debt_ratio": 13.91,
            "inventory_turnover_ratio": 0.72,
            "account_receivable_turnover_ratio": 0.94,
            "reinvestment_rate": null,
            "research_to_sale_ratio": null,
            "price_fair": 0,
            "eps_avg_yearly": 0,
            "eps_latest_yearly": 0,
            "eps_growth_yearly": 0
        },
        "20094": {
            "year_quarter": 20094,
            "year": 2009,
            "quarter": 4,
            "eps": 1.31,
            "eps_growth_year": null,
            "eps_4q": null,
            "eps_4q_growth_year": null,
            "roe": 8.41,
            "roe_4q": 17.52,
            "gross_profit": 80367,
            "gross_margin": 24.06,
            "gross_margin_4q_avg": 11.77,
            "net_income": 80329,
            "net_income_4q": null,
            "revenue": 333993,
            "revenue_4q": null,
            "common_shares": 631000,
            "book_valuer_per_share": 15.62,
            "book_valuer_per_share_4q_avg": 7.57,
            "equity": 985740,
            "current_ratio": 517.13,
            "debt_ratio": 22.28,
            "inventory_turnover_ratio": 0.88,
            "account_receivable_turnover_ratio": 1.94,
            "reinvestment_rate": null,
            "research_to_sale_ratio": null,
            "price_fair": 118.42,
            "eps_avg_yearly": 5.24,
            "eps_latest_yearly": 5.24,
            "eps_growth_yearly": 12.6
        },
        "20101": {
            "year_quarter": 20101,
            "year": 2010,
            "quarter": 1,
            "eps": null,
            "eps_growth_year": null,
            "eps_4q": null,
            "eps_4q_growth_year": null,
            "roe": null,
            "roe_4q": 17.52,
            "gross_profit": 64501,
            "gross_margin": null,
            "gross_margin_4q_avg": 11.77,
            "net_income": 29305,
            "net_income_4q": null,
            "revenue": 249727,
            "revenue_4q": null,
            "common_shares": 631000,
            "book_valuer_per_share": 16.01,
            "book_valuer_per_share_4q_avg": 11.57,
            "equity": 1010441,
            "current_ratio": 489.38,
            "debt_ratio": 23.24,
            "inventory_turnover_ratio": null,
            "account_receivable_turnover_ratio": null,
            "reinvestment_rate": null,
            "research_to_sale_ratio": null,
            "price_fair": 118.42,
            "eps_avg_yearly": 5.24,
            "eps_latest_yearly": 5.24,
            "eps_growth_yearly": 12.6
        },
        "20102": {
            "year_quarter": 20102,
            "year": 2010,
            "quarter": 2,
            "eps": 0.76,
            "eps_growth_year": null,
            "eps_4q": 3.18,
            "eps_4q_growth_year": null,
            "roe": 4.96,
            "roe_4q": 22.48,
            "gross_profit": 61332,
            "gross_margin": 21.59,
            "gross_margin_4q_avg": 17.17,
            "net_income": 49605,
            "net_income_4q": null,
            "revenue": 284079,
            "revenue_4q": null,
            "common_shares": 631000,
            "book_valuer_per_share": 15.69,
            "book_valuer_per_share_4q_avg": 15.49,
            "equity": 990291,
            "current_ratio": 443.31,
            "debt_ratio": 24.05,
            "inventory_turnover_ratio": 0.58,
            "account_receivable_turnover_ratio": 1.55,
            "reinvestment_rate": null,
            "research_to_sale_ratio": null,
            "price_fair": 118.42,
            "eps_avg_yearly": 5.24,
            "eps_latest_yearly": 5.24,
            "eps_growth_yearly": 12.6
        },
        "20103": {
            "year_quarter": 20103,
            "year": 2010,
            "quarter": 3,
            "eps": 0.89,
            "eps_growth_year": -30.13,
            "eps_4q": 2.87,
            "eps_4q_growth_year": null,
            "roe": 5.74,
            "roe_4q": 19.11,
            "gross_profit": 87240,
            "gross_margin": 22.37,
            "gross_margin_4q_avg": 17.01,
            "net_income": 58068,
            "net_income_4q": null,
            "revenue": 390048,
            "revenue_4q": null,
            "common_shares": 654353,
            "book_valuer_per_share": 15.81,
            "book_valuer_per_share_4q_avg": 15.78,
            "equity": 1034352,
            "current_ratio": 464.08,
            "debt_ratio": 23.32,
            "inventory_turnover_ratio": 0.85,
            "account_receivable_turnover_ratio": 1.06,
            "reinvestment_rate": null,
            "research_to_sale_ratio": 0.05,
            "price_fair": 154,
            "eps_avg_yearly": 4.4,
            "eps_latest_yearly": 3.56,
            "eps_growth_yearly": 40.51
        },
        "20104": {
            "year_quarter": 20104,
            "year": 2010,
            "quarter": 4,
            "eps": 1.16,
            "eps_growth_year": -11.68,
            "eps_4q": 2.65,
            "eps_4q_growth_year": null,
            "roe": 6.84,
            "roe_4q": 17.54,
            "gross_profit": 131197,
            "gross_margin": 24.29,
            "gross_margin_4q_avg": 17.06,
            "net_income": 83305,
            "net_income_4q": null,
            "revenue": 540217,
            "revenue_4q": null,
            "common_shares": 720000,
            "book_valuer_per_share": 19.47,
            "book_valuer_per_share_4q_avg": 16.75,
            "equity": 1401575,
            "current_ratio": 960.5,
            "debt_ratio": 13.5,
            "inventory_turnover_ratio": 1.25,
            "account_receivable_turnover_ratio": 1.34,
            "reinvestment_rate": null,
            "research_to_sale_ratio": 0.04,
            "price_fair": 156.8,
            "eps_avg_yearly": 4.48,
            "eps_latest_yearly": 4.64,
            "eps_growth_yearly": 67.46
        },
        "20111": {
            "year_quarter": 20111,
            "year": 2011,
            "quarter": 1,
            "eps": 0.78,
            "eps_growth_year": null,
            "eps_4q": 3.43,
            "eps_4q_growth_year": null,
            "roe": 3.91,
            "roe_4q": 21.450000000000003,
            "gross_profit": 83783,
            "gross_margin": 20.35,
            "gross_margin_4q_avg": 22.15,
            "net_income": 56113,
            "net_income_4q": null,
            "revenue": 411703,
            "revenue_4q": null,
            "common_shares": 720000,
            "book_valuer_per_share": 20.36,
            "book_valuer_per_share_4q_avg": 17.83,
            "equity": 1465681,
            "current_ratio": 573.43,
            "debt_ratio": 19.44,
            "inventory_turnover_ratio": 0.87,
            "account_receivable_turnover_ratio": 0.99,
            "reinvestment_rate": null,
            "research_to_sale_ratio": 0.04,
            "price_fair": 115.23,
            "eps_avg_yearly": 4.14,
            "eps_latest_yearly": 3.12,
            "eps_growth_yearly": 17.83
        },
        "20112": {
            "year_quarter": 20112,
            "year": 2011,
            "quarter": 2,
            "eps": 1.08,
            "eps_growth_year": 41.93,
            "eps_4q": 3.61,
            "eps_4q_growth_year": 13.35,
            "roe": 6.02,
            "roe_4q": 22.509999999999998,
            "gross_profit": 119623,
            "gross_margin": 21.14,
            "gross_margin_4q_avg": 22.04,
            "net_income": 83940,
            "net_income_4q": null,
            "revenue": 565734,
            "revenue_4q": null,
            "common_shares": 720000,
            "book_valuer_per_share": 18.35,
            "book_valuer_per_share_4q_avg": 18.5,
            "equity": 1321123,
            "current_ratio": 417.71,
            "debt_ratio": 25.28,
            "inventory_turnover_ratio": 1.05,
            "account_receivable_turnover_ratio": 1.33,
            "reinvestment_rate": null,
            "research_to_sale_ratio": 0.02,
            "price_fair": 146.16,
            "eps_avg_yearly": 4.18,
            "eps_latest_yearly": 4.32,
            "eps_growth_yearly": 45.04
        },
        "20113": {
            "year_quarter": 20113,
            "year": 2011,
            "quarter": 3,
            "eps": 0.71,
            "eps_growth_year": -19.48,
            "eps_4q": 3.58,
            "eps_4q_growth_year": 24.52,
            "roe": 4.05,
            "roe_4q": 20.82,
            "gross_profit": 82012,
            "gross_margin": 15.5,
            "gross_margin_4q_avg": 20.32,
            "net_income": 55748,
            "net_income_4q": null,
            "revenue": 529055,
            "revenue_4q": null,
            "common_shares": 780176,
            "book_valuer_per_share": 18.38,
            "book_valuer_per_share_4q_avg": 19.14,
            "equity": 1434026,
            "current_ratio": 473.6,
            "debt_ratio": 23.62,
            "inventory_turnover_ratio": 1.03,
            "account_receivable_turnover_ratio": 0.98,
            "reinvestment_rate": null,
            "research_to_sale_ratio": 0.02,
            "price_fair": 97.61,
            "eps_avg_yearly": 3.95,
            "eps_latest_yearly": 2.84,
            "eps_growth_yearly": 14.69
        },
        "20114": {
            "year_quarter": 20114,
            "year": 2011,
            "quarter": 4,
            "eps": 0.3,
            "eps_growth_year": -74.19,
            "eps_4q": 2.81,
            "eps_4q_growth_year": 5.88,
            "roe": 1.6,
            "roe_4q": 15.58,
            "gross_profit": 35387,
            "gross_margin": 7.1,
            "gross_margin_4q_avg": 16.02,
            "net_income": 23299,
            "net_income_4q": null,
            "revenue": 498377,
            "revenue_4q": null,
            "common_shares": 780176,
            "book_valuer_per_share": 18.96,
            "book_valuer_per_share_4q_avg": 19.01,
            "equity": 1479026,
            "current_ratio": 2834.13,
            "debt_ratio": 30.75,
            "inventory_turnover_ratio": 1.07,
            "account_receivable_turnover_ratio": 0.92,
            "reinvestment_rate": null,
            "research_to_sale_ratio": 0.02,
            "price_fair": 10.68,
            "eps_avg_yearly": 3.56,
            "eps_latest_yearly": 1.2,
            "eps_growth_yearly": -20.41
        },
        "20121": {
            "year_quarter": 20121,
            "year": 2012,
            "quarter": 1,
            "eps": 0.7,
            "eps_growth_year": -10.26,
            "eps_4q": 2.79,
            "eps_4q_growth_year": -18.79,
            "roe": 3.75,
            "roe_4q": 15.419999999999998,
            "gross_profit": 82082,
            "gross_margin": 19.94,
            "gross_margin_4q_avg": 15.92,
            "net_income": 54710,
            "net_income_4q": null,
            "revenue": 411709,
            "revenue_4q": null,
            "common_shares": 781180,
            "book_valuer_per_share": 18.45,
            "book_valuer_per_share_4q_avg": 18.54,
            "equity": 1441431,
            "current_ratio": 2829.53,
            "debt_ratio": 31.22,
            "inventory_turnover_ratio": 0.74,
            "account_receivable_turnover_ratio": 0.94,
            "reinvestment_rate": null,
            "research_to_sale_ratio": 0.02,
            "price_fair": 121.28,
            "eps_avg_yearly": 3.47,
            "eps_latest_yearly": 2.8,
            "eps_growth_yearly": 48.81
        },
        "20122": {
            "year_quarter": 20122,
            "year": 2012,
            "quarter": 2,
            "eps": 0.3,
            "eps_growth_year": -71.79,
            "eps_4q": 2.02,
            "eps_4q_growth_year": -44.13,
            "roe": 1.86,
            "roe_4q": 11.260000000000002,
            "gross_profit": 43870,
            "gross_margin": 9.99,
            "gross_margin_4q_avg": 13.13,
            "net_income": 23719,
            "net_income_4q": null,
            "revenue": 439147,
            "revenue_4q": null,
            "common_shares": 781420,
            "book_valuer_per_share": 14.16,
            "book_valuer_per_share_4q_avg": 17.49,
            "equity": 1106433,
            "current_ratio": 538.48,
            "debt_ratio": 45.13,
            "inventory_turnover_ratio": 0.87,
            "account_receivable_turnover_ratio": 1.06,
            "reinvestment_rate": null,
            "research_to_sale_ratio": 0.02,
            "price_fair": 89.94,
            "eps_avg_yearly": 3.21,
            "eps_latest_yearly": 1.2,
            "eps_growth_yearly": 17.99
        },
        "20123": {
            "year_quarter": 20123,
            "year": 2012,
            "quarter": 3,
            "eps": 0.27,
            "eps_growth_year": -61.95,
            "eps_4q": 1.64,
            "eps_4q_growth_year": -54.05,
            "roe": 1.82,
            "roe_4q": 9.03,
            "gross_profit": 40570,
            "gross_margin": 11.56,
            "gross_margin_4q_avg": 12.15,
            "net_income": 20160,
            "net_income_4q": null,
            "revenue": 350990,
            "revenue_4q": null,
            "common_shares": 741420,
            "book_valuer_per_share": 14.95,
            "book_valuer_per_share_4q_avg": 16.63,
            "equity": 1108612,
            "current_ratio": 821.27,
            "debt_ratio": 41.91,
            "inventory_turnover_ratio": 0.75,
            "account_receivable_turnover_ratio": 0.94,
            "reinvestment_rate": null,
            "research_to_sale_ratio": 0.02,
            "price_fair": 66.58,
            "eps_avg_yearly": 3,
            "eps_latest_yearly": 1.08,
            "eps_growth_yearly": 12.19
        },
        "20124": {
            "year_quarter": 20124,
            "year": 2012,
            "quarter": 4,
            "eps": 0.53,
            "eps_growth_year": 76.54,
            "eps_4q": 1.86,
            "eps_4q_growth_year": -33.88,
            "roe": 3.47,
            "roe_4q": 10.9,
            "gross_profit": 46519,
            "gross_margin": 11.41,
            "gross_margin_4q_avg": 13.23,
            "net_income": 39088,
            "net_income_4q": null,
            "revenue": 407531,
            "revenue_4q": null,
            "common_shares": 741420,
            "book_valuer_per_share": 15.41,
            "book_valuer_per_share_4q_avg": 15.74,
            "equity": 1142810,
            "current_ratio": 579.01,
            "debt_ratio": 36.82,
            "inventory_turnover_ratio": 0.91,
            "account_receivable_turnover_ratio": 1.42,
            "reinvestment_rate": null,
            "research_to_sale_ratio": 0.03,
            "price_fair": 102.2,
            "eps_avg_yearly": 2.92,
            "eps_latest_yearly": 2.12,
            "eps_growth_yearly": 46.1
        },
        "20131": {
            "year_quarter": 20131,
            "year": 2013,
            "quarter": 1,
            "eps": 0.47,
            "eps_growth_year": -32.86,
            "eps_4q": 1.59,
            "eps_4q_growth_year": -43.07,
            "roe": 2.94,
            "roe_4q": 10.09,
            "gross_profit": 53470,
            "gross_margin": 13.68,
            "gross_margin_4q_avg": 11.66,
            "net_income": 34659,
            "net_income_4q": null,
            "revenue": 391000,
            "revenue_4q": null,
            "common_shares": 741420,
            "book_valuer_per_share": 16.43,
            "book_valuer_per_share_4q_avg": 15.24,
            "equity": 1218096,
            "current_ratio": 530.28,
            "debt_ratio": 37.11,
            "inventory_turnover_ratio": 0.82,
            "account_receivable_turnover_ratio": 1.37,
            "reinvestment_rate": null,
            "research_to_sale_ratio": 0.03,
            "price_fair": 99.17,
            "eps_avg_yearly": 2.83,
            "eps_latest_yearly": 1.88,
            "eps_growth_yearly": 38.49
        },
        "20132": {
            "year_quarter": 20132,
            "year": 2013,
            "quarter": 2,
            "eps": 0.09,
            "eps_growth_year": -70.35,
            "eps_4q": 1.36,
            "eps_4q_growth_year": -32.63,
            "roe": 0.57,
            "roe_4q": 8.8,
            "gross_profit": 26817,
            "gross_margin": 7.99,
            "gross_margin_4q_avg": 11.16,
            "net_income": 6766,
            "net_income_4q": null,
            "revenue": 335836,
            "revenue_4q": null,
            "common_shares": 741420,
            "book_valuer_per_share": 15.77,
            "book_valuer_per_share_4q_avg": 15.64,
            "equity": 1169039,
            "current_ratio": 471.28,
            "debt_ratio": 38.88,
            "inventory_turnover_ratio": 0.71,
            "account_receivable_turnover_ratio": 1.15,
            "reinvestment_rate": 29.06,
            "research_to_sale_ratio": 0.03,
            "price_fair": 54.57,
            "eps_avg_yearly": 2.64,
            "eps_latest_yearly": 0.36,
            "eps_growth_yearly": 10.65
        },
        "20133": {
            "year_quarter": 20133,
            "year": 2013,
            "quarter": 3,
            "eps": 0.44,
            "eps_growth_year": 61.82,
            "eps_4q": 1.53,
            "eps_4q_growth_year": -7.09,
            "roe": 2.78,
            "roe_4q": 9.76,
            "gross_profit": 45233,
            "gross_margin": 12.75,
            "gross_margin_4q_avg": 11.46,
            "net_income": 32737,
            "net_income_4q": null,
            "revenue": 354784,
            "revenue_4q": null,
            "common_shares": 741420,
            "book_valuer_per_share": 15.95,
            "book_valuer_per_share_4q_avg": 15.89,
            "equity": 1182621,
            "current_ratio": 303.57,
            "debt_ratio": 45.67,
            "inventory_turnover_ratio": 0.7,
            "account_receivable_turnover_ratio": 1.46,
            "reinvestment_rate": 29.46,
            "research_to_sale_ratio": 0.03,
            "price_fair": 90.3,
            "eps_avg_yearly": 2.58,
            "eps_latest_yearly": 1.76,
            "eps_growth_yearly": 121
        },
        "20134": {
            "year_quarter": 20134,
            "year": 2013,
            "quarter": 4,
            "eps": 0.6,
            "eps_growth_year": 14.72,
            "eps_4q": 1.61,
            "eps_4q_growth_year": -13.56,
            "roe": 3.69,
            "roe_4q": 9.98,
            "gross_profit": 50863,
            "gross_margin": 12.17,
            "gross_margin_4q_avg": 11.65,
            "net_income": 44842,
            "net_income_4q": null,
            "revenue": 417800,
            "revenue_4q": null,
            "common_shares": 741420,
            "book_valuer_per_share": 16.83,
            "book_valuer_per_share_4q_avg": 16.25,
            "equity": 1248134,
            "current_ratio": 183.16,
            "debt_ratio": 48.62,
            "inventory_turnover_ratio": 0.86,
            "account_receivable_turnover_ratio": 2.02,
            "reinvestment_rate": -62.67,
            "research_to_sale_ratio": 0.03,
            "price_fair": 83.2,
            "eps_avg_yearly": 2.38,
            "eps_latest_yearly": 2.4,
            "eps_growth_yearly": 130.49
        },
        "20141": {
            "year_quarter": 20141,
            "year": 2014,
            "quarter": 1,
            "eps": 0.22,
            "eps_growth_year": -53.19,
            "eps_4q": 1.36,
            "eps_4q_growth_year": -14.5,
            "roe": 1.28,
            "roe_4q": 8.32,
            "gross_profit": 40120,
            "gross_margin": 12.47,
            "gross_margin_4q_avg": 11.35,
            "net_income": 16221,
            "net_income_4q": null,
            "revenue": 321734,
            "revenue_4q": null,
            "common_shares": 741420,
            "book_valuer_per_share": 17.22,
            "book_valuer_per_share_4q_avg": 16.44,
            "equity": 1276677,
            "current_ratio": 183.82,
            "debt_ratio": 48.93,
            "inventory_turnover_ratio": 0.64,
            "account_receivable_turnover_ratio": 1.69,
            "reinvestment_rate": 41.11,
            "research_to_sale_ratio": 0.03,
            "price_fair": 79.71,
            "eps_avg_yearly": 2.28,
            "eps_latest_yearly": 0.88,
            "eps_growth_yearly": 104.9
        },
        "20142": {
            "year_quarter": 20142,
            "year": 2014,
            "quarter": 2,
            "eps": 0.14,
            "eps_growth_year": 55.56,
            "eps_4q": 1.41,
            "eps_4q_growth_year": 3.58,
            "roe": 0.83,
            "roe_4q": 8.58,
            "gross_profit": 30709,
            "gross_margin": 10.83,
            "gross_margin_4q_avg": 12.06,
            "net_income": 10479,
            "net_income_4q": null,
            "revenue": 283662,
            "revenue_4q": null,
            "common_shares": 741420,
            "book_valuer_per_share": 16.96,
            "book_valuer_per_share_4q_avg": 16.74,
            "equity": 1257184,
            "current_ratio": 183.71,
            "debt_ratio": 48.96,
            "inventory_turnover_ratio": 0.56,
            "account_receivable_turnover_ratio": 1.38,
            "reinvestment_rate": -76.1,
            "research_to_sale_ratio": 0.04,
            "price_fair": 75.95,
            "eps_avg_yearly": 2.17,
            "eps_latest_yearly": 0.56,
            "eps_growth_yearly": 89.25
        },
        "20143": {
            "year_quarter": 20143,
            "year": 2014,
            "quarter": 3,
            "eps": 0.36,
            "eps_growth_year": -18.18,
            "eps_4q": 1.33,
            "eps_4q_growth_year": -13.23,
            "roe": 2.08,
            "roe_4q": 7.880000000000001,
            "gross_profit": 26079,
            "gross_margin": 10.21,
            "gross_margin_4q_avg": 11.42,
            "net_income": 26725,
            "net_income_4q": null,
            "revenue": 255351,
            "revenue_4q": null,
            "common_shares": 741420,
            "book_valuer_per_share": 17.79,
            "book_valuer_per_share_4q_avg": 17.2,
            "equity": 1318649,
            "current_ratio": 188.75,
            "debt_ratio": 47.77,
            "inventory_turnover_ratio": 0.54,
            "account_receivable_turnover_ratio": 1.2,
            "reinvestment_rate": -82.79,
            "research_to_sale_ratio": 0.04,
            "price_fair": 71.31,
            "eps_avg_yearly": 2.04,
            "eps_latest_yearly": 1.44,
            "eps_growth_yearly": 124.26
        },
        "20144": {
            "year_quarter": 20144,
            "year": 2014,
            "quarter": 4,
            "eps": -0.07,
            "eps_growth_year": -111.31,
            "eps_4q": 0.62,
            "eps_4q_growth_year": -61.61,
            "roe": -0.37,
            "roe_4q": 3.8200000000000003,
            "gross_profit": 6636,
            "gross_margin": 3.24,
            "gross_margin_4q_avg": 9.19,
            "net_income": -5338,
            "net_income_4q": null,
            "revenue": 204544,
            "revenue_4q": null,
            "common_shares": 780487,
            "book_valuer_per_share": 19.65,
            "book_valuer_per_share_4q_avg": 17.91,
            "equity": 1533817,
            "current_ratio": 173.26,
            "debt_ratio": 46.22,
            "inventory_turnover_ratio": 0.47,
            "account_receivable_turnover_ratio": 1.14,
            "reinvestment_rate": -57.66,
            "research_to_sale_ratio": 0.06,
            "price_fair": 65.24,
            "eps_avg_yearly": 1.86,
            "eps_latest_yearly": 1.44,
            "eps_growth_yearly": 124.46
        },
        "20151": {
            "year_quarter": 20151,
            "year": 2015,
            "quarter": 1,
            "eps": -0.41,
            "eps_growth_year": -286.36,
            "eps_4q": -0.01,
            "eps_4q_growth_year": -100.78,
            "roe": -2.12,
            "roe_4q": 0.4199999999999998,
            "gross_profit": -11209,
            "gross_margin": -6.14,
            "gross_margin_4q_avg": 4.54,
            "net_income": -32711,
            "net_income_4q": null,
            "revenue": 182599,
            "revenue_4q": null,
            "common_shares": 799013,
            "book_valuer_per_share": 19.49,
            "book_valuer_per_share_4q_avg": 18.47,
            "equity": 1556928,
            "current_ratio": 190.8,
            "debt_ratio": 42.09,
            "inventory_turnover_ratio": 0.5,
            "account_receivable_turnover_ratio": 1.13,
            "reinvestment_rate": -98.55,
            "research_to_sale_ratio": 0.05,
            "price_fair": 62.1,
            "eps_avg_yearly": 1.77,
            "eps_latest_yearly": 1.44,
            "eps_growth_yearly": 142.71
        },
        "20152": {
            "year_quarter": 20152,
            "year": 2015,
            "quarter": 2,
            "eps": -0.42,
            "eps_growth_year": -400,
            "eps_4q": -0.56,
            "eps_4q_growth_year": -140.01,
            "roe": -2.2,
            "roe_4q": -2.6100000000000003,
            "gross_profit": -18740,
            "gross_margin": -10.46,
            "gross_margin_4q_avg": -0.79,
            "net_income": -33652,
            "net_income_4q": null,
            "revenue": 179237,
            "revenue_4q": null,
            "common_shares": 799209,
            "book_valuer_per_share": 18.77,
            "book_valuer_per_share_4q_avg": 18.93,
            "equity": 1500492,
            "current_ratio": 188.33,
            "debt_ratio": 42.61,
            "inventory_turnover_ratio": 0.62,
            "account_receivable_turnover_ratio": 1.14,
            "reinvestment_rate": -156.99,
            "research_to_sale_ratio": 0.06,
            "price_fair": 55.25,
            "eps_avg_yearly": 1.58,
            "eps_latest_yearly": 1.44,
            "eps_growth_yearly": 141.85
        },
        "20153": {
            "year_quarter": 20153,
            "year": 2015,
            "quarter": 3,
            "eps": -0.69,
            "eps_growth_year": -291.67,
            "eps_4q": -1.59,
            "eps_4q_growth_year": -219.68,
            "roe": -3.63,
            "roe_4q": -8.32,
            "gross_profit": 6090,
            "gross_margin": 3.88,
            "gross_margin_4q_avg": -2.37,
            "net_income": -55070,
            "net_income_4q": null,
            "revenue": 157109,
            "revenue_4q": null,
            "common_shares": 799209,
            "book_valuer_per_share": 19.18,
            "book_valuer_per_share_4q_avg": 19.27,
            "equity": 1532527,
            "current_ratio": 199.84,
            "debt_ratio": 41.13,
            "inventory_turnover_ratio": 0.54,
            "account_receivable_turnover_ratio": 1.26,
            "reinvestment_rate": -322.74,
            "research_to_sale_ratio": 0.07,
            "price_fair": 51.57,
            "eps_avg_yearly": 1.47,
            "eps_latest_yearly": 1.44,
            "eps_growth_yearly": 165.09
        },
        "20154": {
            "year_quarter": 20154,
            "year": 2015,
            "quarter": 4,
            "eps": -3.06,
            "eps_growth_year": null,
            "eps_4q": -4.58,
            "eps_4q_growth_year": -843.44,
            "roe": -17.61,
            "roe_4q": -25.56,
            "gross_profit": -4309,
            "gross_margin": -3.94,
            "gross_margin_4q_avg": -4.17,
            "net_income": -244640,
            "net_income_4q": null,
            "revenue": 109318,
            "revenue_4q": null,
            "common_shares": 799209,
            "book_valuer_per_share": 15.58,
            "book_valuer_per_share_4q_avg": 18.26,
            "equity": 1245303,
            "current_ratio": 237.16,
            "debt_ratio": 38.39,
            "inventory_turnover_ratio": 0.43,
            "account_receivable_turnover_ratio": 1.13,
            "reinvestment_rate": null,
            "research_to_sale_ratio": 0.12,
            "price_fair": 52.44,
            "eps_avg_yearly": 1.5,
            "eps_latest_yearly": 1.44,
            "eps_growth_yearly": 201.1
        },
        "20161": {
            "year_quarter": 20161,
            "year": 2016,
            "quarter": 1,
            "eps": 0.14,
            "eps_growth_year": null,
            "eps_4q": -4.03,
            "eps_4q_growth_year": null,
            "roe": 0.89,
            "roe_4q": -22.549999999999997,
            "gross_profit": 24323,
            "gross_margin": 24.02,
            "gross_margin_4q_avg": 3.38,
            "net_income": 11029,
            "net_income_4q": null,
            "revenue": 101265,
            "revenue_4q": null,
            "common_shares": 799209,
            "book_valuer_per_share": 15.56,
            "book_valuer_per_share_4q_avg": 17.27,
            "equity": 1243867,
            "current_ratio": 236.69,
            "debt_ratio": 38.67,
            "inventory_turnover_ratio": 0.3,
            "account_receivable_turnover_ratio": 1.25,
            "reinvestment_rate": null,
            "research_to_sale_ratio": 0.09,
            "price_fair": 47.88,
            "eps_avg_yearly": 1.37,
            "eps_latest_yearly": 1.44,
            "eps_growth_yearly": 167.87
        },
        "20162": {
            "year_quarter": 20162,
            "year": 2016,
            "quarter": 2,
            "eps": -0.09,
            "eps_growth_year": null,
            "eps_4q": -3.71,
            "eps_4q_growth_year": null,
            "roe": -0.61,
            "roe_4q": -20.959999999999997,
            "gross_profit": 5598,
            "gross_margin": 4.79,
            "gross_margin_4q_avg": 7.19,
            "net_income": -7445,
            "net_income_4q": null,
            "revenue": 116786,
            "revenue_4q": null,
            "common_shares": 799209,
            "book_valuer_per_share": 15.19,
            "book_valuer_per_share_4q_avg": 16.38,
            "equity": 1213735,
            "current_ratio": 235.78,
            "debt_ratio": 38.98,
            "inventory_turnover_ratio": 0.42,
            "account_receivable_turnover_ratio": 1.52,
            "reinvestment_rate": null,
            "research_to_sale_ratio": 0.09,
            "price_fair": 48.53,
            "eps_avg_yearly": 1.39,
            "eps_latest_yearly": 1.44,
            "eps_growth_yearly": 211.92
        },
        "20163": {
            "year_quarter": 20163,
            "year": 2016,
            "quarter": 3,
            "eps": 0,
            "eps_growth_year": null,
            "eps_4q": -3.01,
            "eps_4q_growth_year": null,
            "roe": 0.02,
            "roe_4q": -17.31,
            "gross_profit": 22331,
            "gross_margin": 20.54,
            "gross_margin_4q_avg": 11.35,
            "net_income": 217,
            "net_income_4q": null,
            "revenue": 108696,
            "revenue_4q": null,
            "common_shares": 799209,
            "book_valuer_per_share": 14.76,
            "book_valuer_per_share_4q_avg": 15.27,
            "equity": 1179268,
            "current_ratio": 248.35,
            "debt_ratio": 37.63,
            "inventory_turnover_ratio": 0.31,
            "account_receivable_turnover_ratio": 1.54,
            "reinvestment_rate": null,
            "research_to_sale_ratio": 0.09,
            "price_fair": 49.88,
            "eps_avg_yearly": 1.43,
            "eps_latest_yearly": 1.44,
            "eps_growth_yearly": 243.41
        },
        "20164": {
            "year_quarter": 20164,
            "year": 2016,
            "quarter": 4,
            "eps": 0.08,
            "eps_growth_year": null,
            "eps_4q": 0.12,
            "eps_4q_growth_year": null,
            "roe": 0.51,
            "roe_4q": 0.81,
            "gross_profit": 11628,
            "gross_margin": 9.99,
            "gross_margin_4q_avg": 14.84,
            "net_income": 6030,
            "net_income_4q": null,
            "revenue": 116406,
            "revenue_4q": null,
            "common_shares": 799209,
            "book_valuer_per_share": 14.77,
            "book_valuer_per_share_4q_avg": 15.07,
            "equity": 1180047,
            "current_ratio": 242.31,
            "debt_ratio": 36.46,
            "inventory_turnover_ratio": 0.37,
            "account_receivable_turnover_ratio": 1.88,
            "reinvestment_rate": null,
            "research_to_sale_ratio": 0.12,
            "price_fair": 46.4,
            "eps_avg_yearly": 1.33,
            "eps_latest_yearly": 1.44,
            "eps_growth_yearly": 223.16
        },
        "20171": {
            "year_quarter": 20171,
            "year": 2017,
            "quarter": 1,
            "eps": -0.32,
            "eps_growth_year": -328.57,
            "eps_4q": -0.33,
            "eps_4q_growth_year": null,
            "roe": -2.21,
            "roe_4q": -2.29,
            "gross_profit": -381,
            "gross_margin": -0.44,
            "gross_margin_4q_avg": 8.72,
            "net_income": -25209,
            "net_income_4q": null,
            "revenue": 86901,
            "revenue_4q": null,
            "common_shares": 799209,
            "book_valuer_per_share": 13.75,
            "book_valuer_per_share_4q_avg": 14.62,
            "equity": 1098957,
            "current_ratio": 222.31,
            "debt_ratio": 39.12,
            "inventory_turnover_ratio": 0.32,
            "account_receivable_turnover_ratio": 1.56,
            "reinvestment_rate": null,
            "research_to_sale_ratio": 0.12,
            "price_fair": 43.17,
            "eps_avg_yearly": 1.23,
            "eps_latest_yearly": 1.44,
            "eps_growth_yearly": 267.9
        },
        "20172": {
            "year_quarter": 20172,
            "year": 2017,
            "quarter": 2,
            "eps": 0.02,
            "eps_growth_year": null,
            "eps_4q": -0.22,
            "eps_4q_growth_year": null,
            "roe": 0.11,
            "roe_4q": -1.57,
            "gross_profit": 3226,
            "gross_margin": 3.2,
            "gross_margin_4q_avg": 8.32,
            "net_income": 1262,
            "net_income_4q": null,
            "revenue": 100875,
            "revenue_4q": null,
            "common_shares": 799209,
            "book_valuer_per_share": 13.94,
            "book_valuer_per_share_4q_avg": 14.31,
            "equity": 1114388,
            "current_ratio": 219.62,
            "debt_ratio": 39.61,
            "inventory_turnover_ratio": 0.36,
            "account_receivable_turnover_ratio": 1.65,
            "reinvestment_rate": null,
            "research_to_sale_ratio": 0.03,
            "price_fair": 49.28,
            "eps_avg_yearly": 1.41,
            "eps_latest_yearly": 1.44,
            "eps_growth_yearly": 386.16
        },
        "20173": {
            "year_quarter": 20173,
            "year": 2017,
            "quarter": 3,
            "eps": 0.11,
            "eps_growth_year": null,
            "eps_4q": -0.12,
            "eps_4q_growth_year": null,
            "roe": 0.75,
            "roe_4q": -0.8400000000000001,
            "gross_profit": 10492,
            "gross_margin": 2.72,
            "gross_margin_4q_avg": 3.87,
            "net_income": 8399,
            "net_income_4q": null,
            "revenue": 385838,
            "revenue_4q": null,
            "common_shares": 799209,
            "book_valuer_per_share": 14.18,
            "book_valuer_per_share_4q_avg": 14.16,
            "equity": 1133087,
            "current_ratio": 214.8,
            "debt_ratio": 40.48,
            "inventory_turnover_ratio": 1.4,
            "account_receivable_turnover_ratio": 3.72,
            "reinvestment_rate": null,
            "research_to_sale_ratio": 0,
            "price_fair": 40.04,
            "eps_avg_yearly": 1.14,
            "eps_latest_yearly": 0.44,
            "eps_growth_yearly": 435.05
        },
        "20174": {
            "year_quarter": 20174,
            "year": 2017,
            "quarter": 4,
            "eps": -0.01,
            "eps_growth_year": -111.77,
            "eps_4q": -0.2,
            "eps_4q_growth_year": -265.37,
            "roe": -0.06,
            "roe_4q": -1.4100000000000001,
            "gross_profit": 9199,
            "gross_margin": 1.61,
            "gross_margin_4q_avg": 1.77,
            "net_income": -710,
            "net_income_4q": null,
            "revenue": 570807,
            "revenue_4q": null,
            "common_shares": 799209,
            "book_valuer_per_share": 14.14,
            "book_valuer_per_share_4q_avg": 14,
            "equity": 1130154,
            "current_ratio": 200.36,
            "debt_ratio": 42.93,
            "inventory_turnover_ratio": 2.09,
            "account_receivable_turnover_ratio": 4.65,
            "reinvestment_rate": null,
            "research_to_sale_ratio": 0.01,
            "price_fair": 29.05,
            "eps_avg_yearly": 0.83,
            "eps_latest_yearly": 0.44,
            "eps_growth_yearly": 507.45
        },
        "20181": {
            "year_quarter": 20181,
            "year": 2018,
            "quarter": 1,
            "eps": -0.33,
            "eps_growth_year": null,
            "eps_4q": -0.23,
            "eps_4q_growth_year": null,
            "roe": -2.42,
            "roe_4q": -1.6199999999999999,
            "gross_profit": 4364,
            "gross_margin": 1.7,
            "gross_margin_4q_avg": 2.31,
            "net_income": -27064,
            "net_income_4q": null,
            "revenue": 257362,
            "revenue_4q": null,
            "common_shares": 799209,
            "book_valuer_per_share": 13.89,
            "book_valuer_per_share_4q_avg": 14.04,
            "equity": 1110442,
            "current_ratio": 200.92,
            "debt_ratio": 44.07,
            "inventory_turnover_ratio": 0.97,
            "account_receivable_turnover_ratio": 3.18,
            "reinvestment_rate": null,
            "research_to_sale_ratio": 0,
            "price_fair": 28.47,
            "eps_avg_yearly": 0.81,
            "eps_latest_yearly": 0.44,
            "eps_growth_yearly": 761.04
        },
        "20182": {
            "year_quarter": 20182,
            "year": 2018,
            "quarter": 2,
            "eps": 0.13,
            "eps_growth_year": 550,
            "eps_4q": -0.12,
            "eps_4q_growth_year": null,
            "roe": 0.9,
            "roe_4q": -0.8300000000000001,
            "gross_profit": 6389,
            "gross_margin": 1.92,
            "gross_margin_4q_avg": 1.99,
            "net_income": 10084,
            "net_income_4q": null,
            "revenue": 333181,
            "revenue_4q": null,
            "common_shares": 799209,
            "book_valuer_per_share": 14.06,
            "book_valuer_per_share_4q_avg": 14.07,
            "equity": 1123747,
            "current_ratio": 203.65,
            "debt_ratio": 43.47,
            "inventory_turnover_ratio": 1.3,
            "account_receivable_turnover_ratio": 4.98,
            "reinvestment_rate": null,
            "research_to_sale_ratio": 0,
            "price_fair": 32.9,
            "eps_avg_yearly": 0.94,
            "eps_latest_yearly": 0.44,
            "eps_growth_yearly": 1214.29
        },
        "20183": {
            "year_quarter": 20183,
            "year": 2018,
            "quarter": 3,
            "eps": -0.12,
            "eps_growth_year": -209.09,
            "eps_4q": -0.34,
            "eps_4q_growth_year": null,
            "roe": -0.87,
            "roe_4q": -2.4499999999999997,
            "gross_profit": 4720,
            "gross_margin": 1.01,
            "gross_margin_4q_avg": 1.56,
            "net_income": -9650,
            "net_income_4q": null,
            "revenue": 466342,
            "revenue_4q": null,
            "common_shares": 799209,
            "book_valuer_per_share": 13.6,
            "book_valuer_per_share_4q_avg": 13.92,
            "equity": 1087230,
            "current_ratio": 199.77,
            "debt_ratio": 42.75,
            "inventory_turnover_ratio": 1.85,
            "account_receivable_turnover_ratio": 6.02,
            "reinvestment_rate": null,
            "research_to_sale_ratio": 0,
            "price_fair": 15.4,
            "eps_avg_yearly": 0.44,
            "eps_latest_yearly": 0.44,
            "eps_growth_yearly": 1800
        },
        "20184": {
            "year_quarter": 20184,
            "year": 2018,
            "quarter": 4,
            "eps": 0.12,
            "eps_growth_year": null,
            "eps_4q": -0.21,
            "eps_4q_growth_year": null,
            "roe": 0.88,
            "roe_4q": -1.5099999999999998,
            "gross_profit": 5541,
            "gross_margin": 1.13,
            "gross_margin_4q_avg": 1.44,
            "net_income": 9642,
            "net_income_4q": null,
            "revenue": 490883,
            "revenue_4q": null,
            "common_shares": 799209,
            "book_valuer_per_share": 13.82,
            "book_valuer_per_share_4q_avg": 13.84,
            "equity": 1104815,
            "current_ratio": 196.27,
            "debt_ratio": 42.28,
            "inventory_turnover_ratio": 1.98,
            "account_receivable_turnover_ratio": 4.67,
            "reinvestment_rate": null,
            "research_to_sale_ratio": 0.01,
            "price_fair": 15.4,
            "eps_avg_yearly": 0.44,
            "eps_latest_yearly": 0.44,
            "eps_growth_yearly": 1800
        },
        "20191": {
            "year_quarter": 20191,
            "year": 2019,
            "quarter": 1,
            "eps": 0.06,
            "eps_growth_year": null,
            "eps_4q": 0.19,
            "eps_4q_growth_year": null,
            "roe": 0.45,
            "roe_4q": 1.36,
            "gross_profit": 8692,
            "gross_margin": 4.08,
            "gross_margin_4q_avg": 2.04,
            "net_income": 4989,
            "net_income_4q": null,
            "revenue": 213264,
            "revenue_4q": null,
            "common_shares": 799209,
            "book_valuer_per_share": 14.13,
            "book_valuer_per_share_4q_avg": 13.9,
            "equity": 1129644,
            "current_ratio": 209.27,
            "debt_ratio": 43.76,
            "inventory_turnover_ratio": 0.83,
            "account_receivable_turnover_ratio": 2.04,
            "reinvestment_rate": null,
            "research_to_sale_ratio": null,
            "price_fair": 11.9,
            "eps_avg_yearly": 0.34,
            "eps_latest_yearly": 0.24,
            "eps_growth_yearly": 800
        },
        "20192": {
            "year_quarter": 20192,
            "year": 2019,
            "quarter": 2,
            "eps": -0.09,
            "eps_growth_year": -169.23,
            "eps_4q": -0.03,
            "eps_4q_growth_year": null,
            "roe": -0.63,
            "roe_4q": -0.17000000000000004,
            "gross_profit": -1057,
            "gross_margin": -0.92,
            "gross_margin_4q_avg": 1.33,
            "net_income": -7025,
            "net_income_4q": null,
            "revenue": 115380,
            "revenue_4q": null,
            "common_shares": 799209,
            "book_valuer_per_share": 13.96,
            "book_valuer_per_share_4q_avg": 13.88,
            "equity": 1115813,
            "current_ratio": 208.73,
            "debt_ratio": 44,
            "inventory_turnover_ratio": 0.47,
            "account_receivable_turnover_ratio": 1.5,
            "reinvestment_rate": null,
            "research_to_sale_ratio": 0,
            "price_fair": 11.9,
            "eps_avg_yearly": 0.34,
            "eps_latest_yearly": 0.24,
            "eps_growth_yearly": 800
        },
        "20193": {
            "year_quarter": 20193,
            "year": 2019,
            "quarter": 3,
            "eps": -0.25,
            "eps_growth_year": null,
            "eps_4q": -0.15,
            "eps_4q_growth_year": null,
            "roe": -1.79,
            "roe_4q": -1.0899999999999999,
            "gross_profit": -8877,
            "gross_margin": -7.32,
            "gross_margin_4q_avg": -0.76,
            "net_income": -19773,
            "net_income_4q": null,
            "revenue": 121332,
            "revenue_4q": null,
            "common_shares": 799209,
            "book_valuer_per_share": 13.31,
            "book_valuer_per_share_4q_avg": 13.81,
            "equity": 1099518,
            "current_ratio": 204.97,
            "debt_ratio": 44.41,
            "inventory_turnover_ratio": 0.56,
            "account_receivable_turnover_ratio": 1.55,
            "reinvestment_rate": null,
            "research_to_sale_ratio": null,
            "price_fair": 11.9,
            "eps_avg_yearly": 0.34,
            "eps_latest_yearly": 0.24,
            "eps_growth_yearly": 800
        },
        "20194": {
            "year_quarter": 20194,
            "year": 2019,
            "quarter": 4,
            "eps": 0,
            "eps_growth_year": -99.11,
            "eps_4q": -0.27,
            "eps_4q_growth_year": null,
            "roe": -0,
            "roe_4q": -1.97,
            "gross_profit": 6496,
            "gross_margin": 5.89,
            "gross_margin_4q_avg": 0.43,
            "net_income": -7,
            "net_income_4q": null,
            "revenue": 110217,
            "revenue_4q": null,
            "common_shares": 799209,
            "book_valuer_per_share": 14.28,
            "book_valuer_per_share_4q_avg": 13.92,
            "equity": 1233699,
            "current_ratio": 257.2,
            "debt_ratio": 36.88,
            "inventory_turnover_ratio": 0.47,
            "account_receivable_turnover_ratio": 1.41,
            "reinvestment_rate": null,
            "research_to_sale_ratio": null,
            "price_fair": 11.9,
            "eps_avg_yearly": 0.34,
            "eps_latest_yearly": 0.24,
            "eps_growth_yearly": 800
        },
        "20201": {
            "year_quarter": 20201,
            "year": 2020,
            "quarter": 1,
            "eps": -0.15,
            "eps_growth_year": -350,
            "eps_4q": -0.48,
            "eps_4q_growth_year": -354.7,
            "roe": -0.96,
            "roe_4q": -3.38,
            "gross_profit": -5650,
            "gross_margin": -9.08,
            "gross_margin_4q_avg": -2.86,
            "net_income": -11896,
            "net_income_4q": null,
            "revenue": 62231,
            "revenue_4q": null,
            "common_shares": 799209,
            "book_valuer_per_share": 14.06,
            "book_valuer_per_share_4q_avg": 13.9,
            "equity": 1232409,
            "current_ratio": 250.29,
            "debt_ratio": 36.13,
            "inventory_turnover_ratio": 0.31,
            "account_receivable_turnover_ratio": 0.83,
            "reinvestment_rate": null,
            "research_to_sale_ratio": null,
            "price_fair": 11.9,
            "eps_avg_yearly": 0.34,
            "eps_latest_yearly": 0.24,
            "eps_growth_yearly": 800
        },
        "20202": {
            "year_quarter": 20202,
            "year": 2020,
            "quarter": 2,
            "eps": -0.12,
            "eps_growth_year": null,
            "eps_4q": -0.5,
            "eps_4q_growth_year": null,
            "roe": -0.66,
            "roe_4q": -3.41,
            "gross_profit": 4202,
            "gross_margin": 5.05,
            "gross_margin_4q_avg": -1.37,
            "net_income": -9270,
            "net_income_4q": null,
            "revenue": 83188,
            "revenue_4q": null,
            "common_shares": 799209,
            "book_valuer_per_share": 15.87,
            "book_valuer_per_share_4q_avg": 14.38,
            "equity": 1590074,
            "current_ratio": 302.65,
            "debt_ratio": 34.65,
            "inventory_turnover_ratio": 0.37,
            "account_receivable_turnover_ratio": 1.19,
            "reinvestment_rate": null,
            "research_to_sale_ratio": null,
            "price_fair": 11.9,
            "eps_avg_yearly": 0.34,
            "eps_latest_yearly": 0.24,
            "eps_growth_yearly": 800
        },
        "20203": {
            "year_quarter": 20203,
            "year": 2020,
            "quarter": 3,
            "eps": 0.04,
            "eps_growth_year": null,
            "eps_4q": -0.22,
            "eps_4q_growth_year": null,
            "roe": 0.23,
            "roe_4q": -1.3900000000000001,
            "gross_profit": 13333,
            "gross_margin": 20.04,
            "gross_margin_4q_avg": 5.48,
            "net_income": 3709,
            "net_income_4q": null,
            "revenue": 66528,
            "revenue_4q": null,
            "common_shares": 799209,
            "book_valuer_per_share": 16.03,
            "book_valuer_per_share_4q_avg": 15.06,
            "equity": 1603087,
            "current_ratio": 307.18,
            "debt_ratio": 34.1,
            "inventory_turnover_ratio": 0.24,
            "account_receivable_turnover_ratio": 1.03,
            "reinvestment_rate": null,
            "research_to_sale_ratio": null,
            "price_fair": 11.9,
            "eps_avg_yearly": 0.34,
            "eps_latest_yearly": 0.24,
            "eps_growth_yearly": 800
        },
        "20204": {
            "year_quarter": 20204,
            "year": 2020,
            "quarter": 4,
            "eps": 0.08,
            "eps_growth_year": 7673.7,
            "eps_4q": -0.13,
            "eps_4q_growth_year": null,
            "roe": 0.49,
            "roe_4q": -0.9,
            "gross_profit": 10315,
            "gross_margin": 19.79,
            "gross_margin_4q_avg": 8.95,
            "net_income": 7842,
            "net_income_4q": null,
            "revenue": 52133,
            "revenue_4q": null,
            "common_shares": 799209,
            "book_valuer_per_share": 16.29,
            "book_valuer_per_share_4q_avg": 15.56,
            "equity": 1624772,
            "current_ratio": 294.97,
            "debt_ratio": 35.54,
            "inventory_turnover_ratio": 0.18,
            "account_receivable_turnover_ratio": 0.98,
            "reinvestment_rate": null,
            "research_to_sale_ratio": null,
            "price_fair": 11.67,
            "eps_avg_yearly": 0.33,
            "eps_latest_yearly": 0.32,
            "eps_growth_yearly": 666.67
        },
        "20211": {
            "year_quarter": 20211,
            "year": 2021,
            "quarter": 1,
            "eps": -0.05,
            "eps_growth_year": null,
            "eps_4q": -0.04,
            "eps_4q_growth_year": null,
            "roe": -0.34,
            "roe_4q": -0.28,
            "gross_profit": 5130,
            "gross_margin": 13.78,
            "gross_margin_4q_avg": 14.67,
            "net_income": -5541,
            "net_income_4q": null,
            "revenue": 37232,
            "revenue_4q": null,
            "common_shares": 799209,
            "book_valuer_per_share": 16.33,
            "book_valuer_per_share_4q_avg": 16.13,
            "equity": 1626893,
            "current_ratio": 743.5,
            "debt_ratio": 36.14,
            "inventory_turnover_ratio": 0.14,
            "account_receivable_turnover_ratio": 0.96,
            "reinvestment_rate": null,
            "research_to_sale_ratio": null,
            "price_fair": 11.67,
            "eps_avg_yearly": 0.33,
            "eps_latest_yearly": 0.32,
            "eps_growth_yearly": 666.67
        },
        "20212": {
            "year_quarter": 20212,
            "year": 2021,
            "quarter": 2,
            "eps": -0.04,
            "eps_growth_year": null,
            "eps_4q": 0.03,
            "eps_4q_growth_year": null,
            "roe": -0.24,
            "roe_4q": 0.13999999999999993,
            "gross_profit": 5287,
            "gross_margin": 11.1,
            "gross_margin_4q_avg": 16.18,
            "net_income": -4025,
            "net_income_4q": null,
            "revenue": 47635,
            "revenue_4q": null,
            "common_shares": 818209,
            "book_valuer_per_share": 16.93,
            "book_valuer_per_share_4q_avg": 16.4,
            "equity": 1705692,
            "current_ratio": 1911.17,
            "debt_ratio": 32.41,
            "inventory_turnover_ratio": 0.18,
            "account_receivable_turnover_ratio": 1.44,
            "reinvestment_rate": null,
            "research_to_sale_ratio": null,
            "price_fair": 11.67,
            "eps_avg_yearly": 0.33,
            "eps_latest_yearly": 0.32,
            "eps_growth_yearly": 666.67
        },
        "20213": {
            "year_quarter": 20213,
            "year": 2021,
            "quarter": 3,
            "eps": -0.01,
            "eps_growth_year": -125,
            "eps_4q": -0.02,
            "eps_4q_growth_year": null,
            "roe": -0.11,
            "roe_4q": -0.19999999999999996,
            "gross_profit": 3248,
            "gross_margin": 5.94,
            "gross_margin_4q_avg": 12.65,
            "net_income": -1872,
            "net_income_4q": null,
            "revenue": 54713,
            "revenue_4q": null,
            "common_shares": 818209,
            "book_valuer_per_share": 16.89,
            "book_valuer_per_share_4q_avg": 16.61,
            "equity": 1702244,
            "current_ratio": 1016.49,
            "debt_ratio": 33.81,
            "inventory_turnover_ratio": 0.22,
            "account_receivable_turnover_ratio": 1.66,
            "reinvestment_rate": null,
            "research_to_sale_ratio": null,
            "price_fair": 9.8,
            "eps_avg_yearly": 0.28,
            "eps_latest_yearly": 0.32,
            "eps_growth_yearly": 100
        },
        "20214": {
            "year_quarter": 20214,
            "year": 2021,
            "quarter": 4,
            "eps": -0.06,
            "eps_growth_year": -174.31,
            "eps_4q": -0.16,
            "eps_4q_growth_year": null,
            "roe": -0.35,
            "roe_4q": -1.04,
            "gross_profit": 2923,
            "gross_margin": 5.43,
            "gross_margin_4q_avg": 9.06,
            "net_income": -5932,
            "net_income_4q": null,
            "revenue": 53874,
            "revenue_4q": null,
            "common_shares": 818209,
            "book_valuer_per_share": 16.89,
            "book_valuer_per_share_4q_avg": 16.76,
            "equity": 1701354,
            "current_ratio": 1426.05,
            "debt_ratio": 38.48,
            "inventory_turnover_ratio": 0.21,
            "account_receivable_turnover_ratio": 1.6,
            "reinvestment_rate": null,
            "research_to_sale_ratio": null,
            "price_fair": 9.8,
            "eps_avg_yearly": 0.28,
            "eps_latest_yearly": 0.32,
            "eps_growth_yearly": 100
        },
        "20221": {
            "year_quarter": 20221,
            "year": 2022,
            "quarter": 1,
            "eps": 0.02,
            "eps_growth_year": null,
            "eps_4q": -0.09,
            "eps_4q_growth_year": null,
            "roe": 0.19,
            "roe_4q": -0.51,
            "gross_profit": 813,
            "gross_margin": 2.3,
            "gross_margin_4q_avg": 6.19,
            "net_income": 3220,
            "net_income_4q": null,
            "revenue": 35354,
            "revenue_4q": null,
            "common_shares": 818209,
            "book_valuer_per_share": 17.38,
            "book_valuer_per_share_4q_avg": 17.02,
            "equity": 1749818,
            "current_ratio": 2067.71,
            "debt_ratio": 37.15,
            "inventory_turnover_ratio": 0.14,
            "account_receivable_turnover_ratio": 1.3,
            "reinvestment_rate": null,
            "research_to_sale_ratio": null,
            "price_fair": 9.8,
            "eps_avg_yearly": 0.28,
            "eps_latest_yearly": 0.32,
            "eps_growth_yearly": 100
        },
        "20222": {
            "year_quarter": 20222,
            "year": 2022,
            "quarter": 2,
            "eps": -0.09,
            "eps_growth_year": null,
            "eps_4q": -0.14,
            "eps_4q_growth_year": -549.24,
            "roe": -0.57,
            "roe_4q": -0.84,
            "gross_profit": 2529,
            "gross_margin": 6.17,
            "gross_margin_4q_avg": 4.96,
            "net_income": -9778,
            "net_income_4q": null,
            "revenue": 40981,
            "revenue_4q": null,
            "common_shares": 818209,
            "book_valuer_per_share": 16.76,
            "book_valuer_per_share_4q_avg": 16.98,
            "equity": 1696263,
            "current_ratio": 1089.28,
            "debt_ratio": 39.03,
            "inventory_turnover_ratio": 0.15,
            "account_receivable_turnover_ratio": 1.48,
            "reinvestment_rate": null,
            "research_to_sale_ratio": null,
            "price_fair": 9.8,
            "eps_avg_yearly": 0.28,
            "eps_latest_yearly": 0.32,
            "eps_growth_yearly": 100
        },
        "20223": {
            "year_quarter": 20223,
            "year": 2022,
            "quarter": 3,
            "eps": -0.09,
            "eps_growth_year": null,
            "eps_4q": -0.21,
            "eps_4q_growth_year": null,
            "roe": -0.52,
            "roe_4q": -1.25,
            "gross_profit": -3912,
            "gross_margin": -16.14,
            "gross_margin_4q_avg": -0.56,
            "net_income": -8941,
            "net_income_4q": null,
            "revenue": 24245,
            "revenue_4q": null,
            "common_shares": 818209,
            "book_valuer_per_share": 16.96,
            "book_valuer_per_share_4q_avg": 17,
            "equity": 1711592,
            "current_ratio": 885.33,
            "debt_ratio": 38.95,
            "inventory_turnover_ratio": 0.11,
            "account_receivable_turnover_ratio": 0.9,
            "reinvestment_rate": null,
            "research_to_sale_ratio": null,
            "price_fair": 9.8,
            "eps_avg_yearly": 0.28,
            "eps_latest_yearly": 0.32,
            "eps_growth_yearly": 100
        },
        "20224": {
            "year_quarter": 20224,
            "year": 2022,
            "quarter": 4,
            "eps": -0.43,
            "eps_growth_year": null,
            "eps_4q": -0.58,
            "eps_4q_growth_year": null,
            "roe": -2.28,
            "roe_4q": -3.1799999999999997,
            "gross_profit": 3459,
            "gross_margin": 14.77,
            "gross_margin_4q_avg": 1.78,
            "net_income": -38390,
            "net_income_4q": null,
            "revenue": 23414,
            "revenue_4q": null,
            "common_shares": 818209,
            "book_valuer_per_share": 16.33,
            "book_valuer_per_share_4q_avg": 16.86,
            "equity": 1653406,
            "current_ratio": 673.17,
            "debt_ratio": 42.23,
            "inventory_turnover_ratio": 0.08,
            "account_receivable_turnover_ratio": 1.16,
            "reinvestment_rate": null,
            "research_to_sale_ratio": null,
            "price_fair": 9.8,
            "eps_avg_yearly": 0.28,
            "eps_latest_yearly": 0.32,
            "eps_growth_yearly": 100
        },
        "20231": {
            "year_quarter": 20231,
            "year": 2023,
            "quarter": 1,
            "eps": -0.16,
            "eps_growth_year": -900,
            "eps_4q": -0.76,
            "eps_4q_growth_year": null,
            "roe": -0.95,
            "roe_4q": -4.319999999999999,
            "gross_profit": -2376,
            "gross_margin": -14.15,
            "gross_margin_4q_avg": -2.34,
            "net_income": -15585,
            "net_income_4q": null,
            "revenue": 16786,
            "revenue_4q": null,
            "common_shares": 818209,
            "book_valuer_per_share": 16.17,
            "book_valuer_per_share_4q_avg": 16.56,
            "equity": 1637743,
            "current_ratio": 256.74,
            "debt_ratio": 43.48,
            "inventory_turnover_ratio": 0.08,
            "account_receivable_turnover_ratio": 1.15,
            "reinvestment_rate": null,
            "research_to_sale_ratio": null,
            "price_fair": 11.2,
            "eps_avg_yearly": 0.32,
            "eps_latest_yearly": 0.32,
            "eps_growth_yearly": 400
        },
        "20232": {
            "year_quarter": 20232,
            "year": 2023,
            "quarter": 2,
            "eps": -0.09,
            "eps_growth_year": null,
            "eps_4q": -0.77,
            "eps_4q_growth_year": null,
            "roe": -0.74,
            "roe_4q": -4.49,
            "gross_profit": 3555,
            "gross_margin": 15.2,
            "gross_margin_4q_avg": -0.08,
            "net_income": -11925,
            "net_income_4q": null,
            "revenue": 23393,
            "revenue_4q": null,
            "common_shares": 818209,
            "book_valuer_per_share": 15.82,
            "book_valuer_per_share_4q_avg": 16.32,
            "equity": 1604534,
            "current_ratio": 250.09,
            "debt_ratio": 45.06,
            "inventory_turnover_ratio": 0.08,
            "account_receivable_turnover_ratio": 1.86,
            "reinvestment_rate": null,
            "research_to_sale_ratio": null,
            "price_fair": 11.2,
            "eps_avg_yearly": 0.32,
            "eps_latest_yearly": 0.32,
            "eps_growth_yearly": 400
        },
        "20233": {
            "year_quarter": 20233,
            "year": 2023,
            "quarter": 3,
            "eps": -0.08,
            "eps_growth_year": null,
            "eps_4q": -0.76,
            "eps_4q_growth_year": null,
            "roe": -0.51,
            "roe_4q": -4.48,
            "gross_profit": 2008,
            "gross_margin": 15.68,
            "gross_margin_4q_avg": 7.88,
            "net_income": -8309,
            "net_income_4q": null,
            "revenue": 12806,
            "revenue_4q": null,
            "common_shares": 818209,
            "book_valuer_per_share": 1.62,
            "book_valuer_per_share_4q_avg": 12.49,
            "equity": 1631441,
            "current_ratio": 287.29,
            "debt_ratio": 44.14,
            "inventory_turnover_ratio": 0.04,
            "account_receivable_turnover_ratio": 0.87,
            "reinvestment_rate": null,
            "research_to_sale_ratio": null,
            "price_fair": 11.2,
            "eps_avg_yearly": 0.32,
            "eps_latest_yearly": 0.32,
            "eps_growth_yearly": 400
        }
    },
    "months": {
        "2008-09": {
            "month": "2008-09",
            "price": "51.66",
            "revenue": 58050
        },
        "2008-10": {
            "month": "2008-10",
            "price": "60.01",
            "revenue": 59217
        },
        "2008-11": {
            "month": "2008-11",
            "price": "54.44",
            "revenue": 21469
        },
        "2008-12": {
            "month": "2008-12",
            "price": "52.75",
            "revenue": 22402
        },
        "2009-01": {
            "month": "2009-01",
            "price": "53.75",
            "revenue": 40683
        },
        "2009-02": {
            "month": "2009-02",
            "price": "53.88",
            "revenue": 56302
        },
        "2009-03": {
            "month": "2009-03",
            "price": "54.43",
            "revenue": 50062
        },
        "2009-04": {
            "month": "2009-04",
            "price": "49.45",
            "revenue": 76233
        },
        "2009-05": {
            "month": "2009-05",
            "price": "53.04",
            "revenue": 61276
        },
        "2009-06": {
            "month": "2009-06",
            "price": "49.03",
            "revenue": 74835
        },
        "2009-07": {
            "month": "2009-07",
            "price": "53.89",
            "revenue": 62059
        },
        "2009-08": {
            "month": "2009-08",
            "price": "54.80",
            "revenue": 91548
        },
        "2009-09": {
            "month": "2009-09",
            "price": "56.88",
            "revenue": 98601
        },
        "2009-10": {
            "month": "2009-10",
            "price": "56.17",
            "revenue": 101340
        },
        "2009-11": {
            "month": "2009-11",
            "price": "58.82",
            "revenue": 106217
        },
        "2009-12": {
            "month": "2009-12",
            "price": "61.37",
            "revenue": 129706
        },
        "2010-01": {
            "month": "2010-01",
            "price": "59.49",
            "revenue": 102014
        },
        "2010-02": {
            "month": "2010-02",
            "price": "62.94",
            "revenue": 64778
        },
        "2010-03": {
            "month": "2010-03",
            "price": "60.37",
            "revenue": 78774
        },
        "2010-04": {
            "month": "2010-04",
            "price": "59.64",
            "revenue": 103493
        },
        "2010-05": {
            "month": "2010-05",
            "price": "54.25",
            "revenue": 100892
        },
        "2010-06": {
            "month": "2010-06",
            "price": "57.38",
            "revenue": 87080
        },
        "2010-07": {
            "month": "2010-07",
            "price": "56.84",
            "revenue": 109030
        },
        "2010-08": {
            "month": "2010-08",
            "price": "57.09",
            "revenue": 124408
        },
        "2010-09": {
            "month": "2010-09",
            "price": "58.21",
            "revenue": 152405
        },
        "2010-10": {
            "month": "2010-10",
            "price": "64.50",
            "revenue": 156774
        },
        "2010-11": {
            "month": "2010-11",
            "price": "68.51",
            "revenue": 164582
        },
        "2010-12": {
            "month": "2010-12",
            "price": "53.90",
            "revenue": 211922
        },
        "2011-01": {
            "month": "2011-01",
            "price": "55.25",
            "revenue": 150203
        },
        "2011-02": {
            "month": "2011-02",
            "price": "62.62",
            "revenue": 100419
        },
        "2011-03": {
            "month": "2011-03",
            "price": "65.45",
            "revenue": 158771
        },
        "2011-04": {
            "month": "2011-04",
            "price": "73.63",
            "revenue": 193962
        },
        "2011-05": {
            "month": "2011-05",
            "price": "76.34",
            "revenue": 194074
        },
        "2011-06": {
            "month": "2011-06",
            "price": "69.40",
            "revenue": 175788
        },
        "2011-07": {
            "month": "2011-07",
            "price": "60.04",
            "revenue": 176329
        },
        "2011-08": {
            "month": "2011-08",
            "price": "49.97",
            "revenue": 175463
        },
        "2011-09": {
            "month": "2011-09",
            "price": "47.72",
            "revenue": 173877
        },
        "2011-10": {
            "month": "2011-10",
            "price": "47.54",
            "revenue": 183587
        },
        "2011-11": {
            "month": "2011-11",
            "price": "46.71",
            "revenue": 159836
        },
        "2011-12": {
            "month": "2011-12",
            "price": "34.75",
            "revenue": 153094
        },
        "2012-01": {
            "month": "2012-01",
            "price": "35.43",
            "revenue": 107738
        },
        "2012-02": {
            "month": "2012-02",
            "price": "44.84",
            "revenue": 143900
        },
        "2012-03": {
            "month": "2012-03",
            "price": "50.68",
            "revenue": 156404
        },
        "2012-04": {
            "month": "2012-04",
            "price": "48.06",
            "revenue": 148822
        },
        "2012-05": {
            "month": "2012-05",
            "price": "46.64",
            "revenue": 137377
        },
        "2012-06": {
            "month": "2012-06",
            "price": "41.59",
            "revenue": 153649
        },
        "2012-07": {
            "month": "2012-07",
            "price": "40.10",
            "revenue": 109482
        },
        "2012-08": {
            "month": "2012-08",
            "price": "35.27",
            "revenue": 113224
        },
        "2012-09": {
            "month": "2012-09",
            "price": "34.40",
            "revenue": 124983
        },
        "2012-10": {
            "month": "2012-10",
            "price": "28.69",
            "revenue": 128434
        },
        "2012-11": {
            "month": "2012-11",
            "price": "26.69",
            "revenue": 126416
        },
        "2012-12": {
            "month": "2012-12",
            "price": "27.27",
            "revenue": 152851
        },
        "2013-01": {
            "month": "2013-01",
            "price": "28.86",
            "revenue": 151349
        },
        "2013-02": {
            "month": "2013-02",
            "price": "31.13",
            "revenue": 104656
        },
        "2013-03": {
            "month": "2013-03",
            "price": "29.01",
            "revenue": 132587
        },
        "2013-04": {
            "month": "2013-04",
            "price": "24.78",
            "revenue": 137221
        },
        "2013-05": {
            "month": "2013-05",
            "price": "27.28",
            "revenue": 98380
        },
        "2013-06": {
            "month": "2013-06",
            "price": "25.88",
            "revenue": 98859
        },
        "2013-07": {
            "month": "2013-07",
            "price": "28.13",
            "revenue": 111075
        },
        "2013-08": {
            "month": "2013-08",
            "price": "34.53",
            "revenue": 119918
        },
        "2013-09": {
            "month": "2013-09",
            "price": "41.74",
            "revenue": 122865
        },
        "2013-10": {
            "month": "2013-10",
            "price": "40.47",
            "revenue": 124444
        },
        "2013-11": {
            "month": "2013-11",
            "price": "41.44",
            "revenue": 144082
        },
        "2013-12": {
            "month": "2013-12",
            "price": "40.77",
            "revenue": 146780
        },
        "2014-01": {
            "month": "2014-01",
            "price": "35.16",
            "revenue": 107348
        },
        "2014-02": {
            "month": "2014-02",
            "price": "31.01",
            "revenue": 109932
        },
        "2014-03": {
            "month": "2014-03",
            "price": "31.21",
            "revenue": 102429
        },
        "2014-04": {
            "month": "2014-04",
            "price": "29.47",
            "revenue": 100343
        },
        "2014-05": {
            "month": "2014-05",
            "price": "27.51",
            "revenue": 96461
        },
        "2014-06": {
            "month": "2014-06",
            "price": "28.84",
            "revenue": 86691
        },
        "2014-07": {
            "month": "2014-07",
            "price": "27.51",
            "revenue": 88228
        },
        "2014-08": {
            "month": "2014-08",
            "price": "25.04",
            "revenue": 90495
        },
        "2014-09": {
            "month": "2014-09",
            "price": "26.31",
            "revenue": 76201
        },
        "2014-10": {
            "month": "2014-10",
            "price": "30.90",
            "revenue": 63586
        },
        "2014-11": {
            "month": "2014-11",
            "price": "37.40",
            "revenue": 69393
        },
        "2014-12": {
            "month": "2014-12",
            "price": "44.43",
            "revenue": 70259
        },
        "2015-01": {
            "month": "2015-01",
            "price": "57.79",
            "revenue": 69821
        },
        "2015-02": {
            "month": "2015-02",
            "price": "57.11",
            "revenue": 44832
        },
        "2015-03": {
            "month": "2015-03",
            "price": "49.38",
            "revenue": 67487
        },
        "2015-04": {
            "month": "2015-04",
            "price": "34.10",
            "revenue": 63334
        },
        "2015-05": {
            "month": "2015-05",
            "price": "30.85",
            "revenue": 58386
        },
        "2015-06": {
            "month": "2015-06",
            "price": "31.07",
            "revenue": 57821
        },
        "2015-07": {
            "month": "2015-07",
            "price": "29.94",
            "revenue": 50429
        },
        "2015-08": {
            "month": "2015-08",
            "price": "32.11",
            "revenue": 47703
        },
        "2015-09": {
            "month": "2015-09",
            "price": "29.27",
            "revenue": 48390
        },
        "2015-10": {
            "month": "2015-10",
            "price": "27.56",
            "revenue": 45364
        },
        "2015-11": {
            "month": "2015-11",
            "price": "24.86",
            "revenue": 41641
        },
        "2015-12": {
            "month": "2015-12",
            "price": "25.05",
            "revenue": 42809
        },
        "2016-01": {
            "month": "2016-01",
            "price": "23.18",
            "revenue": 39492
        },
        "2016-02": {
            "month": "2016-02",
            "price": "23.14",
            "revenue": 20306
        },
        "2016-03": {
            "month": "2016-03",
            "price": "21.37",
            "revenue": 42128
        },
        "2016-04": {
            "month": "2016-04",
            "price": "18.71",
            "revenue": 35579
        },
        "2016-05": {
            "month": "2016-05",
            "price": "19.30",
            "revenue": 38695
        },
        "2016-06": {
            "month": "2016-06",
            "price": "18.22",
            "revenue": 42030
        },
        "2016-07": {
            "month": "2016-07",
            "price": "17.42",
            "revenue": 35828
        },
        "2016-08": {
            "month": "2016-08",
            "price": "20.37",
            "revenue": 37294
        },
        "2016-09": {
            "month": "2016-09",
            "price": "22.10",
            "revenue": 35935
        },
        "2016-10": {
            "month": "2016-10",
            "price": "23.45",
            "revenue": 35839
        },
        "2016-11": {
            "month": "2016-11",
            "price": "24.76",
            "revenue": 36984
        },
        "2016-12": {
            "month": "2016-12",
            "price": "23.74",
            "revenue": 39764
        },
        "2017-01": {
            "month": "2017-01",
            "price": "23.33",
            "revenue": 23681
        },
        "2017-02": {
            "month": "2017-02",
            "price": "25.29",
            "revenue": 28839
        },
        "2017-03": {
            "month": "2017-03",
            "price": "22.82",
            "revenue": 39730
        },
        "2017-04": {
            "month": "2017-04",
            "price": "23.03",
            "revenue": 28722
        },
        "2017-05": {
            "month": "2017-05",
            "price": "23.36",
            "revenue": 29534
        },
        "2017-06": {
            "month": "2017-06",
            "price": "23.45",
            "revenue": 40602
        },
        "2017-07": {
            "month": "2017-07",
            "price": "24.60",
            "revenue": 62227
        },
        "2017-08": {
            "month": "2017-08",
            "price": "27.55",
            "revenue": 146579
        },
        "2017-09": {
            "month": "2017-09",
            "price": "30.91",
            "revenue": 175397
        },
        "2017-10": {
            "month": "2017-10",
            "price": "30.49",
            "revenue": 199438
        },
        "2017-11": {
            "month": "2017-11",
            "price": "31.20",
            "revenue": 183763
        },
        "2017-12": {
            "month": "2017-12",
            "price": "29.43",
            "revenue": 185752
        },
        "2018-01": {
            "month": "2018-01",
            "price": "27.55",
            "revenue": 153769
        },
        "2018-02": {
            "month": "2018-02",
            "price": "25.97",
            "revenue": 25472
        },
        "2018-03": {
            "month": "2018-03",
            "price": "26.08",
            "revenue": 77884
        },
        "2018-04": {
            "month": "2018-04",
            "price": "24.90",
            "revenue": 59147
        },
        "2018-05": {
            "month": "2018-05",
            "price": "27.45",
            "revenue": 114475
        },
        "2018-06": {
            "month": "2018-06",
            "price": "27.45",
            "revenue": 156689
        },
        "2018-07": {
            "month": "2018-07",
            "price": "26.14",
            "revenue": 163206
        },
        "2018-08": {
            "month": "2018-08",
            "price": "26.85",
            "revenue": 158592
        },
        "2018-09": {
            "month": "2018-09",
            "price": "26.79",
            "revenue": 146553
        },
        "2018-10": {
            "month": "2018-10",
            "price": "27.11",
            "revenue": 149781
        },
        "2018-11": {
            "month": "2018-11",
            "price": "26.61",
            "revenue": 149318
        },
        "2018-12": {
            "month": "2018-12",
            "price": "25.81",
            "revenue": 191487
        },
        "2019-01": {
            "month": "2019-01",
            "price": "24.83",
            "revenue": 110358
        },
        "2019-02": {
            "month": "2019-02",
            "price": "23.65",
            "revenue": 65789
        },
        "2019-03": {
            "month": "2019-03",
            "price": "23.28",
            "revenue": 37185
        },
        "2019-04": {
            "month": "2019-04",
            "price": "23.44",
            "revenue": 36824
        },
        "2019-05": {
            "month": "2019-05",
            "price": "25.32",
            "revenue": 39673
        },
        "2019-06": {
            "month": "2019-06",
            "price": "24.77",
            "revenue": 38883
        },
        "2019-07": {
            "month": "2019-07",
            "price": "24.49",
            "revenue": 40830
        },
        "2019-08": {
            "month": "2019-08",
            "price": "25.17",
            "revenue": 40928
        },
        "2019-09": {
            "month": "2019-09",
            "price": "26.41",
            "revenue": 40559
        },
        "2019-10": {
            "month": "2019-10",
            "price": "27.04",
            "revenue": 36949
        },
        "2019-11": {
            "month": "2019-11",
            "price": "30.32",
            "revenue": 37001
        },
        "2019-12": {
            "month": "2019-12",
            "price": "47.66",
            "revenue": 38111
        },
        "2020-01": {
            "month": "2020-01",
            "price": "50.01",
            "revenue": 28987
        },
        "2020-02": {
            "month": "2020-02",
            "price": "49.15",
            "revenue": 2055
        },
        "2020-03": {
            "month": "2020-03",
            "price": "39.30",
            "revenue": 30988
        },
        "2020-04": {
            "month": "2020-04",
            "price": "40.84",
            "revenue": 29770
        },
        "2020-05": {
            "month": "2020-05",
            "price": "47.99",
            "revenue": 26922
        },
        "2020-06": {
            "month": "2020-06",
            "price": "46.56",
            "revenue": 26531
        },
        "2020-07": {
            "month": "2020-07",
            "price": "42.22",
            "revenue": 23693
        },
        "2020-08": {
            "month": "2020-08",
            "price": "41.20",
            "revenue": 22148
        },
        "2020-09": {
            "month": "2020-09",
            "price": "40.27",
            "revenue": 20602
        },
        "2020-10": {
            "month": "2020-10",
            "price": "40.08",
            "revenue": 18993
        },
        "2020-11": {
            "month": "2020-11",
            "price": "49.13",
            "revenue": 15679
        },
        "2020-12": {
            "month": "2020-12",
            "price": "48.51",
            "revenue": 17277
        },
        "2021-01": {
            "month": "2021-01",
            "price": "45.85",
            "revenue": 15882
        },
        "2021-02": {
            "month": "2021-02",
            "price": "50.52",
            "revenue": 7236
        },
        "2021-03": {
            "month": "2021-03",
            "price": "63.11",
            "revenue": 14072
        },
        "2021-04": {
            "month": "2021-04",
            "price": "56.64",
            "revenue": 17519
        },
        "2021-05": {
            "month": "2021-05",
            "price": "50.30",
            "revenue": 15927
        },
        "2021-06": {
            "month": "2021-06",
            "price": "50.23",
            "revenue": 13997
        },
        "2021-07": {
            "month": "2021-07",
            "price": "48.37",
            "revenue": 16624
        },
        "2021-08": {
            "month": "2021-08",
            "price": "45.90",
            "revenue": 16496
        },
        "2021-09": {
            "month": "2021-09",
            "price": "49.12",
            "revenue": 21126
        },
        "2021-10": {
            "month": "2021-10",
            "price": "48.92",
            "revenue": 19810
        },
        "2021-11": {
            "month": "2021-11",
            "price": "47.77",
            "revenue": 14325
        },
        "2021-12": {
            "month": "2021-12",
            "price": "47.25",
            "revenue": 18551
        },
        "2022-01": {
            "month": "2022-01",
            "price": "47.43",
            "revenue": 15100
        },
        "2022-02": {
            "month": "2022-02",
            "price": "45.82",
            "revenue": 7485
        },
        "2022-03": {
            "month": "2022-03",
            "price": "43.77",
            "revenue": 13606
        },
        "2022-04": {
            "month": "2022-04",
            "price": "42.24",
            "revenue": 21281
        },
        "2022-05": {
            "month": "2022-05",
            "price": "41.25",
            "revenue": 7974
        },
        "2022-06": {
            "month": "2022-06",
            "price": "39.95",
            "revenue": 12376
        },
        "2022-07": {
            "month": "2022-07",
            "price": "43.27",
            "revenue": 8126
        },
        "2022-08": {
            "month": "2022-08",
            "price": "42.23",
            "revenue": 9134
        },
        "2022-09": {
            "month": "2022-09",
            "price": "38.14",
            "revenue": 6636
        },
        "2022-10": {
            "month": "2022-10",
            "price": "30.00",
            "revenue": 6879
        },
        "2022-11": {
            "month": "2022-11",
            "price": "31.19",
            "revenue": 5315
        },
        "2022-12": {
            "month": "2022-12",
            "price": "40.16",
            "revenue": 10549
        },
        "2023-01": {
            "month": "2023-01",
            "price": "38.41",
            "revenue": 6729
        },
        "2023-02": {
            "month": "2023-02",
            "price": "37.69",
            "revenue": 4508
        },
        "2023-03": {
            "month": "2023-03",
            "price": "37.56",
            "revenue": 7086
        },
        "2023-04": {
            "month": "2023-04",
            "price": "35.50",
            "revenue": 9053
        },
        "2023-05": {
            "month": "2023-05",
            "price": "32.33",
            "revenue": 7775
        },
        "2023-06": {
            "month": "2023-06",
            "price": "32.87",
            "revenue": 7384
        },
        "2023-07": {
            "month": "2023-07",
            "price": "31.42",
            "revenue": 3342
        },
        "2023-08": {
            "month": "2023-08",
            "price": "31.28",
            "revenue": 5282
        },
        "2023-09": {
            "month": "2023-09",
            "price": "30.25",
            "revenue": 3490
        },
        "2023-10": {
            "month": "2023-10",
            "price": "28.47",
            "revenue": 3630
        },
        "2023-11": {
            "month": "2023-11",
            "price": "28.18",
            "revenue": 4237
        },
        "2023-12": {
            "month": "2023-12",
            "price": "33.32",
            "revenue": 2883
        }
    }
}
