{
    "summary": {
        "stock_name": "研勤",
        "stock_id": "3632",
        "category": "通信網路",
        "main_business": "AI人臉辨識技術開發<br>行車記錄器買賣<br>導航系統之電子地圖軟體開發、買賣、維護及相關軟體服務。",
        "website_url": "http://www.papagoinc.com",
        "ceo": "簡良益",
        "pe_ratio": 100,
        "report_year_from": 2008,
        "report_year_to": 2023,
        "age": 15,
        "eps_negative_percentage": 44,
        "eps_growth_avg": {
            "last_all": -47.69,
            "last_2y": null,
            "last_4y": null,
            "last_8y": -100,
            "last_12y": -48.59,
            "last_16y": null,
            "last_20y": null,
            "at_2006_last_3y": null,
            "at_2007_last_3y": null,
            "at_2008_last_3y": null,
            "at_2009_last_3y": null,
            "at_2010_last_3y": null,
            "at_2011_last_3y": null,
            "at_2012_last_3y": -23.52,
            "at_2013_last_3y": -22.89,
            "at_2014_last_3y": -28.94,
            "at_2015_last_3y": -60.16,
            "at_2016_last_3y": -79.92,
            "at_2017_last_3y": -100,
            "at_2018_last_3y": -100,
            "at_2019_last_3y": -100,
            "at_2020_last_3y": null,
            "at_2021_last_3y": null,
            "at_2022_last_3y": null,
            "at_2023_last_3y": null,
            "at_2006_last_all": null,
            "at_2007_last_all": null,
            "at_2008_last_all": null,
            "at_2009_last_all": null,
            "at_2010_last_all": -59.03,
            "at_2011_last_all": -17.78,
            "at_2012_last_all": -23.52,
            "at_2013_last_all": -26.76,
            "at_2014_last_all": -38.97,
            "at_2015_last_all": -38.97,
            "at_2016_last_all": -47.69,
            "at_2017_last_all": -47.69,
            "at_2018_last_all": -47.69,
            "at_2019_last_all": -47.69,
            "at_2020_last_all": -47.69,
            "at_2021_last_all": -47.69,
            "at_2022_last_all": -47.69,
            "at_2023_last_all": -47.69
        },
        "latest_eps": 0.05,
        "latest_price": 16,
        "latest_roe": -2.78,
        "latest_gross_margin": 63.89,
        "latest_equity": 169514,
        "latest_revenue": 94473,
        "latest_gross_profit": 60363,
        "latest_net_income": 1096,
        "latest_debt_ratio": 56.32,
        "latest_current_ratio": 155.73,
        "latest_account_receivable_turnover_ratio": 2.02,
        "latest_inventory_turnover_ratio": 0.96,
        "latest_reinvestment_rate": null,
        "latest_research_to_sale_ratio": 9.25
    },
    "eps_dividends": {
        "2001": {
            "cash": 0,
            "stock": 0,
            "eps": 0
        },
        "2002": {
            "cash": 0,
            "stock": 0,
            "eps": 0
        },
        "2003": {
            "cash": 0,
            "stock": 0,
            "eps": 0
        },
        "2004": {
            "cash": 0,
            "stock": 0,
            "eps": 0
        },
        "2005": {
            "cash": 0,
            "stock": 0,
            "eps": 0
        },
        "2006": {
            "cash": 0,
            "stock": 0,
            "eps": 0
        },
        "2007": {
            "cash": 0,
            "stock": 0,
            "eps": 0
        },
        "2008": {
            "cash": 0,
            "stock": 0,
            "eps": 6.08
        },
        "2009": {
            "cash": 0,
            "stock": 3,
            "eps": 3.51
        },
        "2010": {
            "cash": 0.55,
            "stock": 2.2,
            "eps": 0.85
        },
        "2011": {
            "cash": 1,
            "stock": 0.8,
            "eps": 1.4
        },
        "2012": {
            "cash": 0.2,
            "stock": 1.2,
            "eps": 0.83
        },
        "2013": {
            "cash": 0.1,
            "stock": 0.95,
            "eps": 0.5
        },
        "2014": {
            "cash": 0.25,
            "stock": 0,
            "eps": -1.98
        },
        "2015": {
            "cash": 0,
            "stock": 0,
            "eps": 1.57
        },
        "2016": {
            "cash": 0,
            "stock": 0,
            "eps": -2.89
        },
        "2017": {
            "cash": 0,
            "stock": 0,
            "eps": -1.29
        },
        "2018": {
            "cash": 0,
            "stock": 0,
            "eps": -1.14
        },
        "2019": {
            "cash": 0,
            "stock": 0,
            "eps": -2.92
        },
        "2020": {
            "cash": 0,
            "stock": 0,
            "eps": -4.24
        },
        "2021": {
            "cash": 0,
            "stock": 0,
            "eps": -0.71
        },
        "2022": {
            "cash": 0,
            "stock": 0,
            "eps": 0.07
        },
        "2023": {
            "cash": 0,
            "stock": 0,
            "eps": 0.02
        }
    },
    "dividends": {
        "2009-04-17": {
            "cash": 0,
            "stock": 3
        },
        "2010-05-12": {
            "cash": 0.55,
            "stock": 2.2
        },
        "2011-03-18": {
            "cash": 1,
            "stock": 0.8
        },
        "2012-06-05": {
            "cash": 0.2,
            "stock": 1.2
        },
        "2013-06-24": {
            "cash": 0.1,
            "stock": 0.95
        },
        "2014-10-08": {
            "cash": 0.25,
            "stock": 0
        }
    },
    "prices": {
        "200101": "無",
        "200102": "無",
        "200103": "無",
        "200104": "無",
        "200105": "無",
        "200106": "無",
        "200107": "無",
        "200108": "無",
        "200109": "無",
        "200110": "無",
        "200111": "無",
        "200112": "無",
        "200201": "無",
        "200202": "無",
        "200203": "無",
        "200204": "無",
        "200205": "無",
        "200206": "無",
        "200207": "無",
        "200208": "無",
        "200209": "無",
        "200210": "無",
        "200211": "無",
        "200212": "無",
        "200301": "無",
        "200302": "無",
        "200303": "無",
        "200304": "無",
        "200305": "無",
        "200306": "無",
        "200307": "無",
        "200308": "無",
        "200309": "無",
        "200310": "無",
        "200311": "無",
        "200312": "無",
        "200401": "無",
        "200402": "無",
        "200403": "無",
        "200404": "無",
        "200405": "無",
        "200406": "無",
        "200407": "無",
        "200408": "無",
        "200409": "無",
        "200410": "無",
        "200411": "無",
        "200412": "無",
        "200501": "無",
        "200502": "無",
        "200503": "無",
        "200504": "無",
        "200505": "無",
        "200506": "無",
        "200507": "無",
        "200508": "無",
        "200509": "無",
        "200510": "無",
        "200511": "無",
        "200512": "無",
        "200601": "無",
        "200602": "無",
        "200603": "無",
        "200604": "無",
        "200605": "無",
        "200606": "無",
        "200607": "無",
        "200608": "無",
        "200609": "無",
        "200610": "無",
        "200611": "無",
        "200612": "無",
        "200701": "無",
        "200702": "無",
        "200703": "無",
        "200704": "無",
        "200705": "無",
        "200706": "無",
        "200707": "無",
        "200708": "無",
        "200709": "無",
        "200710": "無",
        "200711": "無",
        "200712": "無",
        "200801": "無",
        "200802": "無",
        "200803": "無",
        "200804": "無",
        "200805": "無",
        "200806": "無",
        "200807": "無",
        "200808": "48.23",
        "200809": "41.43",
        "200810": "31.81",
        "200811": "32.29",
        "200812": "26.14",
        "200901": "20.06",
        "200902": "21.14",
        "200903": "33.62",
        "200904": "45.72",
        "200905": "50.12",
        "200906": "45.94",
        "200907": "73.47",
        "200908": "76.71",
        "200909": "60.89",
        "200910": "56.46",
        "200911": "52.23",
        "200912": "49.71",
        "201001": "44.04",
        "201002": "40.89",
        "201003": "43.59",
        "201004": "47.08",
        "201005": "48.19",
        "201006": "49.36",
        "201007": "51.88",
        "201008": "50.49",
        "201009": "48.91",
        "201010": "44.86",
        "201011": "44.46",
        "201012": "49.40",
        "201101": "43.31",
        "201102": "39.17",
        "201103": "37.58",
        "201104": "38.78",
        "201105": "36.97",
        "201106": "57.60",
        "201107": "84.64",
        "201108": "89.90",
        "201109": "88.14",
        "201110": "75.86",
        "201111": "60.40",
        "201112": "64.54",
        "201201": "59.43",
        "201202": "65.79",
        "201203": "57.25",
        "201204": "46.84",
        "201205": "40.24",
        "201206": "38.85",
        "201207": "39.85",
        "201208": "36.27",
        "201209": "32.54",
        "201210": "29.08",
        "201211": "21.31",
        "201212": "22.53",
        "201301": "23.29",
        "201302": "22.55",
        "201303": "27.39",
        "201304": "29.64",
        "201305": "29.71",
        "201306": "31.71",
        "201307": "30.75",
        "201308": "31.03",
        "201309": "38.83",
        "201310": "31.70",
        "201311": "29.25",
        "201312": "30.07",
        "201401": "33.25",
        "201402": "31.16",
        "201403": "31.30",
        "201404": "29.36",
        "201405": "28.07",
        "201406": "27.18",
        "201407": "27.00",
        "201408": "23.38",
        "201409": "22.35",
        "201410": "22.50",
        "201411": "21.76",
        "201412": "25.54",
        "201501": "29.24",
        "201502": "28.48",
        "201503": "25.65",
        "201504": "24.65",
        "201505": "22.74",
        "201506": "27.06",
        "201507": "28.32",
        "201508": "22.60",
        "201509": "21.72",
        "201510": "25.08",
        "201511": "26.86",
        "201512": "27.30",
        "201601": "25.07",
        "201602": "27.55",
        "201603": "33.06",
        "201604": "26.13",
        "201605": "22.77",
        "201606": "23.18",
        "201607": "22.99",
        "201608": "22.37",
        "201609": "20.93",
        "201610": "19.03",
        "201611": "17.38",
        "201612": "18.16",
        "201701": "18.55",
        "201702": "18.08",
        "201703": "17.75",
        "201704": "17.01",
        "201705": "15.55",
        "201706": "16.05",
        "201707": "15.23",
        "201708": "15.21",
        "201709": "15.26",
        "201710": "15.80",
        "201711": "15.72",
        "201712": "15.45",
        "201801": "16.94",
        "201802": "16.00",
        "201803": "16.28",
        "201804": "15.99",
        "201805": "15.74",
        "201806": "15.72",
        "201807": "15.08",
        "201808": "14.04",
        "201809": "13.60",
        "201810": "12.34",
        "201811": "10.87",
        "201812": "12.06",
        "201901": "12.25",
        "201902": "12.75",
        "201903": "12.59",
        "201904": "12.23",
        "201905": "11.26",
        "201906": "11.27",
        "201907": "11.34",
        "201908": "11.01",
        "201909": "11.76",
        "201910": "12.38",
        "201911": "12.15",
        "201912": "11.95",
        "202001": "11.61",
        "202002": "10.57",
        "202003": "7.98",
        "202004": "8.47",
        "202005": "9.86",
        "202006": "9.71",
        "202007": "12.20",
        "202008": "10.73",
        "202009": "9.11",
        "202010": "11.47",
        "202011": "10.91",
        "202012": "10.36",
        "202101": "9.91",
        "202102": "9.58",
        "202103": "9.76",
        "202104": "9.63",
        "202105": "9.71",
        "202106": "9.52",
        "202107": "9.29",
        "202108": "8.60",
        "202109": "7.91",
        "202110": "7.94",
        "202111": "8.20",
        "202112": "9.09",
        "202201": "9.82",
        "202202": "9.19",
        "202203": "9.32",
        "202204": "9.03",
        "202205": "8.82",
        "202206": "10.21",
        "202207": "9.74",
        "202208": "9.91",
        "202209": "10.31",
        "202210": "9.89",
        "202211": "9.83",
        "202212": "10.25",
        "202301": "10.41",
        "202302": "11.40",
        "202303": "11.90",
        "202304": "13.55",
        "202305": "15.45",
        "202306": "16.25"
    },
    "quarters": {
        "20011": {
            "year_quarter": 20011,
            "year": 2001,
            "quarter": 1,
            "eps": null,
            "eps_growth_year": null,
            "eps_4q": null,
            "eps_4q_growth_year": null,
            "roe": null,
            "roe_4q": 0,
            "gross_profit": null,
            "gross_margin": null,
            "gross_margin_4q_avg": 0,
            "net_income": null,
            "revenue": null,
            "common_shares": null,
            "book_valuer_per_share": null,
            "book_valuer_per_share_4q_avg": 0,
            "equity": null,
            "current_ratio": null,
            "debt_ratio": null,
            "inventory_turnover_ratio": null,
            "account_receivable_turnover_ratio": null,
            "reinvestment_rate": null,
            "research_to_sale_ratio": null,
            "price_fair": 0,
            "eps_avg_yearly": 0,
            "eps_latest_yearly": 0,
            "eps_growth_yearly": 0
        },
        "20012": {
            "year_quarter": 20012,
            "year": 2001,
            "quarter": 2,
            "eps": null,
            "eps_growth_year": null,
            "eps_4q": null,
            "eps_4q_growth_year": null,
            "roe": null,
            "roe_4q": 0,
            "gross_profit": null,
            "gross_margin": null,
            "gross_margin_4q_avg": 0,
            "net_income": null,
            "revenue": null,
            "common_shares": null,
            "book_valuer_per_share": null,
            "book_valuer_per_share_4q_avg": 0,
            "equity": null,
            "current_ratio": null,
            "debt_ratio": null,
            "inventory_turnover_ratio": null,
            "account_receivable_turnover_ratio": null,
            "reinvestment_rate": null,
            "research_to_sale_ratio": null,
            "price_fair": 0,
            "eps_avg_yearly": 0,
            "eps_latest_yearly": 0,
            "eps_growth_yearly": 0
        },
        "20013": {
            "year_quarter": 20013,
            "year": 2001,
            "quarter": 3,
            "eps": null,
            "eps_growth_year": null,
            "eps_4q": null,
            "eps_4q_growth_year": null,
            "roe": null,
            "roe_4q": 0,
            "gross_profit": null,
            "gross_margin": null,
            "gross_margin_4q_avg": 0,
            "net_income": null,
            "revenue": null,
            "common_shares": null,
            "book_valuer_per_share": null,
            "book_valuer_per_share_4q_avg": 0,
            "equity": null,
            "current_ratio": null,
            "debt_ratio": null,
            "inventory_turnover_ratio": null,
            "account_receivable_turnover_ratio": null,
            "reinvestment_rate": null,
            "research_to_sale_ratio": null,
            "price_fair": 0,
            "eps_avg_yearly": 0,
            "eps_latest_yearly": 0,
            "eps_growth_yearly": 0
        },
        "20014": {
            "year_quarter": 20014,
            "year": 2001,
            "quarter": 4,
            "eps": null,
            "eps_growth_year": null,
            "eps_4q": null,
            "eps_4q_growth_year": null,
            "roe": null,
            "roe_4q": 0,
            "gross_profit": null,
            "gross_margin": null,
            "gross_margin_4q_avg": 0,
            "net_income": null,
            "revenue": null,
            "common_shares": null,
            "book_valuer_per_share": null,
            "book_valuer_per_share_4q_avg": 0,
            "equity": null,
            "current_ratio": null,
            "debt_ratio": null,
            "inventory_turnover_ratio": null,
            "account_receivable_turnover_ratio": null,
            "reinvestment_rate": null,
            "research_to_sale_ratio": null,
            "price_fair": 0,
            "eps_avg_yearly": 0,
            "eps_latest_yearly": 0,
            "eps_growth_yearly": 0
        },
        "20021": {
            "year_quarter": 20021,
            "year": 2002,
            "quarter": 1,
            "eps": null,
            "eps_growth_year": null,
            "eps_4q": null,
            "eps_4q_growth_year": null,
            "roe": null,
            "roe_4q": 0,
            "gross_profit": null,
            "gross_margin": null,
            "gross_margin_4q_avg": 0,
            "net_income": null,
            "revenue": null,
            "common_shares": null,
            "book_valuer_per_share": null,
            "book_valuer_per_share_4q_avg": 0,
            "equity": null,
            "current_ratio": null,
            "debt_ratio": null,
            "inventory_turnover_ratio": null,
            "account_receivable_turnover_ratio": null,
            "reinvestment_rate": null,
            "research_to_sale_ratio": null,
            "price_fair": 0,
            "eps_avg_yearly": 0,
            "eps_latest_yearly": 0,
            "eps_growth_yearly": 0
        },
        "20022": {
            "year_quarter": 20022,
            "year": 2002,
            "quarter": 2,
            "eps": null,
            "eps_growth_year": null,
            "eps_4q": null,
            "eps_4q_growth_year": null,
            "roe": null,
            "roe_4q": 0,
            "gross_profit": null,
            "gross_margin": null,
            "gross_margin_4q_avg": 0,
            "net_income": null,
            "revenue": null,
            "common_shares": null,
            "book_valuer_per_share": null,
            "book_valuer_per_share_4q_avg": 0,
            "equity": null,
            "current_ratio": null,
            "debt_ratio": null,
            "inventory_turnover_ratio": null,
            "account_receivable_turnover_ratio": null,
            "reinvestment_rate": null,
            "research_to_sale_ratio": null,
            "price_fair": 0,
            "eps_avg_yearly": 0,
            "eps_latest_yearly": 0,
            "eps_growth_yearly": 0
        },
        "20023": {
            "year_quarter": 20023,
            "year": 2002,
            "quarter": 3,
            "eps": null,
            "eps_growth_year": null,
            "eps_4q": null,
            "eps_4q_growth_year": null,
            "roe": null,
            "roe_4q": 0,
            "gross_profit": null,
            "gross_margin": null,
            "gross_margin_4q_avg": 0,
            "net_income": null,
            "revenue": null,
            "common_shares": null,
            "book_valuer_per_share": null,
            "book_valuer_per_share_4q_avg": 0,
            "equity": null,
            "current_ratio": null,
            "debt_ratio": null,
            "inventory_turnover_ratio": null,
            "account_receivable_turnover_ratio": null,
            "reinvestment_rate": null,
            "research_to_sale_ratio": null,
            "price_fair": 0,
            "eps_avg_yearly": 0,
            "eps_latest_yearly": 0,
            "eps_growth_yearly": 0
        },
        "20024": {
            "year_quarter": 20024,
            "year": 2002,
            "quarter": 4,
            "eps": null,
            "eps_growth_year": null,
            "eps_4q": null,
            "eps_4q_growth_year": null,
            "roe": null,
            "roe_4q": 0,
            "gross_profit": null,
            "gross_margin": null,
            "gross_margin_4q_avg": 0,
            "net_income": null,
            "revenue": null,
            "common_shares": null,
            "book_valuer_per_share": null,
            "book_valuer_per_share_4q_avg": 0,
            "equity": null,
            "current_ratio": null,
            "debt_ratio": null,
            "inventory_turnover_ratio": null,
            "account_receivable_turnover_ratio": null,
            "reinvestment_rate": null,
            "research_to_sale_ratio": null,
            "price_fair": 0,
            "eps_avg_yearly": 0,
            "eps_latest_yearly": 0,
            "eps_growth_yearly": 0
        },
        "20031": {
            "year_quarter": 20031,
            "year": 2003,
            "quarter": 1,
            "eps": null,
            "eps_growth_year": null,
            "eps_4q": null,
            "eps_4q_growth_year": null,
            "roe": null,
            "roe_4q": 0,
            "gross_profit": null,
            "gross_margin": null,
            "gross_margin_4q_avg": 0,
            "net_income": null,
            "revenue": null,
            "common_shares": null,
            "book_valuer_per_share": null,
            "book_valuer_per_share_4q_avg": 0,
            "equity": null,
            "current_ratio": null,
            "debt_ratio": null,
            "inventory_turnover_ratio": null,
            "account_receivable_turnover_ratio": null,
            "reinvestment_rate": null,
            "research_to_sale_ratio": null,
            "price_fair": 0,
            "eps_avg_yearly": 0,
            "eps_latest_yearly": 0,
            "eps_growth_yearly": 0
        },
        "20032": {
            "year_quarter": 20032,
            "year": 2003,
            "quarter": 2,
            "eps": null,
            "eps_growth_year": null,
            "eps_4q": null,
            "eps_4q_growth_year": null,
            "roe": null,
            "roe_4q": 0,
            "gross_profit": null,
            "gross_margin": null,
            "gross_margin_4q_avg": 0,
            "net_income": null,
            "revenue": null,
            "common_shares": null,
            "book_valuer_per_share": null,
            "book_valuer_per_share_4q_avg": 0,
            "equity": null,
            "current_ratio": null,
            "debt_ratio": null,
            "inventory_turnover_ratio": null,
            "account_receivable_turnover_ratio": null,
            "reinvestment_rate": null,
            "research_to_sale_ratio": null,
            "price_fair": 0,
            "eps_avg_yearly": 0,
            "eps_latest_yearly": 0,
            "eps_growth_yearly": 0
        },
        "20033": {
            "year_quarter": 20033,
            "year": 2003,
            "quarter": 3,
            "eps": null,
            "eps_growth_year": null,
            "eps_4q": null,
            "eps_4q_growth_year": null,
            "roe": null,
            "roe_4q": 0,
            "gross_profit": null,
            "gross_margin": null,
            "gross_margin_4q_avg": 0,
            "net_income": null,
            "revenue": null,
            "common_shares": null,
            "book_valuer_per_share": null,
            "book_valuer_per_share_4q_avg": 0,
            "equity": null,
            "current_ratio": null,
            "debt_ratio": null,
            "inventory_turnover_ratio": null,
            "account_receivable_turnover_ratio": null,
            "reinvestment_rate": null,
            "research_to_sale_ratio": null,
            "price_fair": 0,
            "eps_avg_yearly": 0,
            "eps_latest_yearly": 0,
            "eps_growth_yearly": 0
        },
        "20034": {
            "year_quarter": 20034,
            "year": 2003,
            "quarter": 4,
            "eps": null,
            "eps_growth_year": null,
            "eps_4q": null,
            "eps_4q_growth_year": null,
            "roe": null,
            "roe_4q": 0,
            "gross_profit": null,
            "gross_margin": null,
            "gross_margin_4q_avg": 0,
            "net_income": null,
            "revenue": null,
            "common_shares": 10000,
            "book_valuer_per_share": 9.92,
            "book_valuer_per_share_4q_avg": 2.48,
            "equity": 9921,
            "current_ratio": 203.84,
            "debt_ratio": 46.24,
            "inventory_turnover_ratio": null,
            "account_receivable_turnover_ratio": null,
            "reinvestment_rate": null,
            "research_to_sale_ratio": null,
            "price_fair": 0,
            "eps_avg_yearly": 0,
            "eps_latest_yearly": 0,
            "eps_growth_yearly": 0
        },
        "20041": {
            "year_quarter": 20041,
            "year": 2004,
            "quarter": 1,
            "eps": null,
            "eps_growth_year": null,
            "eps_4q": null,
            "eps_4q_growth_year": null,
            "roe": null,
            "roe_4q": 0,
            "gross_profit": null,
            "gross_margin": null,
            "gross_margin_4q_avg": 0,
            "net_income": null,
            "revenue": null,
            "common_shares": null,
            "book_valuer_per_share": null,
            "book_valuer_per_share_4q_avg": 2.48,
            "equity": null,
            "current_ratio": null,
            "debt_ratio": null,
            "inventory_turnover_ratio": null,
            "account_receivable_turnover_ratio": null,
            "reinvestment_rate": null,
            "research_to_sale_ratio": null,
            "price_fair": 0,
            "eps_avg_yearly": 0,
            "eps_latest_yearly": 0,
            "eps_growth_yearly": 0
        },
        "20042": {
            "year_quarter": 20042,
            "year": 2004,
            "quarter": 2,
            "eps": null,
            "eps_growth_year": null,
            "eps_4q": null,
            "eps_4q_growth_year": null,
            "roe": null,
            "roe_4q": 0,
            "gross_profit": null,
            "gross_margin": null,
            "gross_margin_4q_avg": 0,
            "net_income": null,
            "revenue": null,
            "common_shares": null,
            "book_valuer_per_share": null,
            "book_valuer_per_share_4q_avg": 2.48,
            "equity": null,
            "current_ratio": null,
            "debt_ratio": null,
            "inventory_turnover_ratio": null,
            "account_receivable_turnover_ratio": null,
            "reinvestment_rate": null,
            "research_to_sale_ratio": null,
            "price_fair": 0,
            "eps_avg_yearly": 0,
            "eps_latest_yearly": 0,
            "eps_growth_yearly": 0
        },
        "20043": {
            "year_quarter": 20043,
            "year": 2004,
            "quarter": 3,
            "eps": null,
            "eps_growth_year": null,
            "eps_4q": null,
            "eps_4q_growth_year": null,
            "roe": null,
            "roe_4q": 0,
            "gross_profit": null,
            "gross_margin": null,
            "gross_margin_4q_avg": 0,
            "net_income": null,
            "revenue": null,
            "common_shares": null,
            "book_valuer_per_share": null,
            "book_valuer_per_share_4q_avg": 2.48,
            "equity": null,
            "current_ratio": null,
            "debt_ratio": null,
            "inventory_turnover_ratio": null,
            "account_receivable_turnover_ratio": null,
            "reinvestment_rate": null,
            "research_to_sale_ratio": null,
            "price_fair": 0,
            "eps_avg_yearly": 0,
            "eps_latest_yearly": 0,
            "eps_growth_yearly": 0
        },
        "20044": {
            "year_quarter": 20044,
            "year": 2004,
            "quarter": 4,
            "eps": null,
            "eps_growth_year": null,
            "eps_4q": null,
            "eps_4q_growth_year": null,
            "roe": null,
            "roe_4q": 0,
            "gross_profit": null,
            "gross_margin": null,
            "gross_margin_4q_avg": 0,
            "net_income": null,
            "revenue": null,
            "common_shares": 20000,
            "book_valuer_per_share": 10.04,
            "book_valuer_per_share_4q_avg": 2.51,
            "equity": 20072,
            "current_ratio": 305.52,
            "debt_ratio": 25.19,
            "inventory_turnover_ratio": null,
            "account_receivable_turnover_ratio": null,
            "reinvestment_rate": null,
            "research_to_sale_ratio": null,
            "price_fair": 0,
            "eps_avg_yearly": 0,
            "eps_latest_yearly": 0,
            "eps_growth_yearly": 0
        },
        "20051": {
            "year_quarter": 20051,
            "year": 2005,
            "quarter": 1,
            "eps": null,
            "eps_growth_year": null,
            "eps_4q": null,
            "eps_4q_growth_year": null,
            "roe": null,
            "roe_4q": 0,
            "gross_profit": null,
            "gross_margin": null,
            "gross_margin_4q_avg": 0,
            "net_income": null,
            "revenue": null,
            "common_shares": null,
            "book_valuer_per_share": null,
            "book_valuer_per_share_4q_avg": 2.51,
            "equity": null,
            "current_ratio": null,
            "debt_ratio": null,
            "inventory_turnover_ratio": null,
            "account_receivable_turnover_ratio": null,
            "reinvestment_rate": null,
            "research_to_sale_ratio": null,
            "price_fair": 0,
            "eps_avg_yearly": 0,
            "eps_latest_yearly": 0,
            "eps_growth_yearly": 0
        },
        "20052": {
            "year_quarter": 20052,
            "year": 2005,
            "quarter": 2,
            "eps": null,
            "eps_growth_year": null,
            "eps_4q": null,
            "eps_4q_growth_year": null,
            "roe": null,
            "roe_4q": 0,
            "gross_profit": null,
            "gross_margin": null,
            "gross_margin_4q_avg": 0,
            "net_income": null,
            "revenue": null,
            "common_shares": null,
            "book_valuer_per_share": null,
            "book_valuer_per_share_4q_avg": 2.51,
            "equity": null,
            "current_ratio": null,
            "debt_ratio": null,
            "inventory_turnover_ratio": null,
            "account_receivable_turnover_ratio": null,
            "reinvestment_rate": null,
            "research_to_sale_ratio": null,
            "price_fair": 0,
            "eps_avg_yearly": 0,
            "eps_latest_yearly": 0,
            "eps_growth_yearly": 0
        },
        "20053": {
            "year_quarter": 20053,
            "year": 2005,
            "quarter": 3,
            "eps": null,
            "eps_growth_year": null,
            "eps_4q": null,
            "eps_4q_growth_year": null,
            "roe": null,
            "roe_4q": 0,
            "gross_profit": null,
            "gross_margin": null,
            "gross_margin_4q_avg": 0,
            "net_income": null,
            "revenue": null,
            "common_shares": null,
            "book_valuer_per_share": null,
            "book_valuer_per_share_4q_avg": 2.51,
            "equity": null,
            "current_ratio": null,
            "debt_ratio": null,
            "inventory_turnover_ratio": null,
            "account_receivable_turnover_ratio": null,
            "reinvestment_rate": null,
            "research_to_sale_ratio": null,
            "price_fair": 0,
            "eps_avg_yearly": 0,
            "eps_latest_yearly": 0,
            "eps_growth_yearly": 0
        },
        "20054": {
            "year_quarter": 20054,
            "year": 2005,
            "quarter": 4,
            "eps": null,
            "eps_growth_year": null,
            "eps_4q": null,
            "eps_4q_growth_year": null,
            "roe": null,
            "roe_4q": 0,
            "gross_profit": null,
            "gross_margin": null,
            "gross_margin_4q_avg": 0,
            "net_income": null,
            "revenue": null,
            "common_shares": 30000,
            "book_valuer_per_share": 11.46,
            "book_valuer_per_share_4q_avg": 2.87,
            "equity": 34382,
            "current_ratio": 302.6,
            "debt_ratio": 20.62,
            "inventory_turnover_ratio": null,
            "account_receivable_turnover_ratio": null,
            "reinvestment_rate": null,
            "research_to_sale_ratio": null,
            "price_fair": 0,
            "eps_avg_yearly": 0,
            "eps_latest_yearly": 0,
            "eps_growth_yearly": 0
        },
        "20061": {
            "year_quarter": 20061,
            "year": 2006,
            "quarter": 1,
            "eps": null,
            "eps_growth_year": null,
            "eps_4q": null,
            "eps_4q_growth_year": null,
            "roe": null,
            "roe_4q": 0,
            "gross_profit": null,
            "gross_margin": null,
            "gross_margin_4q_avg": 0,
            "net_income": null,
            "revenue": null,
            "common_shares": null,
            "book_valuer_per_share": null,
            "book_valuer_per_share_4q_avg": 2.87,
            "equity": null,
            "current_ratio": null,
            "debt_ratio": null,
            "inventory_turnover_ratio": null,
            "account_receivable_turnover_ratio": null,
            "reinvestment_rate": null,
            "research_to_sale_ratio": null,
            "price_fair": 0,
            "eps_avg_yearly": 0,
            "eps_latest_yearly": 0,
            "eps_growth_yearly": 0
        },
        "20062": {
            "year_quarter": 20062,
            "year": 2006,
            "quarter": 2,
            "eps": null,
            "eps_growth_year": null,
            "eps_4q": null,
            "eps_4q_growth_year": null,
            "roe": null,
            "roe_4q": 0,
            "gross_profit": null,
            "gross_margin": null,
            "gross_margin_4q_avg": 0,
            "net_income": null,
            "revenue": null,
            "common_shares": null,
            "book_valuer_per_share": null,
            "book_valuer_per_share_4q_avg": 2.87,
            "equity": null,
            "current_ratio": null,
            "debt_ratio": null,
            "inventory_turnover_ratio": null,
            "account_receivable_turnover_ratio": null,
            "reinvestment_rate": null,
            "research_to_sale_ratio": null,
            "price_fair": 0,
            "eps_avg_yearly": 0,
            "eps_latest_yearly": 0,
            "eps_growth_yearly": 0
        },
        "20063": {
            "year_quarter": 20063,
            "year": 2006,
            "quarter": 3,
            "eps": null,
            "eps_growth_year": null,
            "eps_4q": null,
            "eps_4q_growth_year": null,
            "roe": null,
            "roe_4q": 0,
            "gross_profit": null,
            "gross_margin": null,
            "gross_margin_4q_avg": 0,
            "net_income": null,
            "revenue": null,
            "common_shares": null,
            "book_valuer_per_share": null,
            "book_valuer_per_share_4q_avg": 2.87,
            "equity": null,
            "current_ratio": null,
            "debt_ratio": null,
            "inventory_turnover_ratio": null,
            "account_receivable_turnover_ratio": null,
            "reinvestment_rate": null,
            "research_to_sale_ratio": null,
            "price_fair": 0,
            "eps_avg_yearly": 0,
            "eps_latest_yearly": 0,
            "eps_growth_yearly": 0
        },
        "20064": {
            "year_quarter": 20064,
            "year": 2006,
            "quarter": 4,
            "eps": null,
            "eps_growth_year": null,
            "eps_4q": null,
            "eps_4q_growth_year": null,
            "roe": null,
            "roe_4q": 0,
            "gross_profit": null,
            "gross_margin": null,
            "gross_margin_4q_avg": 0,
            "net_income": null,
            "revenue": null,
            "common_shares": 36900,
            "book_valuer_per_share": 13.39,
            "book_valuer_per_share_4q_avg": 3.35,
            "equity": 49395,
            "current_ratio": 259.25,
            "debt_ratio": 37.77,
            "inventory_turnover_ratio": null,
            "account_receivable_turnover_ratio": null,
            "reinvestment_rate": null,
            "research_to_sale_ratio": null,
            "price_fair": 0,
            "eps_avg_yearly": 0,
            "eps_latest_yearly": 0,
            "eps_growth_yearly": 0
        },
        "20071": {
            "year_quarter": 20071,
            "year": 2007,
            "quarter": 1,
            "eps": null,
            "eps_growth_year": null,
            "eps_4q": null,
            "eps_4q_growth_year": null,
            "roe": null,
            "roe_4q": 0,
            "gross_profit": null,
            "gross_margin": null,
            "gross_margin_4q_avg": 0,
            "net_income": null,
            "revenue": null,
            "common_shares": null,
            "book_valuer_per_share": null,
            "book_valuer_per_share_4q_avg": 3.35,
            "equity": null,
            "current_ratio": null,
            "debt_ratio": null,
            "inventory_turnover_ratio": null,
            "account_receivable_turnover_ratio": null,
            "reinvestment_rate": null,
            "research_to_sale_ratio": null,
            "price_fair": 0,
            "eps_avg_yearly": 0,
            "eps_latest_yearly": 0,
            "eps_growth_yearly": 0
        },
        "20072": {
            "year_quarter": 20072,
            "year": 2007,
            "quarter": 2,
            "eps": null,
            "eps_growth_year": null,
            "eps_4q": null,
            "eps_4q_growth_year": null,
            "roe": null,
            "roe_4q": 0,
            "gross_profit": null,
            "gross_margin": null,
            "gross_margin_4q_avg": 0,
            "net_income": null,
            "revenue": null,
            "common_shares": null,
            "book_valuer_per_share": null,
            "book_valuer_per_share_4q_avg": 3.35,
            "equity": null,
            "current_ratio": null,
            "debt_ratio": null,
            "inventory_turnover_ratio": null,
            "account_receivable_turnover_ratio": null,
            "reinvestment_rate": null,
            "research_to_sale_ratio": null,
            "price_fair": 0,
            "eps_avg_yearly": 0,
            "eps_latest_yearly": 0,
            "eps_growth_yearly": 0
        },
        "20073": {
            "year_quarter": 20073,
            "year": 2007,
            "quarter": 3,
            "eps": null,
            "eps_growth_year": null,
            "eps_4q": null,
            "eps_4q_growth_year": null,
            "roe": null,
            "roe_4q": 0,
            "gross_profit": null,
            "gross_margin": null,
            "gross_margin_4q_avg": 0,
            "net_income": null,
            "revenue": null,
            "common_shares": null,
            "book_valuer_per_share": null,
            "book_valuer_per_share_4q_avg": 3.35,
            "equity": null,
            "current_ratio": null,
            "debt_ratio": null,
            "inventory_turnover_ratio": null,
            "account_receivable_turnover_ratio": null,
            "reinvestment_rate": null,
            "research_to_sale_ratio": null,
            "price_fair": 0,
            "eps_avg_yearly": 0,
            "eps_latest_yearly": 0,
            "eps_growth_yearly": 0
        },
        "20074": {
            "year_quarter": 20074,
            "year": 2007,
            "quarter": 4,
            "eps": null,
            "eps_growth_year": null,
            "eps_4q": null,
            "eps_4q_growth_year": null,
            "roe": null,
            "roe_4q": 0,
            "gross_profit": null,
            "gross_margin": null,
            "gross_margin_4q_avg": 0,
            "net_income": null,
            "revenue": null,
            "common_shares": 47400,
            "book_valuer_per_share": 15.58,
            "book_valuer_per_share_4q_avg": 3.9,
            "equity": 73839,
            "current_ratio": 473.98,
            "debt_ratio": 44.72,
            "inventory_turnover_ratio": null,
            "account_receivable_turnover_ratio": null,
            "reinvestment_rate": null,
            "research_to_sale_ratio": null,
            "price_fair": 0,
            "eps_avg_yearly": 0,
            "eps_latest_yearly": 0,
            "eps_growth_yearly": 0
        },
        "20081": {
            "year_quarter": 20081,
            "year": 2008,
            "quarter": 1,
            "eps": 4.27,
            "eps_growth_year": null,
            "eps_4q": null,
            "eps_4q_growth_year": null,
            "roe": 24.11,
            "roe_4q": 24.11,
            "gross_profit": 26623,
            "gross_margin": 65.91,
            "gross_margin_4q_avg": 16.48,
            "net_income": 20245,
            "revenue": 40390,
            "common_shares": 47400,
            "book_valuer_per_share": 19.85,
            "book_valuer_per_share_4q_avg": 8.86,
            "equity": 94085,
            "current_ratio": 237.76,
            "debt_ratio": 55.79,
            "inventory_turnover_ratio": 3.27,
            "account_receivable_turnover_ratio": null,
            "reinvestment_rate": null,
            "research_to_sale_ratio": null,
            "price_fair": 0,
            "eps_avg_yearly": 0,
            "eps_latest_yearly": 0,
            "eps_growth_yearly": 0
        },
        "20082": {
            "year_quarter": 20082,
            "year": 2008,
            "quarter": 2,
            "eps": 1.32,
            "eps_growth_year": null,
            "eps_4q": null,
            "eps_4q_growth_year": null,
            "roe": 8.78,
            "roe_4q": 32.89,
            "gross_profit": 30485,
            "gross_margin": 74,
            "gross_margin_4q_avg": 34.98,
            "net_income": 10091,
            "revenue": 41198,
            "common_shares": 100942,
            "book_valuer_per_share": 13.44,
            "book_valuer_per_share_4q_avg": 12.22,
            "equity": 135673,
            "current_ratio": 351.29,
            "debt_ratio": 50.93,
            "inventory_turnover_ratio": 2.64,
            "account_receivable_turnover_ratio": null,
            "reinvestment_rate": null,
            "research_to_sale_ratio": null,
            "price_fair": 15.84,
            "eps_avg_yearly": 5.28,
            "eps_latest_yearly": 5.28,
            "eps_growth_yearly": -276.35
        },
        "20083": {
            "year_quarter": 20083,
            "year": 2008,
            "quarter": 3,
            "eps": 0.31,
            "eps_growth_year": null,
            "eps_4q": null,
            "eps_4q_growth_year": null,
            "roe": 2.93,
            "roe_4q": 35.82,
            "gross_profit": 23831,
            "gross_margin": 74.47,
            "gross_margin_4q_avg": 53.6,
            "net_income": 4093,
            "revenue": 32000,
            "common_shares": 105342,
            "book_valuer_per_share": 13.69,
            "book_valuer_per_share_4q_avg": 15.64,
            "equity": 144167,
            "current_ratio": 293.66,
            "debt_ratio": 50.84,
            "inventory_turnover_ratio": 2.08,
            "account_receivable_turnover_ratio": null,
            "reinvestment_rate": null,
            "research_to_sale_ratio": null,
            "price_fair": 9.78,
            "eps_avg_yearly": 3.26,
            "eps_latest_yearly": 1.24,
            "eps_growth_yearly": -291.2
        },
        "20084": {
            "year_quarter": 20084,
            "year": 2008,
            "quarter": 4,
            "eps": 0.18,
            "eps_growth_year": null,
            "eps_4q": 4.01,
            "eps_4q_growth_year": null,
            "roe": 1.08,
            "roe_4q": 36.9,
            "gross_profit": 29207,
            "gross_margin": 71.84,
            "gross_margin_4q_avg": 71.56,
            "net_income": 1616,
            "revenue": 40655,
            "common_shares": 105342,
            "book_valuer_per_share": 14.18,
            "book_valuer_per_share_4q_avg": 15.29,
            "equity": 156317,
            "current_ratio": 279.13,
            "debt_ratio": 48.33,
            "inventory_turnover_ratio": 3.6,
            "account_receivable_turnover_ratio": 2.1,
            "reinvestment_rate": null,
            "research_to_sale_ratio": null,
            "price_fair": 7.24,
            "eps_avg_yearly": 2.41,
            "eps_latest_yearly": 0.72,
            "eps_growth_yearly": -250.05
        },
        "20091": {
            "year_quarter": 20091,
            "year": 2009,
            "quarter": 1,
            "eps": 1.02,
            "eps_growth_year": -76.11,
            "eps_4q": 2.68,
            "eps_4q_growth_year": null,
            "roe": 6.28,
            "roe_4q": 19.07,
            "gross_profit": 44121,
            "gross_margin": 55.91,
            "gross_margin_4q_avg": 69.06,
            "net_income": 10144,
            "revenue": 78909,
            "common_shares": 108467,
            "book_valuer_per_share": 14.79,
            "book_valuer_per_share_4q_avg": 14.03,
            "equity": 166686,
            "current_ratio": 222.45,
            "debt_ratio": 50.78,
            "inventory_turnover_ratio": 7.04,
            "account_receivable_turnover_ratio": 3.87,
            "reinvestment_rate": null,
            "research_to_sale_ratio": null,
            "price_fair": 99.05,
            "eps_avg_yearly": 2.83,
            "eps_latest_yearly": 4.08,
            "eps_growth_yearly": 279.13
        },
        "20092": {
            "year_quarter": 20092,
            "year": 2009,
            "quarter": 2,
            "eps": 0.87,
            "eps_growth_year": -34.09,
            "eps_4q": 2.59,
            "eps_4q_growth_year": null,
            "roe": 5.07,
            "roe_4q": 15.360000000000001,
            "gross_profit": 44254,
            "gross_margin": 60.8,
            "gross_margin_4q_avg": 65.76,
            "net_income": 8734,
            "revenue": 72781,
            "common_shares": 108467,
            "book_valuer_per_share": 15.88,
            "book_valuer_per_share_4q_avg": 14.64,
            "equity": 177863,
            "current_ratio": 246.54,
            "debt_ratio": 47.9,
            "inventory_turnover_ratio": 3.5,
            "account_receivable_turnover_ratio": 2.44,
            "reinvestment_rate": null,
            "research_to_sale_ratio": null,
            "price_fair": 103.6,
            "eps_avg_yearly": 2.96,
            "eps_latest_yearly": 3.48,
            "eps_growth_yearly": 211.54
        },
        "20093": {
            "year_quarter": 20093,
            "year": 2009,
            "quarter": 3,
            "eps": 0.6,
            "eps_growth_year": 93.55,
            "eps_4q": 2.11,
            "eps_4q_growth_year": null,
            "roe": 4.76,
            "roe_4q": 17.189999999999998,
            "gross_profit": 42763,
            "gross_margin": 55.49,
            "gross_margin_4q_avg": 61.01,
            "net_income": 8668,
            "revenue": 77062,
            "common_shares": 142887,
            "book_valuer_per_share": 12.63,
            "book_valuer_per_share_4q_avg": 14.37,
            "equity": 186169,
            "current_ratio": 222.02,
            "debt_ratio": 49.2,
            "inventory_turnover_ratio": 1.31,
            "account_receivable_turnover_ratio": 2.59,
            "reinvestment_rate": null,
            "research_to_sale_ratio": null,
            "price_fair": 100.33,
            "eps_avg_yearly": 2.87,
            "eps_latest_yearly": 2.4,
            "eps_growth_yearly": 155.59
        },
        "20094": {
            "year_quarter": 20094,
            "year": 2009,
            "quarter": 4,
            "eps": 1.02,
            "eps_growth_year": 466.67,
            "eps_4q": 3.03,
            "eps_4q_growth_year": -24.46,
            "roe": 8.16,
            "roe_4q": 24.270000000000003,
            "gross_profit": 57745,
            "gross_margin": 53.45,
            "gross_margin_4q_avg": 56.41,
            "net_income": 15828,
            "revenue": 108026,
            "common_shares": 142887,
            "book_valuer_per_share": 13.63,
            "book_valuer_per_share_4q_avg": 14.23,
            "equity": 201745,
            "current_ratio": 229.22,
            "debt_ratio": 53.4,
            "inventory_turnover_ratio": 1.6,
            "account_receivable_turnover_ratio": 2.32,
            "reinvestment_rate": null,
            "research_to_sale_ratio": null,
            "price_fair": 106.4,
            "eps_avg_yearly": 3.04,
            "eps_latest_yearly": 4.08,
            "eps_growth_yearly": 173.37
        },
        "20101": {
            "year_quarter": 20101,
            "year": 2010,
            "quarter": 1,
            "eps": null,
            "eps_growth_year": null,
            "eps_4q": null,
            "eps_4q_growth_year": null,
            "roe": null,
            "roe_4q": 17.990000000000002,
            "gross_profit": 57627,
            "gross_margin": null,
            "gross_margin_4q_avg": 42.44,
            "net_income": 16296,
            "revenue": 108622,
            "common_shares": 142887,
            "book_valuer_per_share": 14.73,
            "book_valuer_per_share_4q_avg": 14.22,
            "equity": 217770,
            "current_ratio": 219.9,
            "debt_ratio": 51.97,
            "inventory_turnover_ratio": null,
            "account_receivable_turnover_ratio": null,
            "reinvestment_rate": null,
            "research_to_sale_ratio": null,
            "price_fair": 106.4,
            "eps_avg_yearly": 3.04,
            "eps_latest_yearly": 4.08,
            "eps_growth_yearly": 173.37
        },
        "20102": {
            "year_quarter": 20102,
            "year": 2010,
            "quarter": 2,
            "eps": 0.85,
            "eps_growth_year": -2.58,
            "eps_4q": 2.15,
            "eps_4q_growth_year": -16.97,
            "roe": 6.66,
            "roe_4q": 19.58,
            "gross_profit": 62236,
            "gross_margin": 47.87,
            "gross_margin_4q_avg": 39.2,
            "net_income": 14969,
            "revenue": 130002,
            "common_shares": 142887,
            "book_valuer_per_share": 15.44,
            "book_valuer_per_share_4q_avg": 14.11,
            "equity": 231756,
            "current_ratio": 174.84,
            "debt_ratio": 57.25,
            "inventory_turnover_ratio": 1.58,
            "account_receivable_turnover_ratio": 1.82,
            "reinvestment_rate": null,
            "research_to_sale_ratio": null,
            "price_fair": 106.4,
            "eps_avg_yearly": 3.04,
            "eps_latest_yearly": 4.08,
            "eps_growth_yearly": 173.37
        },
        "20103": {
            "year_quarter": 20103,
            "year": 2010,
            "quarter": 3,
            "eps": null,
            "eps_growth_year": null,
            "eps_4q": null,
            "eps_4q_growth_year": null,
            "roe": null,
            "roe_4q": 14.82,
            "gross_profit": 50062,
            "gross_margin": null,
            "gross_margin_4q_avg": 25.33,
            "net_income": 2474,
            "revenue": 108212,
            "common_shares": 176607,
            "book_valuer_per_share": 12.51,
            "book_valuer_per_share_4q_avg": 14.08,
            "equity": 234420,
            "current_ratio": 274.94,
            "debt_ratio": 52.67,
            "inventory_turnover_ratio": null,
            "account_receivable_turnover_ratio": null,
            "reinvestment_rate": null,
            "research_to_sale_ratio": null,
            "price_fair": 106.4,
            "eps_avg_yearly": 3.04,
            "eps_latest_yearly": 4.08,
            "eps_growth_yearly": 173.37
        },
        "20104": {
            "year_quarter": 20104,
            "year": 2010,
            "quarter": 4,
            "eps": null,
            "eps_growth_year": null,
            "eps_4q": null,
            "eps_4q_growth_year": null,
            "roe": null,
            "roe_4q": 6.66,
            "gross_profit": 60080,
            "gross_margin": null,
            "gross_margin_4q_avg": 11.97,
            "net_income": 19615,
            "revenue": 108694,
            "common_shares": 176607,
            "book_valuer_per_share": 13.43,
            "book_valuer_per_share_4q_avg": 14.03,
            "equity": 250563,
            "current_ratio": 278.04,
            "debt_ratio": 50.04,
            "inventory_turnover_ratio": null,
            "account_receivable_turnover_ratio": null,
            "reinvestment_rate": null,
            "research_to_sale_ratio": null,
            "price_fair": 106.4,
            "eps_avg_yearly": 3.04,
            "eps_latest_yearly": 4.08,
            "eps_growth_yearly": 173.37
        },
        "20111": {
            "year_quarter": 20111,
            "year": 2011,
            "quarter": 1,
            "eps": 0.1,
            "eps_growth_year": null,
            "eps_4q": 0.76,
            "eps_4q_growth_year": null,
            "roe": 0.63,
            "roe_4q": 7.29,
            "gross_profit": 45487,
            "gross_margin": 47.72,
            "gross_margin_4q_avg": 23.9,
            "net_income": 2128,
            "revenue": 95315,
            "common_shares": 226607,
            "book_valuer_per_share": 18.32,
            "book_valuer_per_share_4q_avg": 14.93,
            "equity": 428339,
            "current_ratio": 593.73,
            "debt_ratio": 26.17,
            "inventory_turnover_ratio": 1.44,
            "account_receivable_turnover_ratio": 0.69,
            "reinvestment_rate": null,
            "research_to_sale_ratio": 22.46,
            "price_fair": 106.4,
            "eps_avg_yearly": 3.04,
            "eps_latest_yearly": 4.08,
            "eps_growth_yearly": 173.37
        },
        "20112": {
            "year_quarter": 20112,
            "year": 2011,
            "quarter": 2,
            "eps": 0.52,
            "eps_growth_year": -39.11,
            "eps_4q": 0.61,
            "eps_4q_growth_year": -71.74,
            "roe": 3.3,
            "roe_4q": 3.9299999999999997,
            "gross_profit": 63013,
            "gross_margin": 48.42,
            "gross_margin_4q_avg": 24.04,
            "net_income": 14033,
            "revenue": 130147,
            "common_shares": 226607,
            "book_valuer_per_share": 17.82,
            "book_valuer_per_share_4q_avg": 15.52,
            "equity": 421827,
            "current_ratio": 480.29,
            "debt_ratio": 28.64,
            "inventory_turnover_ratio": 2.1,
            "account_receivable_turnover_ratio": 0.87,
            "reinvestment_rate": null,
            "research_to_sale_ratio": 19.68,
            "price_fair": 102.2,
            "eps_avg_yearly": 2.92,
            "eps_latest_yearly": 2.08,
            "eps_growth_yearly": 361.69
        },
        "20113": {
            "year_quarter": 20113,
            "year": 2011,
            "quarter": 3,
            "eps": 0.63,
            "eps_growth_year": null,
            "eps_4q": 1.24,
            "eps_4q_growth_year": null,
            "roe": 3.74,
            "roe_4q": 7.67,
            "gross_profit": 70576,
            "gross_margin": 45.42,
            "gross_margin_4q_avg": 35.39,
            "net_income": 16265,
            "revenue": 155389,
            "common_shares": 244735,
            "book_valuer_per_share": 17.41,
            "book_valuer_per_share_4q_avg": 16.75,
            "equity": 448183,
            "current_ratio": 406.74,
            "debt_ratio": 30.69,
            "inventory_turnover_ratio": 1.99,
            "account_receivable_turnover_ratio": 0.84,
            "reinvestment_rate": null,
            "research_to_sale_ratio": 11.16,
            "price_fair": 100.64,
            "eps_avg_yearly": 2.88,
            "eps_latest_yearly": 2.52,
            "eps_growth_yearly": 330.91
        },
        "20114": {
            "year_quarter": 20114,
            "year": 2011,
            "quarter": 4,
            "eps": 0.15,
            "eps_growth_year": null,
            "eps_4q": 1.39,
            "eps_4q_growth_year": null,
            "roe": 0.81,
            "roe_4q": 8.48,
            "gross_profit": 62772,
            "gross_margin": 35.78,
            "gross_margin_4q_avg": 44.34,
            "net_income": 3661,
            "revenue": 175415,
            "common_shares": 244735,
            "book_valuer_per_share": 17.56,
            "book_valuer_per_share_4q_avg": 17.78,
            "equity": 451559,
            "current_ratio": 327.09,
            "debt_ratio": 42.06,
            "inventory_turnover_ratio": 1.37,
            "account_receivable_turnover_ratio": 0.82,
            "reinvestment_rate": 68.85,
            "research_to_sale_ratio": 11.47,
            "price_fair": 92.68,
            "eps_avg_yearly": 2.65,
            "eps_latest_yearly": 0.6,
            "eps_growth_yearly": 267.34
        },
        "20121": {
            "year_quarter": 20121,
            "year": 2012,
            "quarter": 1,
            "eps": 0.21,
            "eps_growth_year": 110,
            "eps_4q": 1.51,
            "eps_4q_growth_year": 98.42,
            "roe": 1.16,
            "roe_4q": 9.01,
            "gross_profit": 66133,
            "gross_margin": 42.44,
            "gross_margin_4q_avg": 43.02,
            "net_income": 5297,
            "revenue": 155834,
            "common_shares": 244735,
            "book_valuer_per_share": 17.68,
            "book_valuer_per_share_4q_avg": 17.62,
            "equity": 458974,
            "current_ratio": 349.62,
            "debt_ratio": 41.42,
            "inventory_turnover_ratio": 0.86,
            "account_receivable_turnover_ratio": 0.72,
            "reinvestment_rate": 39.3,
            "research_to_sale_ratio": 14.04,
            "price_fair": 86.93,
            "eps_avg_yearly": 2.48,
            "eps_latest_yearly": 0.84,
            "eps_growth_yearly": 257.58
        },
        "20122": {
            "year_quarter": 20122,
            "year": 2012,
            "quarter": 2,
            "eps": 0.18,
            "eps_growth_year": -64.53,
            "eps_4q": 1.07,
            "eps_4q_growth_year": 75.74,
            "roe": 1.27,
            "roe_4q": 6.98,
            "gross_profit": 75823,
            "gross_margin": 35.77,
            "gross_margin_4q_avg": 39.85,
            "net_income": 5813,
            "revenue": 211964,
            "common_shares": 244735,
            "book_valuer_per_share": 17.7,
            "book_valuer_per_share_4q_avg": 17.59,
            "equity": 458791,
            "current_ratio": 362.24,
            "debt_ratio": 39.55,
            "inventory_turnover_ratio": 1.99,
            "account_receivable_turnover_ratio": 1.03,
            "reinvestment_rate": 39.04,
            "research_to_sale_ratio": 10.61,
            "price_fair": 72.42,
            "eps_avg_yearly": 2.07,
            "eps_latest_yearly": 0.72,
            "eps_growth_yearly": 277.51
        },
        "20123": {
            "year_quarter": 20123,
            "year": 2012,
            "quarter": 3,
            "eps": 0.13,
            "eps_growth_year": -78.81,
            "eps_4q": 0.64,
            "eps_4q_growth_year": -48.73,
            "roe": 1.12,
            "roe_4q": 4.359999999999999,
            "gross_profit": 80181,
            "gross_margin": 35.29,
            "gross_margin_4q_avg": 37.32,
            "net_income": 5233,
            "revenue": 227182,
            "common_shares": 274103,
            "book_valuer_per_share": 16.45,
            "book_valuer_per_share_4q_avg": 17.35,
            "equity": 478104,
            "current_ratio": 392.43,
            "debt_ratio": 51.86,
            "inventory_turnover_ratio": 1.78,
            "account_receivable_turnover_ratio": 1.09,
            "reinvestment_rate": 37.38,
            "research_to_sale_ratio": 9.91,
            "price_fair": 70.13,
            "eps_avg_yearly": 2,
            "eps_latest_yearly": 0.52,
            "eps_growth_yearly": 295.23
        },
        "20124": {
            "year_quarter": 20124,
            "year": 2012,
            "quarter": 4,
            "eps": 0.31,
            "eps_growth_year": 103.98,
            "eps_4q": 0.81,
            "eps_4q_growth_year": -41.82,
            "roe": 1.85,
            "roe_4q": 5.4,
            "gross_profit": 85515,
            "gross_margin": 30.93,
            "gross_margin_4q_avg": 36.11,
            "net_income": 8952,
            "revenue": 276443,
            "common_shares": 274103,
            "book_valuer_per_share": 16.77,
            "book_valuer_per_share_4q_avg": 17.15,
            "equity": 487198,
            "current_ratio": 312.28,
            "debt_ratio": 53.87,
            "inventory_turnover_ratio": 1.2,
            "account_receivable_turnover_ratio": 1.16,
            "reinvestment_rate": 61.79,
            "research_to_sale_ratio": 7.36,
            "price_fair": 71.78,
            "eps_avg_yearly": 2.05,
            "eps_latest_yearly": 1.24,
            "eps_growth_yearly": 360.83
        },
        "20131": {
            "year_quarter": 20131,
            "year": 2013,
            "quarter": 1,
            "eps": 0.45,
            "eps_growth_year": 114.29,
            "eps_4q": 1.07,
            "eps_4q_growth_year": -28.8,
            "roe": 2.77,
            "roe_4q": 7.01,
            "gross_profit": 91262,
            "gross_margin": 34.33,
            "gross_margin_4q_avg": 34.08,
            "net_income": 13609,
            "revenue": 265864,
            "common_shares": 274103,
            "book_valuer_per_share": 17.02,
            "book_valuer_per_share_4q_avg": 16.99,
            "equity": 495983,
            "current_ratio": 284.33,
            "debt_ratio": 55.41,
            "inventory_turnover_ratio": 0.78,
            "account_receivable_turnover_ratio": 1.03,
            "reinvestment_rate": 56.06,
            "research_to_sale_ratio": 8.69,
            "price_fair": 64.53,
            "eps_avg_yearly": 1.84,
            "eps_latest_yearly": 1.8,
            "eps_growth_yearly": 207.56
        },
        "20132": {
            "year_quarter": 20132,
            "year": 2013,
            "quarter": 2,
            "eps": 0.35,
            "eps_growth_year": 91.18,
            "eps_4q": 1.14,
            "eps_4q_growth_year": 6.36,
            "roe": 2.32,
            "roe_4q": 8.059999999999999,
            "gross_profit": 76573,
            "gross_margin": 29.72,
            "gross_margin_4q_avg": 32.57,
            "net_income": 11638,
            "revenue": 257642,
            "common_shares": 274103,
            "book_valuer_per_share": 17.37,
            "book_valuer_per_share_4q_avg": 16.9,
            "equity": 505768,
            "current_ratio": 283.26,
            "debt_ratio": 55.34,
            "inventory_turnover_ratio": 0.65,
            "account_receivable_turnover_ratio": 0.99,
            "reinvestment_rate": 54.75,
            "research_to_sale_ratio": 6.94,
            "price_fair": 57.91,
            "eps_avg_yearly": 1.65,
            "eps_latest_yearly": 1.4,
            "eps_growth_yearly": 204.82
        },
        "20133": {
            "year_quarter": 20133,
            "year": 2013,
            "quarter": 3,
            "eps": -0.05,
            "eps_growth_year": -137.2,
            "eps_4q": 0.94,
            "eps_4q_growth_year": 47.89,
            "roe": -0.4,
            "roe_4q": 6.539999999999999,
            "gross_profit": 59553,
            "gross_margin": 26.21,
            "gross_margin_4q_avg": 30.3,
            "net_income": -2078,
            "revenue": 227231,
            "common_shares": 306328,
            "book_valuer_per_share": 16.21,
            "book_valuer_per_share_4q_avg": 16.84,
            "equity": 525538,
            "current_ratio": 301.98,
            "debt_ratio": 51.98,
            "inventory_turnover_ratio": 0.54,
            "account_receivable_turnover_ratio": 0.92,
            "reinvestment_rate": 58.64,
            "research_to_sale_ratio": 8.5,
            "price_fair": 55.3,
            "eps_avg_yearly": 1.58,
            "eps_latest_yearly": 1.4,
            "eps_growth_yearly": 237.72
        },
        "20134": {
            "year_quarter": 20134,
            "year": 2013,
            "quarter": 4,
            "eps": -0.25,
            "eps_growth_year": -179.52,
            "eps_4q": 0.42,
            "eps_4q_growth_year": -48.58,
            "roe": -1.38,
            "roe_4q": 3.31,
            "gross_profit": 48084,
            "gross_margin": 22.22,
            "gross_margin_4q_avg": 28.12,
            "net_income": -7195,
            "revenue": 216416,
            "common_shares": 307932,
            "book_valuer_per_share": 15.93,
            "book_valuer_per_share_4q_avg": 16.63,
            "equity": 516041,
            "current_ratio": 313.96,
            "debt_ratio": 50.86,
            "inventory_turnover_ratio": 0.55,
            "account_receivable_turnover_ratio": 0.9,
            "reinvestment_rate": 60.41,
            "research_to_sale_ratio": 9.79,
            "price_fair": 45.58,
            "eps_avg_yearly": 1.3,
            "eps_latest_yearly": 1.4,
            "eps_growth_yearly": 233.02
        },
        "20141": {
            "year_quarter": 20141,
            "year": 2014,
            "quarter": 1,
            "eps": -0.2,
            "eps_growth_year": -144.44,
            "eps_4q": -0.18,
            "eps_4q_growth_year": -116.57,
            "roe": -0.97,
            "roe_4q": -0.4299999999999997,
            "gross_profit": 52783,
            "gross_margin": 25.49,
            "gross_margin_4q_avg": 25.91,
            "net_income": -5195,
            "revenue": 207065,
            "common_shares": 307977,
            "book_valuer_per_share": 15.91,
            "book_valuer_per_share_4q_avg": 16.36,
            "equity": 554285,
            "current_ratio": 190.1,
            "debt_ratio": 53.39,
            "inventory_turnover_ratio": 0.59,
            "account_receivable_turnover_ratio": 0.84,
            "reinvestment_rate": 210.54,
            "research_to_sale_ratio": 10.38,
            "price_fair": 45.58,
            "eps_avg_yearly": 1.3,
            "eps_latest_yearly": 1.4,
            "eps_growth_yearly": 233.02
        },
        "20142": {
            "year_quarter": 20142,
            "year": 2014,
            "quarter": 2,
            "eps": -1.24,
            "eps_growth_year": -454.29,
            "eps_4q": -1.72,
            "eps_4q_growth_year": -251.3,
            "roe": -7.07,
            "roe_4q": -9.820000000000002,
            "gross_profit": 40000,
            "gross_margin": 19.35,
            "gross_margin_4q_avg": 23.32,
            "net_income": -36776,
            "revenue": 206742,
            "common_shares": 307977,
            "book_valuer_per_share": 13.66,
            "book_valuer_per_share_4q_avg": 15.43,
            "equity": 485787,
            "current_ratio": 295.25,
            "debt_ratio": 58.59,
            "inventory_turnover_ratio": 0.83,
            "account_receivable_turnover_ratio": 0.88,
            "reinvestment_rate": 591.35,
            "research_to_sale_ratio": 10.62,
            "price_fair": 45.58,
            "eps_avg_yearly": 1.3,
            "eps_latest_yearly": 1.4,
            "eps_growth_yearly": 233.02
        },
        "20143": {
            "year_quarter": 20143,
            "year": 2014,
            "quarter": 3,
            "eps": -0.62,
            "eps_growth_year": null,
            "eps_4q": -2.34,
            "eps_4q_growth_year": -348.72,
            "roe": -2.6,
            "roe_4q": -12.02,
            "gross_profit": 49806,
            "gross_margin": 23.31,
            "gross_margin_4q_avg": 22.59,
            "net_income": -12386,
            "revenue": 213652,
            "common_shares": 307977,
            "book_valuer_per_share": 13.21,
            "book_valuer_per_share_4q_avg": 14.68,
            "equity": 466188,
            "current_ratio": 380.13,
            "debt_ratio": 60.18,
            "inventory_turnover_ratio": 0.93,
            "account_receivable_turnover_ratio": 0.99,
            "reinvestment_rate": 897.36,
            "research_to_sale_ratio": 12.16,
            "price_fair": 45.58,
            "eps_avg_yearly": 1.3,
            "eps_latest_yearly": 1.4,
            "eps_growth_yearly": 233.02
        },
        "20144": {
            "year_quarter": 20144,
            "year": 2014,
            "quarter": 4,
            "eps": 0.08,
            "eps_growth_year": null,
            "eps_4q": -2,
            "eps_4q_growth_year": -580.53,
            "roe": 0.56,
            "roe_4q": -10.08,
            "gross_profit": 75610,
            "gross_margin": 20.64,
            "gross_margin_4q_avg": 22.2,
            "net_income": 2670,
            "revenue": 366375,
            "common_shares": 307977,
            "book_valuer_per_share": 13.77,
            "book_valuer_per_share_4q_avg": 14.14,
            "equity": 483810,
            "current_ratio": 356.51,
            "debt_ratio": 58.98,
            "inventory_turnover_ratio": 1.6,
            "account_receivable_turnover_ratio": 1.64,
            "reinvestment_rate": 2479.88,
            "research_to_sale_ratio": 7.32,
            "price_fair": 45.58,
            "eps_avg_yearly": 1.3,
            "eps_latest_yearly": 1.4,
            "eps_growth_yearly": 233.02
        },
        "20151": {
            "year_quarter": 20151,
            "year": 2015,
            "quarter": 1,
            "eps": 0.05,
            "eps_growth_year": null,
            "eps_4q": -1.75,
            "eps_4q_growth_year": null,
            "roe": 1.25,
            "roe_4q": -7.86,
            "gross_profit": 91457,
            "gross_margin": 32.3,
            "gross_margin_4q_avg": 23.9,
            "net_income": 6200,
            "revenue": 283113,
            "common_shares": 307977,
            "book_valuer_per_share": 13.61,
            "book_valuer_per_share_4q_avg": 13.56,
            "equity": 511356,
            "current_ratio": 280.27,
            "debt_ratio": 61.47,
            "inventory_turnover_ratio": 1.08,
            "account_receivable_turnover_ratio": 1.11,
            "reinvestment_rate": 2932.49,
            "research_to_sale_ratio": 9.04,
            "price_fair": 41.72,
            "eps_avg_yearly": 1.19,
            "eps_latest_yearly": 0.2,
            "eps_growth_yearly": 194.72
        },
        "20152": {
            "year_quarter": 20152,
            "year": 2015,
            "quarter": 2,
            "eps": 0.24,
            "eps_growth_year": null,
            "eps_4q": -0.25,
            "eps_4q_growth_year": null,
            "roe": 2.03,
            "roe_4q": 1.2399999999999998,
            "gross_profit": 117855,
            "gross_margin": 30.35,
            "gross_margin_4q_avg": 26.65,
            "net_income": 10419,
            "revenue": 388303,
            "common_shares": 307977,
            "book_valuer_per_share": 13.56,
            "book_valuer_per_share_4q_avg": 13.54,
            "equity": 513028,
            "current_ratio": 222.55,
            "debt_ratio": 63.48,
            "inventory_turnover_ratio": 1.5,
            "account_receivable_turnover_ratio": 1.33,
            "reinvestment_rate": 8262.87,
            "research_to_sale_ratio": 7.91,
            "price_fair": 37.8,
            "eps_avg_yearly": 1.08,
            "eps_latest_yearly": 0.96,
            "eps_growth_yearly": 178.72
        },
        "20153": {
            "year_quarter": 20153,
            "year": 2015,
            "quarter": 3,
            "eps": 1.05,
            "eps_growth_year": null,
            "eps_4q": 1.41,
            "eps_4q_growth_year": null,
            "roe": 6.42,
            "roe_4q": 10.26,
            "gross_profit": 112553,
            "gross_margin": 26.73,
            "gross_margin_4q_avg": 27.51,
            "net_income": 31065,
            "revenue": 421075,
            "common_shares": 307977,
            "book_valuer_per_share": 14.81,
            "book_valuer_per_share_4q_avg": 13.94,
            "equity": 455427,
            "current_ratio": 279.6,
            "debt_ratio": 62.16,
            "inventory_turnover_ratio": 1.76,
            "account_receivable_turnover_ratio": 1.47,
            "reinvestment_rate": 1005.04,
            "research_to_sale_ratio": 5.67,
            "price_fair": 43.68,
            "eps_avg_yearly": 1.25,
            "eps_latest_yearly": 4.2,
            "eps_growth_yearly": 305.26
        },
        "20154": {
            "year_quarter": 20154,
            "year": 2015,
            "quarter": 4,
            "eps": 0.23,
            "eps_growth_year": 175.32,
            "eps_4q": 1.56,
            "eps_4q_growth_year": null,
            "roe": 1.45,
            "roe_4q": 11.15,
            "gross_profit": 80187,
            "gross_margin": 20.14,
            "gross_margin_4q_avg": 27.38,
            "net_income": 6669,
            "revenue": 398138,
            "common_shares": 308077,
            "book_valuer_per_share": 14.92,
            "book_valuer_per_share_4q_avg": 14.23,
            "equity": 461657,
            "current_ratio": 275.27,
            "debt_ratio": 58.05,
            "inventory_turnover_ratio": 1.85,
            "account_receivable_turnover_ratio": 1.57,
            "reinvestment_rate": 874.79,
            "research_to_sale_ratio": 3.15,
            "price_fair": 44.8,
            "eps_avg_yearly": 1.28,
            "eps_latest_yearly": 0.92,
            "eps_growth_yearly": 304.5
        },
        "20161": {
            "year_quarter": 20161,
            "year": 2016,
            "quarter": 1,
            "eps": -0.29,
            "eps_growth_year": -680,
            "eps_4q": 1.22,
            "eps_4q_growth_year": null,
            "roe": -2.07,
            "roe_4q": 7.83,
            "gross_profit": 47176,
            "gross_margin": 23.81,
            "gross_margin_4q_avg": 25.26,
            "net_income": -9506,
            "revenue": 198143,
            "common_shares": 308077,
            "book_valuer_per_share": 14.75,
            "book_valuer_per_share_4q_avg": 14.51,
            "equity": 458873,
            "current_ratio": 268.25,
            "debt_ratio": 58.16,
            "inventory_turnover_ratio": 0.83,
            "account_receivable_turnover_ratio": 0.84,
            "reinvestment_rate": 2016.75,
            "research_to_sale_ratio": 8.22,
            "price_fair": 46.51,
            "eps_avg_yearly": 1.33,
            "eps_latest_yearly": 0.92,
            "eps_growth_yearly": 320.55
        },
        "20162": {
            "year_quarter": 20162,
            "year": 2016,
            "quarter": 2,
            "eps": -0.64,
            "eps_growth_year": -366.67,
            "eps_4q": 0.35,
            "eps_4q_growth_year": null,
            "roe": -4.56,
            "roe_4q": 1.240000000000001,
            "gross_profit": 36801,
            "gross_margin": 18.26,
            "gross_margin_4q_avg": 22.24,
            "net_income": -20183,
            "revenue": 201501,
            "common_shares": 308077,
            "book_valuer_per_share": 13.68,
            "book_valuer_per_share_4q_avg": 14.54,
            "equity": 425554,
            "current_ratio": 143.99,
            "debt_ratio": 62.06,
            "inventory_turnover_ratio": 0.93,
            "account_receivable_turnover_ratio": 0.94,
            "reinvestment_rate": null,
            "research_to_sale_ratio": 6.45,
            "price_fair": 49.18,
            "eps_avg_yearly": 1.41,
            "eps_latest_yearly": 0.92,
            "eps_growth_yearly": 367.76
        },
        "20163": {
            "year_quarter": 20163,
            "year": 2016,
            "quarter": 3,
            "eps": -1.22,
            "eps_growth_year": -216.19,
            "eps_4q": -1.92,
            "eps_4q_growth_year": -235.69,
            "roe": -9.53,
            "roe_4q": -14.71,
            "gross_profit": 8301,
            "gross_margin": 5.98,
            "gross_margin_4q_avg": 17.05,
            "net_income": -38022,
            "revenue": 138894,
            "common_shares": 308077,
            "book_valuer_per_share": 11.92,
            "book_valuer_per_share_4q_avg": 13.82,
            "equity": 372660,
            "current_ratio": 126.24,
            "debt_ratio": 64.38,
            "inventory_turnover_ratio": 0.79,
            "account_receivable_turnover_ratio": 0.73,
            "reinvestment_rate": null,
            "research_to_sale_ratio": 10.2,
            "price_fair": 53.6,
            "eps_avg_yearly": 1.53,
            "eps_latest_yearly": 0.92,
            "eps_growth_yearly": 436.17
        },
        "20164": {
            "year_quarter": 20164,
            "year": 2016,
            "quarter": 4,
            "eps": -0.74,
            "eps_growth_year": -417.85,
            "eps_4q": -2.89,
            "eps_4q_growth_year": -285.01,
            "roe": -6.26,
            "roe_4q": -22.419999999999998,
            "gross_profit": 26195,
            "gross_margin": 12.09,
            "gross_margin_4q_avg": 15.04,
            "net_income": -22498,
            "revenue": 216586,
            "common_shares": 308077,
            "book_valuer_per_share": 11.04,
            "book_valuer_per_share_4q_avg": 12.85,
            "equity": 345962,
            "current_ratio": 158.93,
            "debt_ratio": 69.22,
            "inventory_turnover_ratio": 1.2,
            "account_receivable_turnover_ratio": 1.2,
            "reinvestment_rate": null,
            "research_to_sale_ratio": 6.05,
            "price_fair": 55.3,
            "eps_avg_yearly": 1.58,
            "eps_latest_yearly": 0.92,
            "eps_growth_yearly": 416.56
        },
        "20171": {
            "year_quarter": 20171,
            "year": 2017,
            "quarter": 1,
            "eps": -0.74,
            "eps_growth_year": null,
            "eps_4q": -3.34,
            "eps_4q_growth_year": -373.05,
            "roe": -6.81,
            "roe_4q": -27.16,
            "gross_profit": 24895,
            "gross_margin": 20.81,
            "gross_margin_4q_avg": 14.29,
            "net_income": -22873,
            "revenue": 119636,
            "common_shares": 308077,
            "book_valuer_per_share": 10.21,
            "book_valuer_per_share_4q_avg": 11.71,
            "equity": 326188,
            "current_ratio": 157.66,
            "debt_ratio": 69.07,
            "inventory_turnover_ratio": 0.58,
            "account_receivable_turnover_ratio": 0.68,
            "reinvestment_rate": null,
            "research_to_sale_ratio": 8.5,
            "price_fair": 53.76,
            "eps_avg_yearly": 1.54,
            "eps_latest_yearly": 0.92,
            "eps_growth_yearly": 463.75
        },
        "20172": {
            "year_quarter": 20172,
            "year": 2017,
            "quarter": 2,
            "eps": -0.35,
            "eps_growth_year": null,
            "eps_4q": -3.05,
            "eps_4q_growth_year": -972.78,
            "roe": -2.95,
            "roe_4q": -25.549999999999997,
            "gross_profit": 37009,
            "gross_margin": 18.71,
            "gross_margin_4q_avg": 14.4,
            "net_income": -10399,
            "revenue": 197789,
            "common_shares": 308077,
            "book_valuer_per_share": 10.46,
            "book_valuer_per_share_4q_avg": 10.91,
            "equity": 379979,
            "current_ratio": 148.46,
            "debt_ratio": 67.24,
            "inventory_turnover_ratio": 0.95,
            "account_receivable_turnover_ratio": 0.99,
            "reinvestment_rate": null,
            "research_to_sale_ratio": 4.83,
            "price_fair": 54.95,
            "eps_avg_yearly": 1.57,
            "eps_latest_yearly": 0.92,
            "eps_growth_yearly": 601.9
        },
        "20173": {
            "year_quarter": 20173,
            "year": 2017,
            "quarter": 3,
            "eps": 0.01,
            "eps_growth_year": null,
            "eps_4q": -1.17,
            "eps_4q_growth_year": null,
            "roe": 0.05,
            "roe_4q": -15.97,
            "gross_profit": 45498,
            "gross_margin": 21.45,
            "gross_margin_4q_avg": 18.27,
            "net_income": 247,
            "revenue": 212078,
            "common_shares": 471897,
            "book_valuer_per_share": 10.71,
            "book_valuer_per_share_4q_avg": 10.61,
            "equity": 571261,
            "current_ratio": 196.48,
            "debt_ratio": 56.39,
            "inventory_turnover_ratio": 1.04,
            "account_receivable_turnover_ratio": 0.91,
            "reinvestment_rate": null,
            "research_to_sale_ratio": 4.84,
            "price_fair": 54.95,
            "eps_avg_yearly": 1.57,
            "eps_latest_yearly": 0.92,
            "eps_growth_yearly": 601.9
        },
        "20174": {
            "year_quarter": 20174,
            "year": 2017,
            "quarter": 4,
            "eps": -0.21,
            "eps_growth_year": null,
            "eps_4q": -0.9,
            "eps_4q_growth_year": null,
            "roe": -2.48,
            "roe_4q": -12.190000000000001,
            "gross_profit": 38110,
            "gross_margin": 17.3,
            "gross_margin_4q_avg": 19.57,
            "net_income": -14260,
            "revenue": 220350,
            "common_shares": 471897,
            "book_valuer_per_share": 10.97,
            "book_valuer_per_share_4q_avg": 10.59,
            "equity": 579638,
            "current_ratio": 430.98,
            "debt_ratio": 51.26,
            "inventory_turnover_ratio": 1.26,
            "account_receivable_turnover_ratio": 0.89,
            "reinvestment_rate": null,
            "research_to_sale_ratio": 5.63,
            "price_fair": 54.95,
            "eps_avg_yearly": 1.57,
            "eps_latest_yearly": 0.92,
            "eps_growth_yearly": 601.9
        },
        "20181": {
            "year_quarter": 20181,
            "year": 2018,
            "quarter": 1,
            "eps": -0.21,
            "eps_growth_year": null,
            "eps_4q": -0.63,
            "eps_4q_growth_year": null,
            "roe": -2.24,
            "roe_4q": -7.620000000000001,
            "gross_profit": 26116,
            "gross_margin": 18.38,
            "gross_margin_4q_avg": 18.96,
            "net_income": -13080,
            "revenue": 142098,
            "common_shares": 471897,
            "book_valuer_per_share": 10.87,
            "book_valuer_per_share_4q_avg": 10.75,
            "equity": 586558,
            "current_ratio": 203.26,
            "debt_ratio": 49.75,
            "inventory_turnover_ratio": 0.71,
            "account_receivable_turnover_ratio": 0.59,
            "reinvestment_rate": null,
            "research_to_sale_ratio": 5.7,
            "price_fair": 54.95,
            "eps_avg_yearly": 1.57,
            "eps_latest_yearly": 0.92,
            "eps_growth_yearly": 601.9
        },
        "20182": {
            "year_quarter": 20182,
            "year": 2018,
            "quarter": 2,
            "eps": -0.16,
            "eps_growth_year": null,
            "eps_4q": -0.57,
            "eps_4q_growth_year": null,
            "roe": -2,
            "roe_4q": -6.670000000000001,
            "gross_profit": 43037,
            "gross_margin": 20.94,
            "gross_margin_4q_avg": 19.52,
            "net_income": -11604,
            "revenue": 205549,
            "common_shares": 471897,
            "book_valuer_per_share": 10.69,
            "book_valuer_per_share_4q_avg": 10.81,
            "equity": 572728,
            "current_ratio": 188.77,
            "debt_ratio": 50.81,
            "inventory_turnover_ratio": 0.91,
            "account_receivable_turnover_ratio": 0.87,
            "reinvestment_rate": null,
            "research_to_sale_ratio": 3.46,
            "price_fair": 54.95,
            "eps_avg_yearly": 1.57,
            "eps_latest_yearly": 0.92,
            "eps_growth_yearly": 601.9
        },
        "20183": {
            "year_quarter": 20183,
            "year": 2018,
            "quarter": 3,
            "eps": -0.22,
            "eps_growth_year": -2300,
            "eps_4q": -0.79,
            "eps_4q_growth_year": null,
            "roe": -2.19,
            "roe_4q": -8.91,
            "gross_profit": 47423,
            "gross_margin": 24.74,
            "gross_margin_4q_avg": 20.34,
            "net_income": -12378,
            "revenue": 191669,
            "common_shares": 471897,
            "book_valuer_per_share": 10.28,
            "book_valuer_per_share_4q_avg": 10.7,
            "equity": 558521,
            "current_ratio": 175.85,
            "debt_ratio": 52.67,
            "inventory_turnover_ratio": 0.79,
            "account_receivable_turnover_ratio": 0.76,
            "reinvestment_rate": null,
            "research_to_sale_ratio": 4.12,
            "price_fair": 54.95,
            "eps_avg_yearly": 1.57,
            "eps_latest_yearly": 0.92,
            "eps_growth_yearly": 601.9
        },
        "20184": {
            "year_quarter": 20184,
            "year": 2018,
            "quarter": 4,
            "eps": -0.55,
            "eps_growth_year": null,
            "eps_4q": -1.03,
            "eps_4q_growth_year": null,
            "roe": -5.93,
            "roe_4q": -12.36,
            "gross_profit": 51480,
            "gross_margin": 23.9,
            "gross_margin_4q_avg": 21.99,
            "net_income": -35225,
            "revenue": 215361,
            "common_shares": 580897,
            "book_valuer_per_share": 9.59,
            "book_valuer_per_share_4q_avg": 10.36,
            "equity": 628847,
            "current_ratio": 249.54,
            "debt_ratio": 43.37,
            "inventory_turnover_ratio": 0.93,
            "account_receivable_turnover_ratio": 0.91,
            "reinvestment_rate": null,
            "research_to_sale_ratio": 4.48,
            "price_fair": 54.95,
            "eps_avg_yearly": 1.57,
            "eps_latest_yearly": 0.92,
            "eps_growth_yearly": 601.9
        },
        "20191": {
            "year_quarter": 20191,
            "year": 2019,
            "quarter": 1,
            "eps": -0.44,
            "eps_growth_year": null,
            "eps_4q": -1.3,
            "eps_4q_growth_year": null,
            "roe": -4.48,
            "roe_4q": -14.6,
            "gross_profit": 49220,
            "gross_margin": 27.91,
            "gross_margin_4q_avg": 24.37,
            "net_income": -27701,
            "revenue": 176366,
            "common_shares": 580897,
            "book_valuer_per_share": 9.25,
            "book_valuer_per_share_4q_avg": 9.95,
            "equity": 607402,
            "current_ratio": 216.9,
            "debt_ratio": 44.27,
            "inventory_turnover_ratio": 0.72,
            "account_receivable_turnover_ratio": 0.79,
            "reinvestment_rate": null,
            "research_to_sale_ratio": 9.55,
            "price_fair": 70.93,
            "eps_avg_yearly": 2.03,
            "eps_latest_yearly": 0.92,
            "eps_growth_yearly": 852.54
        },
        "20192": {
            "year_quarter": 20192,
            "year": 2019,
            "quarter": 2,
            "eps": -1.14,
            "eps_growth_year": null,
            "eps_4q": -2.31,
            "eps_4q_growth_year": null,
            "roe": -11.51,
            "roe_4q": -24.110000000000003,
            "gross_profit": -11727,
            "gross_margin": -9.71,
            "gross_margin_4q_avg": 16.71,
            "net_income": -66215,
            "revenue": 120780,
            "common_shares": 580897,
            "book_valuer_per_share": 8.06,
            "book_valuer_per_share_4q_avg": 9.3,
            "equity": 542910,
            "current_ratio": 190.69,
            "debt_ratio": 47.32,
            "inventory_turnover_ratio": 0.62,
            "account_receivable_turnover_ratio": 0.79,
            "reinvestment_rate": null,
            "research_to_sale_ratio": 11.43,
            "price_fair": 89.6,
            "eps_avg_yearly": 2.56,
            "eps_latest_yearly": 0.92,
            "eps_growth_yearly": 518.81
        },
        "20193": {
            "year_quarter": 20193,
            "year": 2019,
            "quarter": 3,
            "eps": -0.61,
            "eps_growth_year": null,
            "eps_4q": -2.75,
            "eps_4q_growth_year": null,
            "roe": -7.16,
            "roe_4q": -29.080000000000002,
            "gross_profit": 30158,
            "gross_margin": 16.54,
            "gross_margin_4q_avg": 14.66,
            "net_income": -37263,
            "revenue": 182334,
            "common_shares": 580897,
            "book_valuer_per_share": 7.31,
            "book_valuer_per_share_4q_avg": 8.55,
            "equity": 497563,
            "current_ratio": 181.46,
            "debt_ratio": 50.63,
            "inventory_turnover_ratio": 0.73,
            "account_receivable_turnover_ratio": 1.94,
            "reinvestment_rate": null,
            "research_to_sale_ratio": 3.46,
            "price_fair": 2.76,
            "eps_avg_yearly": 0.92,
            "eps_latest_yearly": 0.92,
            "eps_growth_yearly": -312.38
        },
        "20194": {
            "year_quarter": 20194,
            "year": 2019,
            "quarter": 4,
            "eps": -0.73,
            "eps_growth_year": null,
            "eps_4q": -2.92,
            "eps_4q_growth_year": null,
            "roe": -12.15,
            "roe_4q": -35.3,
            "gross_profit": 37293,
            "gross_margin": 25.81,
            "gross_margin_4q_avg": 15.14,
            "net_income": -56751,
            "revenue": 144465,
            "common_shares": 580897,
            "book_valuer_per_share": 6.49,
            "book_valuer_per_share_4q_avg": 7.78,
            "equity": 436801,
            "current_ratio": 187.51,
            "debt_ratio": 50.05,
            "inventory_turnover_ratio": 0.82,
            "account_receivable_turnover_ratio": 1.19,
            "reinvestment_rate": null,
            "research_to_sale_ratio": 2.93,
            "price_fair": 0,
            "eps_avg_yearly": 0,
            "eps_latest_yearly": 0,
            "eps_growth_yearly": 0
        },
        "20201": {
            "year_quarter": 20201,
            "year": 2020,
            "quarter": 1,
            "eps": -0.83,
            "eps_growth_year": null,
            "eps_4q": -3.31,
            "eps_4q_growth_year": null,
            "roe": -12.26,
            "roe_4q": -43.08,
            "gross_profit": 18345,
            "gross_margin": 24.49,
            "gross_margin_4q_avg": 14.28,
            "net_income": -50461,
            "revenue": 74896,
            "common_shares": 580897,
            "book_valuer_per_share": 5.66,
            "book_valuer_per_share_4q_avg": 6.88,
            "equity": 386300,
            "current_ratio": 175.99,
            "debt_ratio": 52.04,
            "inventory_turnover_ratio": 0.83,
            "account_receivable_turnover_ratio": 0.67,
            "reinvestment_rate": null,
            "research_to_sale_ratio": 12.73,
            "price_fair": 0,
            "eps_avg_yearly": 0,
            "eps_latest_yearly": 0,
            "eps_growth_yearly": 0
        },
        "20202": {
            "year_quarter": 20202,
            "year": 2020,
            "quarter": 2,
            "eps": -0.99,
            "eps_growth_year": null,
            "eps_4q": -3.15,
            "eps_4q_growth_year": null,
            "roe": -17.36,
            "roe_4q": -48.92999999999999,
            "gross_profit": 21281,
            "gross_margin": 29.29,
            "gross_margin_4q_avg": 24.03,
            "net_income": -61561,
            "revenue": 72644,
            "common_shares": 580897,
            "book_valuer_per_share": 4.61,
            "book_valuer_per_share_4q_avg": 6.02,
            "equity": 323100,
            "current_ratio": 157.69,
            "debt_ratio": 58.18,
            "inventory_turnover_ratio": 0.87,
            "account_receivable_turnover_ratio": 0.99,
            "reinvestment_rate": null,
            "research_to_sale_ratio": 17.88,
            "price_fair": 0,
            "eps_avg_yearly": 0,
            "eps_latest_yearly": 0,
            "eps_growth_yearly": 0
        },
        "20203": {
            "year_quarter": 20203,
            "year": 2020,
            "quarter": 3,
            "eps": -1.26,
            "eps_growth_year": null,
            "eps_4q": -4.88,
            "eps_4q_growth_year": null,
            "roe": -20.11,
            "roe_4q": -61.879999999999995,
            "gross_profit": 26169,
            "gross_margin": 24.92,
            "gross_margin_4q_avg": 26.13,
            "net_income": -59052,
            "revenue": 105026,
            "common_shares": 408897,
            "book_valuer_per_share": 5.31,
            "book_valuer_per_share_4q_avg": 5.52,
            "equity": 264052,
            "current_ratio": 153.18,
            "debt_ratio": 63.67,
            "inventory_turnover_ratio": 1.31,
            "account_receivable_turnover_ratio": 1.99,
            "reinvestment_rate": null,
            "research_to_sale_ratio": 8.76,
            "price_fair": 0,
            "eps_avg_yearly": 0,
            "eps_latest_yearly": 0,
            "eps_growth_yearly": 0
        },
        "20204": {
            "year_quarter": 20204,
            "year": 2020,
            "quarter": 4,
            "eps": -1.16,
            "eps_growth_year": null,
            "eps_4q": -5,
            "eps_4q_growth_year": null,
            "roe": -20.93,
            "roe_4q": -70.66,
            "gross_profit": 43114,
            "gross_margin": 27.79,
            "gross_margin_4q_avg": 26.62,
            "net_income": -50556,
            "revenue": 155135,
            "common_shares": 408897,
            "book_valuer_per_share": 4.23,
            "book_valuer_per_share_4q_avg": 4.95,
            "equity": 218966,
            "current_ratio": 134.95,
            "debt_ratio": 68.46,
            "inventory_turnover_ratio": 2.04,
            "account_receivable_turnover_ratio": 2.11,
            "reinvestment_rate": null,
            "research_to_sale_ratio": 6.33,
            "price_fair": 0,
            "eps_avg_yearly": 0,
            "eps_latest_yearly": 0,
            "eps_growth_yearly": 0
        },
        "20211": {
            "year_quarter": 20211,
            "year": 2021,
            "quarter": 1,
            "eps": -0.31,
            "eps_growth_year": null,
            "eps_4q": -4.12,
            "eps_4q_growth_year": null,
            "roe": -7.66,
            "roe_4q": -66.06,
            "gross_profit": 48928,
            "gross_margin": 44.23,
            "gross_margin_4q_avg": 31.56,
            "net_income": -16114,
            "revenue": 110615,
            "common_shares": 408897,
            "book_valuer_per_share": 3.9,
            "book_valuer_per_share_4q_avg": 4.51,
            "equity": 202025,
            "current_ratio": 112.75,
            "debt_ratio": 69.88,
            "inventory_turnover_ratio": 1.21,
            "account_receivable_turnover_ratio": 1.16,
            "reinvestment_rate": null,
            "research_to_sale_ratio": 8.66,
            "price_fair": 0,
            "eps_avg_yearly": 0,
            "eps_latest_yearly": 0,
            "eps_growth_yearly": 0
        },
        "20212": {
            "year_quarter": 20212,
            "year": 2021,
            "quarter": 2,
            "eps": -1.13,
            "eps_growth_year": null,
            "eps_4q": -3.86,
            "eps_4q_growth_year": null,
            "roe": -27.76,
            "roe_4q": -76.46000000000001,
            "gross_profit": 11271,
            "gross_margin": 16.04,
            "gross_margin_4q_avg": 28.25,
            "net_income": -49070,
            "revenue": 70290,
            "common_shares": 408897,
            "book_valuer_per_share": 2.75,
            "book_valuer_per_share_4q_avg": 4.05,
            "equity": 151468,
            "current_ratio": 95.47,
            "debt_ratio": 75.38,
            "inventory_turnover_ratio": 0.92,
            "account_receivable_turnover_ratio": 1.09,
            "reinvestment_rate": null,
            "research_to_sale_ratio": 15.89,
            "price_fair": 0,
            "eps_avg_yearly": 0,
            "eps_latest_yearly": 0,
            "eps_growth_yearly": 0
        },
        "20213": {
            "year_quarter": 20213,
            "year": 2021,
            "quarter": 3,
            "eps": -0.89,
            "eps_growth_year": null,
            "eps_4q": -3.48,
            "eps_4q_growth_year": null,
            "roe": -32.41,
            "roe_4q": -88.75999999999999,
            "gross_profit": 15726,
            "gross_margin": 25.75,
            "gross_margin_4q_avg": 28.45,
            "net_income": -42340,
            "revenue": 61076,
            "common_shares": 408897,
            "book_valuer_per_share": 1.88,
            "book_valuer_per_share_4q_avg": 3.19,
            "equity": 109810,
            "current_ratio": 91.47,
            "debt_ratio": 81.95,
            "inventory_turnover_ratio": 0.63,
            "account_receivable_turnover_ratio": 1.75,
            "reinvestment_rate": null,
            "research_to_sale_ratio": 6.58,
            "price_fair": 0,
            "eps_avg_yearly": 0,
            "eps_latest_yearly": 0,
            "eps_growth_yearly": 0
        },
        "20214": {
            "year_quarter": 20214,
            "year": 2021,
            "quarter": 4,
            "eps": 1.62,
            "eps_growth_year": null,
            "eps_4q": -0.71,
            "eps_4q_growth_year": null,
            "roe": 45.65,
            "roe_4q": -22.18,
            "gross_profit": 18255,
            "gross_margin": 16.67,
            "gross_margin_4q_avg": 25.67,
            "net_income": 64788,
            "revenue": 109479,
            "common_shares": 408897,
            "book_valuer_per_share": 3.48,
            "book_valuer_per_share_4q_avg": 3,
            "equity": 174046,
            "current_ratio": 123.23,
            "debt_ratio": 58.78,
            "inventory_turnover_ratio": 1.91,
            "account_receivable_turnover_ratio": 3.59,
            "reinvestment_rate": null,
            "research_to_sale_ratio": 18.57,
            "price_fair": 0,
            "eps_avg_yearly": 0,
            "eps_latest_yearly": 0,
            "eps_growth_yearly": 0
        },
        "20221": {
            "year_quarter": 20221,
            "year": 2022,
            "quarter": 1,
            "eps": 0.05,
            "eps_growth_year": null,
            "eps_4q": -0.36,
            "eps_4q_growth_year": null,
            "roe": -2.16,
            "roe_4q": -16.680000000000003,
            "gross_profit": 24154,
            "gross_margin": 38.99,
            "gross_margin_4q_avg": 24.36,
            "net_income": -3736,
            "revenue": 61946,
            "common_shares": 408897,
            "book_valuer_per_share": 3.55,
            "book_valuer_per_share_4q_avg": 2.92,
            "equity": 171237,
            "current_ratio": 116.95,
            "debt_ratio": 55.12,
            "inventory_turnover_ratio": 1.22,
            "account_receivable_turnover_ratio": 2.39,
            "reinvestment_rate": null,
            "research_to_sale_ratio": 6.34,
            "price_fair": 0.6,
            "eps_avg_yearly": 0.2,
            "eps_latest_yearly": 0.2,
            "eps_growth_yearly": -387.65
        },
        "20222": {
            "year_quarter": 20222,
            "year": 2022,
            "quarter": 2,
            "eps": 0.01,
            "eps_growth_year": null,
            "eps_4q": 0.8,
            "eps_4q_growth_year": null,
            "roe": -3.04,
            "roe_4q": 8.04,
            "gross_profit": 47806,
            "gross_margin": 52.53,
            "gross_margin_4q_avg": 33.49,
            "net_income": -5163,
            "revenue": 91008,
            "common_shares": 408897,
            "book_valuer_per_share": 3.57,
            "book_valuer_per_share_4q_avg": 3.12,
            "equity": 168260,
            "current_ratio": 126.76,
            "debt_ratio": 55.64,
            "inventory_turnover_ratio": 1.17,
            "account_receivable_turnover_ratio": 3.08,
            "reinvestment_rate": null,
            "research_to_sale_ratio": 5.87,
            "price_fair": 0.36,
            "eps_avg_yearly": 0.12,
            "eps_latest_yearly": 0.04,
            "eps_growth_yearly": -353.83
        },
        "20223": {
            "year_quarter": 20223,
            "year": 2022,
            "quarter": 3,
            "eps": 0.01,
            "eps_growth_year": null,
            "eps_4q": 1.69,
            "eps_4q_growth_year": null,
            "roe": 0.17,
            "roe_4q": 40.62,
            "gross_profit": 51437,
            "gross_margin": 50.37,
            "gross_margin_4q_avg": 39.64,
            "net_income": 287,
            "revenue": 102122,
            "common_shares": 408897,
            "book_valuer_per_share": 3.52,
            "book_valuer_per_share_4q_avg": 3.53,
            "equity": 167023,
            "current_ratio": 131.11,
            "debt_ratio": 56.6,
            "inventory_turnover_ratio": 1.27,
            "account_receivable_turnover_ratio": 2.54,
            "reinvestment_rate": null,
            "research_to_sale_ratio": 6.85,
            "price_fair": 0.28,
            "eps_avg_yearly": 0.09,
            "eps_latest_yearly": 0.04,
            "eps_growth_yearly": -235.88
        },
        "20224": {
            "year_quarter": 20224,
            "year": 2022,
            "quarter": 4,
            "eps": 0,
            "eps_growth_year": -99.98,
            "eps_4q": 0.07,
            "eps_4q_growth_year": null,
            "roe": -0.57,
            "roe_4q": -5.6,
            "gross_profit": 62734,
            "gross_margin": 50.6,
            "gross_margin_4q_avg": 48.12,
            "net_income": -954,
            "revenue": 123977,
            "common_shares": 408897,
            "book_valuer_per_share": 3.57,
            "book_valuer_per_share_4q_avg": 3.55,
            "equity": 168418,
            "current_ratio": 154.3,
            "debt_ratio": 56.41,
            "inventory_turnover_ratio": 1.62,
            "account_receivable_turnover_ratio": 2.65,
            "reinvestment_rate": null,
            "research_to_sale_ratio": 6.08,
            "price_fair": 0.28,
            "eps_avg_yearly": 0.09,
            "eps_latest_yearly": 0.04,
            "eps_growth_yearly": -235.88
        },
        "20231": {
            "year_quarter": 20231,
            "year": 2023,
            "quarter": 1,
            "eps": 0.02,
            "eps_growth_year": -60,
            "eps_4q": 0.05,
            "eps_4q_growth_year": null,
            "roe": 0.65,
            "roe_4q": -2.79,
            "gross_profit": 60363,
            "gross_margin": 63.89,
            "gross_margin_4q_avg": 54.35,
            "net_income": 1096,
            "revenue": 94473,
            "common_shares": 408897,
            "book_valuer_per_share": 3.6,
            "book_valuer_per_share_4q_avg": 3.57,
            "equity": 169514,
            "current_ratio": 155.73,
            "debt_ratio": 56.32,
            "inventory_turnover_ratio": 0.96,
            "account_receivable_turnover_ratio": 2.02,
            "reinvestment_rate": null,
            "research_to_sale_ratio": 9.25,
            "price_fair": 0.28,
            "eps_avg_yearly": 0.09,
            "eps_latest_yearly": 0.04,
            "eps_growth_yearly": -235.88
        }
    },
    "months": {
        "2008-08": {
            "month": "2008-08",
            "price": "48.23",
            "revenue": 10603
        },
        "2008-09": {
            "month": "2008-09",
            "price": "41.43",
            "revenue": 11394
        },
        "2008-10": {
            "month": "2008-10",
            "price": "31.81",
            "revenue": 14374
        },
        "2008-11": {
            "month": "2008-11",
            "price": "32.29",
            "revenue": 9780
        },
        "2008-12": {
            "month": "2008-12",
            "price": "26.14",
            "revenue": 14561
        },
        "2009-01": {
            "month": "2009-01",
            "price": "20.06",
            "revenue": 10013
        },
        "2009-02": {
            "month": "2009-02",
            "price": "21.14",
            "revenue": 35338
        },
        "2009-03": {
            "month": "2009-03",
            "price": "33.62",
            "revenue": 26010
        },
        "2009-04": {
            "month": "2009-04",
            "price": "45.72",
            "revenue": 16546
        },
        "2009-05": {
            "month": "2009-05",
            "price": "50.12",
            "revenue": 23290
        },
        "2009-06": {
            "month": "2009-06",
            "price": "45.94",
            "revenue": 20430
        },
        "2009-07": {
            "month": "2009-07",
            "price": "73.47",
            "revenue": 18255
        },
        "2009-08": {
            "month": "2009-08",
            "price": "76.71",
            "revenue": 27378
        },
        "2009-09": {
            "month": "2009-09",
            "price": "60.89",
            "revenue": 20022
        },
        "2009-10": {
            "month": "2009-10",
            "price": "56.46",
            "revenue": 19553
        },
        "2009-11": {
            "month": "2009-11",
            "price": "52.23",
            "revenue": 22866
        },
        "2009-12": {
            "month": "2009-12",
            "price": "49.71",
            "revenue": 51407
        },
        "2010-01": {
            "month": "2010-01",
            "price": "44.04",
            "revenue": 30273
        },
        "2010-02": {
            "month": "2010-02",
            "price": "40.89",
            "revenue": 30739
        },
        "2010-03": {
            "month": "2010-03",
            "price": "43.59",
            "revenue": 34265
        },
        "2010-04": {
            "month": "2010-04",
            "price": "47.08",
            "revenue": 34303
        },
        "2010-05": {
            "month": "2010-05",
            "price": "48.19",
            "revenue": 34690
        },
        "2010-06": {
            "month": "2010-06",
            "price": "49.36",
            "revenue": 45688
        },
        "2010-07": {
            "month": "2010-07",
            "price": "51.88",
            "revenue": 30098
        },
        "2010-08": {
            "month": "2010-08",
            "price": "50.49",
            "revenue": 30014
        },
        "2010-09": {
            "month": "2010-09",
            "price": "48.91",
            "revenue": 36258
        },
        "2010-10": {
            "month": "2010-10",
            "price": "44.86",
            "revenue": 30072
        },
        "2010-11": {
            "month": "2010-11",
            "price": "44.46",
            "revenue": 30008
        },
        "2010-12": {
            "month": "2010-12",
            "price": "49.40",
            "revenue": 31014
        },
        "2011-01": {
            "month": "2011-01",
            "price": "43.31",
            "revenue": 22465
        },
        "2011-02": {
            "month": "2011-02",
            "price": "39.17",
            "revenue": 30788
        },
        "2011-03": {
            "month": "2011-03",
            "price": "37.58",
            "revenue": 31929
        },
        "2011-04": {
            "month": "2011-04",
            "price": "38.78",
            "revenue": 34311
        },
        "2011-05": {
            "month": "2011-05",
            "price": "36.97",
            "revenue": 38547
        },
        "2011-06": {
            "month": "2011-06",
            "price": "57.60",
            "revenue": 41417
        },
        "2011-07": {
            "month": "2011-07",
            "price": "84.64",
            "revenue": 43828
        },
        "2011-08": {
            "month": "2011-08",
            "price": "89.90",
            "revenue": 43995
        },
        "2011-09": {
            "month": "2011-09",
            "price": "88.14",
            "revenue": 42182
        },
        "2011-10": {
            "month": "2011-10",
            "price": "75.86",
            "revenue": 42589
        },
        "2011-11": {
            "month": "2011-11",
            "price": "60.40",
            "revenue": 43110
        },
        "2011-12": {
            "month": "2011-12",
            "price": "64.54",
            "revenue": 72559
        },
        "2012-01": {
            "month": "2012-01",
            "price": "59.43",
            "revenue": 45021
        },
        "2012-02": {
            "month": "2012-02",
            "price": "65.79",
            "revenue": 41609
        },
        "2012-03": {
            "month": "2012-03",
            "price": "57.25",
            "revenue": 57574
        },
        "2012-04": {
            "month": "2012-04",
            "price": "46.84",
            "revenue": 56073
        },
        "2012-05": {
            "month": "2012-05",
            "price": "40.24",
            "revenue": 49830
        },
        "2012-06": {
            "month": "2012-06",
            "price": "38.85",
            "revenue": 70820
        },
        "2012-07": {
            "month": "2012-07",
            "price": "39.85",
            "revenue": 52657
        },
        "2012-08": {
            "month": "2012-08",
            "price": "36.27",
            "revenue": 71203
        },
        "2012-09": {
            "month": "2012-09",
            "price": "32.54",
            "revenue": 73889
        },
        "2012-10": {
            "month": "2012-10",
            "price": "29.08",
            "revenue": 72434
        },
        "2012-11": {
            "month": "2012-11",
            "price": "21.31",
            "revenue": 71223
        },
        "2012-12": {
            "month": "2012-12",
            "price": "22.53",
            "revenue": 71606
        },
        "2013-01": {
            "month": "2013-01",
            "price": "23.29",
            "revenue": 91176
        },
        "2013-02": {
            "month": "2013-02",
            "price": "22.55",
            "revenue": 85652
        },
        "2013-03": {
            "month": "2013-03",
            "price": "27.39",
            "revenue": 87380
        },
        "2013-04": {
            "month": "2013-04",
            "price": "29.64",
            "revenue": 81544
        },
        "2013-05": {
            "month": "2013-05",
            "price": "29.71",
            "revenue": 101477
        },
        "2013-06": {
            "month": "2013-06",
            "price": "31.71",
            "revenue": 74466
        },
        "2013-07": {
            "month": "2013-07",
            "price": "30.75",
            "revenue": 76307
        },
        "2013-08": {
            "month": "2013-08",
            "price": "31.03",
            "revenue": 71314
        },
        "2013-09": {
            "month": "2013-09",
            "price": "38.83",
            "revenue": 82026
        },
        "2013-10": {
            "month": "2013-10",
            "price": "31.70",
            "revenue": 71282
        },
        "2013-11": {
            "month": "2013-11",
            "price": "29.25",
            "revenue": 70054
        },
        "2013-12": {
            "month": "2013-12",
            "price": "30.07",
            "revenue": 86736
        },
        "2014-01": {
            "month": "2014-01",
            "price": "33.25",
            "revenue": 66145
        },
        "2014-02": {
            "month": "2014-02",
            "price": "31.16",
            "revenue": 67572
        },
        "2014-03": {
            "month": "2014-03",
            "price": "31.30",
            "revenue": 76041
        },
        "2014-04": {
            "month": "2014-04",
            "price": "29.36",
            "revenue": 74003
        },
        "2014-05": {
            "month": "2014-05",
            "price": "28.07",
            "revenue": 69954
        },
        "2014-06": {
            "month": "2014-06",
            "price": "27.18",
            "revenue": 72572
        },
        "2014-07": {
            "month": "2014-07",
            "price": "27.00",
            "revenue": 61888
        },
        "2014-08": {
            "month": "2014-08",
            "price": "23.38",
            "revenue": 67056
        },
        "2014-09": {
            "month": "2014-09",
            "price": "22.35",
            "revenue": 87520
        },
        "2014-10": {
            "month": "2014-10",
            "price": "22.50",
            "revenue": 94141
        },
        "2014-11": {
            "month": "2014-11",
            "price": "21.76",
            "revenue": 135339
        },
        "2014-12": {
            "month": "2014-12",
            "price": "25.54",
            "revenue": 134087
        },
        "2015-01": {
            "month": "2015-01",
            "price": "29.24",
            "revenue": 87794
        },
        "2015-02": {
            "month": "2015-02",
            "price": "28.48",
            "revenue": 69874
        },
        "2015-03": {
            "month": "2015-03",
            "price": "25.65",
            "revenue": 109008
        },
        "2015-04": {
            "month": "2015-04",
            "price": "24.65",
            "revenue": 114437
        },
        "2015-05": {
            "month": "2015-05",
            "price": "22.74",
            "revenue": 126991
        },
        "2015-06": {
            "month": "2015-06",
            "price": "27.06",
            "revenue": 144880
        },
        "2015-07": {
            "month": "2015-07",
            "price": "28.32",
            "revenue": 142865
        },
        "2015-08": {
            "month": "2015-08",
            "price": "22.60",
            "revenue": 117959
        },
        "2015-09": {
            "month": "2015-09",
            "price": "21.72",
            "revenue": 154741
        },
        "2015-10": {
            "month": "2015-10",
            "price": "25.08",
            "revenue": 102334
        },
        "2015-11": {
            "month": "2015-11",
            "price": "26.86",
            "revenue": 154449
        },
        "2015-12": {
            "month": "2015-12",
            "price": "27.30",
            "revenue": 137711
        },
        "2016-01": {
            "month": "2016-01",
            "price": "25.07",
            "revenue": 88788
        },
        "2016-02": {
            "month": "2016-02",
            "price": "27.55",
            "revenue": 41286
        },
        "2016-03": {
            "month": "2016-03",
            "price": "33.06",
            "revenue": 70617
        },
        "2016-04": {
            "month": "2016-04",
            "price": "26.13",
            "revenue": 75528
        },
        "2016-05": {
            "month": "2016-05",
            "price": "22.77",
            "revenue": 70863
        },
        "2016-06": {
            "month": "2016-06",
            "price": "23.18",
            "revenue": 56449
        },
        "2016-07": {
            "month": "2016-07",
            "price": "22.99",
            "revenue": 42070
        },
        "2016-08": {
            "month": "2016-08",
            "price": "22.37",
            "revenue": 52080
        },
        "2016-09": {
            "month": "2016-09",
            "price": "20.93",
            "revenue": 49443
        },
        "2016-10": {
            "month": "2016-10",
            "price": "19.03",
            "revenue": 70404
        },
        "2016-11": {
            "month": "2016-11",
            "price": "17.38",
            "revenue": 73748
        },
        "2016-12": {
            "month": "2016-12",
            "price": "18.16",
            "revenue": 75852
        },
        "2017-01": {
            "month": "2017-01",
            "price": "18.55",
            "revenue": 32027
        },
        "2017-02": {
            "month": "2017-02",
            "price": "18.08",
            "revenue": 34791
        },
        "2017-03": {
            "month": "2017-03",
            "price": "17.75",
            "revenue": 52719
        },
        "2017-04": {
            "month": "2017-04",
            "price": "17.01",
            "revenue": 71551
        },
        "2017-05": {
            "month": "2017-05",
            "price": "15.55",
            "revenue": 61415
        },
        "2017-06": {
            "month": "2017-06",
            "price": "16.05",
            "revenue": 66723
        },
        "2017-07": {
            "month": "2017-07",
            "price": "15.23",
            "revenue": 71314
        },
        "2017-08": {
            "month": "2017-08",
            "price": "15.21",
            "revenue": 65180
        },
        "2017-09": {
            "month": "2017-09",
            "price": "15.26",
            "revenue": 73327
        },
        "2017-10": {
            "month": "2017-10",
            "price": "15.80",
            "revenue": 65534
        },
        "2017-11": {
            "month": "2017-11",
            "price": "15.72",
            "revenue": 71152
        },
        "2017-12": {
            "month": "2017-12",
            "price": "15.45",
            "revenue": 92319
        },
        "2018-01": {
            "month": "2018-01",
            "price": "16.94",
            "revenue": 68188
        },
        "2018-02": {
            "month": "2018-02",
            "price": "16.00",
            "revenue": 31544
        },
        "2018-03": {
            "month": "2018-03",
            "price": "16.28",
            "revenue": 47093
        },
        "2018-04": {
            "month": "2018-04",
            "price": "15.99",
            "revenue": 53387
        },
        "2018-05": {
            "month": "2018-05",
            "price": "15.74",
            "revenue": 75580
        },
        "2018-06": {
            "month": "2018-06",
            "price": "15.72",
            "revenue": 70939
        },
        "2018-07": {
            "month": "2018-07",
            "price": "15.08",
            "revenue": 48311
        },
        "2018-08": {
            "month": "2018-08",
            "price": "14.04",
            "revenue": 61093
        },
        "2018-09": {
            "month": "2018-09",
            "price": "13.60",
            "revenue": 83283
        },
        "2018-10": {
            "month": "2018-10",
            "price": "12.34",
            "revenue": 84461
        },
        "2018-11": {
            "month": "2018-11",
            "price": "10.87",
            "revenue": 72636
        },
        "2018-12": {
            "month": "2018-12",
            "price": "12.06",
            "revenue": 58515
        },
        "2019-01": {
            "month": "2019-01",
            "price": "12.25",
            "revenue": 84374
        },
        "2019-02": {
            "month": "2019-02",
            "price": "12.75",
            "revenue": 31665
        },
        "2019-03": {
            "month": "2019-03",
            "price": "12.59",
            "revenue": 59391
        },
        "2019-04": {
            "month": "2019-04",
            "price": "12.23",
            "revenue": 54945
        },
        "2019-05": {
            "month": "2019-05",
            "price": "11.26",
            "revenue": 40971
        },
        "2019-06": {
            "month": "2019-06",
            "price": "11.27",
            "revenue": 36901
        },
        "2019-07": {
            "month": "2019-07",
            "price": "11.34",
            "revenue": 47164
        },
        "2019-08": {
            "month": "2019-08",
            "price": "11.01",
            "revenue": 64588
        },
        "2019-09": {
            "month": "2019-09",
            "price": "11.76",
            "revenue": 63893
        },
        "2019-10": {
            "month": "2019-10",
            "price": "12.38",
            "revenue": 69852
        },
        "2019-11": {
            "month": "2019-11",
            "price": "12.15",
            "revenue": 45051
        },
        "2019-12": {
            "month": "2019-12",
            "price": "11.95",
            "revenue": 28166
        },
        "2020-01": {
            "month": "2020-01",
            "price": "11.61",
            "revenue": 23726
        },
        "2020-02": {
            "month": "2020-02",
            "price": "10.57",
            "revenue": 18501
        },
        "2020-03": {
            "month": "2020-03",
            "price": "7.98",
            "revenue": 28733
        },
        "2020-04": {
            "month": "2020-04",
            "price": "8.47",
            "revenue": 19752
        },
        "2020-05": {
            "month": "2020-05",
            "price": "9.86",
            "revenue": 25461
        },
        "2020-06": {
            "month": "2020-06",
            "price": "9.71",
            "revenue": 30474
        },
        "2020-07": {
            "month": "2020-07",
            "price": "12.20",
            "revenue": 35249
        },
        "2020-08": {
            "month": "2020-08",
            "price": "10.73",
            "revenue": 37965
        },
        "2020-09": {
            "month": "2020-09",
            "price": "9.11",
            "revenue": 33409
        },
        "2020-10": {
            "month": "2020-10",
            "price": "11.47",
            "revenue": 44038
        },
        "2020-11": {
            "month": "2020-11",
            "price": "10.91",
            "revenue": 55731
        },
        "2020-12": {
            "month": "2020-12",
            "price": "10.36",
            "revenue": 59394
        },
        "2021-01": {
            "month": "2021-01",
            "price": "9.91",
            "revenue": 42096
        },
        "2021-02": {
            "month": "2021-02",
            "price": "9.58",
            "revenue": 28396
        },
        "2021-03": {
            "month": "2021-03",
            "price": "9.76",
            "revenue": 38256
        },
        "2021-04": {
            "month": "2021-04",
            "price": "9.63",
            "revenue": 33919
        },
        "2021-05": {
            "month": "2021-05",
            "price": "9.71",
            "revenue": 19729
        },
        "2021-06": {
            "month": "2021-06",
            "price": "9.52",
            "revenue": 12840
        },
        "2021-07": {
            "month": "2021-07",
            "price": "9.29",
            "revenue": 23257
        },
        "2021-08": {
            "month": "2021-08",
            "price": "8.60",
            "revenue": 14495
        },
        "2021-09": {
            "month": "2021-09",
            "price": "7.91",
            "revenue": 25842
        },
        "2021-10": {
            "month": "2021-10",
            "price": "7.94",
            "revenue": 24286
        },
        "2021-11": {
            "month": "2021-11",
            "price": "8.20",
            "revenue": 36108
        },
        "2021-12": {
            "month": "2021-12",
            "price": "9.09",
            "revenue": 46104
        },
        "2022-01": {
            "month": "2022-01",
            "price": "9.82",
            "revenue": 18886
        },
        "2022-02": {
            "month": "2022-02",
            "price": "9.19",
            "revenue": 21726
        },
        "2022-03": {
            "month": "2022-03",
            "price": "9.32",
            "revenue": 22992
        },
        "2022-04": {
            "month": "2022-04",
            "price": "9.03",
            "revenue": 27539
        },
        "2022-05": {
            "month": "2022-05",
            "price": "8.82",
            "revenue": 24145
        },
        "2022-06": {
            "month": "2022-06",
            "price": "10.21",
            "revenue": 35163
        },
        "2022-07": {
            "month": "2022-07",
            "price": "9.74",
            "revenue": 30920
        },
        "2022-08": {
            "month": "2022-08",
            "price": "9.91",
            "revenue": 37470
        },
        "2022-09": {
            "month": "2022-09",
            "price": "10.31",
            "revenue": 29322
        },
        "2022-10": {
            "month": "2022-10",
            "price": "9.89",
            "revenue": 27586
        },
        "2022-11": {
            "month": "2022-11",
            "price": "9.83",
            "revenue": 39228
        },
        "2022-12": {
            "month": "2022-12",
            "price": "10.25",
            "revenue": 57999
        },
        "2023-01": {
            "month": "2023-01",
            "price": "10.41",
            "revenue": 26563
        },
        "2023-02": {
            "month": "2023-02",
            "price": "11.40",
            "revenue": 24366
        },
        "2023-03": {
            "month": "2023-03",
            "price": "11.90",
            "revenue": 43298
        },
        "2023-04": {
            "month": "2023-04",
            "price": "13.55",
            "revenue": 25958
        },
        "2023-05": {
            "month": "2023-05",
            "price": "15.45",
            "revenue": 30712
        }
    }
}
