{
    "summary": {
        "stock_name": "駿熠電",
        "stock_id": "3642",
        "category": "其他電子",
        "main_business": "塑橡膠結合類產品<br>橡膠類製品",
        "website_url": "http://www.unitelgroups.com/",
        "ceo": "邵大海",
        "pe_ratio": -1,
        "report_year_from": 2008,
        "report_year_to": 2022,
        "age": 15,
        "eps_negative_percentage": 69,
        "eps_growth_avg": {
            "last_all": -46.91,
            "last_2y": null,
            "last_4y": null,
            "last_8y": -100,
            "last_12y": null,
            "last_16y": null,
            "last_20y": null,
            "at_2006_last_3y": null,
            "at_2007_last_3y": null,
            "at_2008_last_3y": null,
            "at_2009_last_3y": null,
            "at_2010_last_3y": null,
            "at_2011_last_3y": null,
            "at_2012_last_3y": null,
            "at_2013_last_3y": null,
            "at_2014_last_3y": -29.21,
            "at_2015_last_3y": -95.88,
            "at_2016_last_3y": -100,
            "at_2017_last_3y": -100,
            "at_2018_last_3y": -100,
            "at_2019_last_3y": null,
            "at_2020_last_3y": null,
            "at_2021_last_3y": null,
            "at_2022_last_3y": null,
            "at_2023_last_3y": null,
            "at_2006_last_all": null,
            "at_2007_last_all": null,
            "at_2008_last_all": null,
            "at_2009_last_all": null,
            "at_2010_last_all": null,
            "at_2011_last_all": null,
            "at_2012_last_all": 6.18,
            "at_2013_last_all": -29.21,
            "at_2014_last_all": -29.21,
            "at_2015_last_all": -46.91,
            "at_2016_last_all": -46.91,
            "at_2017_last_all": -46.91,
            "at_2018_last_all": -46.91,
            "at_2019_last_all": -46.91,
            "at_2020_last_all": -46.91,
            "at_2021_last_all": -46.91,
            "at_2022_last_all": -46.91,
            "at_2023_last_all": -46.91
        },
        "latest_eps": -4.31,
        "latest_price": 3.87,
        "latest_roe": -155.85,
        "latest_gross_margin": 5.25,
        "latest_equity": 26364,
        "latest_revenue": 76140,
        "latest_gross_profit": 3999,
        "latest_net_income": -112409,
        "latest_debt_ratio": 92.2,
        "latest_current_ratio": 119.27,
        "latest_account_receivable_turnover_ratio": 0.58,
        "latest_inventory_turnover_ratio": 2.35,
        "latest_reinvestment_rate": null,
        "latest_research_to_sale_ratio": null
    },
    "eps_dividends": {
        "2001": {
            "cash": 0,
            "stock": 0,
            "eps": 0
        },
        "2002": {
            "cash": 0,
            "stock": 0,
            "eps": 0
        },
        "2003": {
            "cash": 0,
            "stock": 0,
            "eps": 0
        },
        "2004": {
            "cash": 0,
            "stock": 0,
            "eps": 0
        },
        "2005": {
            "cash": 0,
            "stock": 0,
            "eps": 0
        },
        "2006": {
            "cash": 0,
            "stock": 0,
            "eps": 0
        },
        "2007": {
            "cash": 0,
            "stock": 0,
            "eps": 0
        },
        "2008": {
            "cash": 0,
            "stock": 0,
            "eps": 0
        },
        "2009": {
            "cash": 1.2,
            "stock": 0.3,
            "eps": 0
        },
        "2010": {
            "cash": 0.2,
            "stock": 0,
            "eps": 0.15
        },
        "2011": {
            "cash": 1.5,
            "stock": 0,
            "eps": 5.26
        },
        "2012": {
            "cash": 3,
            "stock": 0,
            "eps": 0.65
        },
        "2013": {
            "cash": 0.52,
            "stock": 0,
            "eps": -0.99
        },
        "2014": {
            "cash": 0.5,
            "stock": 0,
            "eps": 0.79
        },
        "2015": {
            "cash": 0.35,
            "stock": 0.35,
            "eps": -6.2
        },
        "2016": {
            "cash": 0,
            "stock": 0,
            "eps": -3.54
        },
        "2017": {
            "cash": 0,
            "stock": 0,
            "eps": -13.09
        },
        "2018": {
            "cash": 0,
            "stock": 0,
            "eps": -1.85
        },
        "2019": {
            "cash": 0,
            "stock": 0,
            "eps": -1.23
        },
        "2020": {
            "cash": 0,
            "stock": 0,
            "eps": -4.46
        },
        "2021": {
            "cash": 0,
            "stock": 0,
            "eps": -2.27
        },
        "2022": {
            "cash": 0,
            "stock": 0,
            "eps": -3.2
        }
    },
    "dividends": {
        "2009-04-17": {
            "cash": 1.2,
            "stock": 0.3
        },
        "2010-03-24": {
            "cash": 0.2,
            "stock": 0
        },
        "2011-03-25": {
            "cash": 1.5,
            "stock": 0
        },
        "2012-06-14": {
            "cash": 3,
            "stock": 0
        },
        "2013-06-19": {
            "cash": 0.52,
            "stock": 0
        },
        "2014-10-06": {
            "cash": 0.5,
            "stock": 0
        },
        "2015-11-16": {
            "cash": 0.35,
            "stock": 0.35
        }
    },
    "prices": {
        "200101": "無",
        "200102": "無",
        "200103": "無",
        "200104": "無",
        "200105": "無",
        "200106": "無",
        "200107": "無",
        "200108": "無",
        "200109": "無",
        "200110": "無",
        "200111": "無",
        "200112": "無",
        "200201": "無",
        "200202": "無",
        "200203": "無",
        "200204": "無",
        "200205": "無",
        "200206": "無",
        "200207": "無",
        "200208": "無",
        "200209": "無",
        "200210": "無",
        "200211": "無",
        "200212": "無",
        "200301": "無",
        "200302": "無",
        "200303": "無",
        "200304": "無",
        "200305": "無",
        "200306": "無",
        "200307": "無",
        "200308": "無",
        "200309": "無",
        "200310": "無",
        "200311": "無",
        "200312": "無",
        "200401": "無",
        "200402": "無",
        "200403": "無",
        "200404": "無",
        "200405": "無",
        "200406": "無",
        "200407": "無",
        "200408": "無",
        "200409": "無",
        "200410": "無",
        "200411": "無",
        "200412": "無",
        "200501": "無",
        "200502": "無",
        "200503": "無",
        "200504": "無",
        "200505": "無",
        "200506": "無",
        "200507": "無",
        "200508": "無",
        "200509": "無",
        "200510": "無",
        "200511": "無",
        "200512": "無",
        "200601": "無",
        "200602": "無",
        "200603": "無",
        "200604": "無",
        "200605": "無",
        "200606": "無",
        "200607": "無",
        "200608": "無",
        "200609": "無",
        "200610": "無",
        "200611": "無",
        "200612": "無",
        "200701": "無",
        "200702": "無",
        "200703": "無",
        "200704": "無",
        "200705": "無",
        "200706": "無",
        "200707": "無",
        "200708": "無",
        "200709": "無",
        "200710": "無",
        "200711": "無",
        "200712": "無",
        "200801": "無",
        "200802": "無",
        "200803": "無",
        "200804": "無",
        "200805": "無",
        "200806": "無",
        "200807": "無",
        "200808": "無",
        "200809": "無",
        "200810": "無",
        "200811": "無",
        "200812": "無",
        "200901": "無",
        "200902": "無",
        "200903": "無",
        "200904": "無",
        "200905": "無",
        "200906": "無",
        "200907": "無",
        "200908": "無",
        "200909": "無",
        "200910": "無",
        "200911": "無",
        "200912": "無",
        "201001": "21.75",
        "201002": "20.74",
        "201003": "19.23",
        "201004": "19.25",
        "201005": "19.40",
        "201006": "17.66",
        "201007": "16.71",
        "201008": "15.88",
        "201009": "14.85",
        "201010": "13.59",
        "201011": "12.60",
        "201012": "18.04",
        "201101": "17.85",
        "201102": "19.68",
        "201103": "23.35",
        "201104": "28.64",
        "201105": "31.33",
        "201106": "30.94",
        "201107": "31.91",
        "201108": "32.51",
        "201109": "33.68",
        "201110": "34.05",
        "201111": "41.15",
        "201112": "28.65",
        "201201": "28.91",
        "201202": "37.91",
        "201203": "39.94",
        "201204": "39.26",
        "201205": "30.58",
        "201206": "27.44",
        "201207": "26.41",
        "201208": "24.79",
        "201209": "24.34",
        "201210": "21.49",
        "201211": "17.69",
        "201212": "19.44",
        "201301": "19.84",
        "201302": "19.40",
        "201303": "19.93",
        "201304": "18.64",
        "201305": "19.75",
        "201306": "18.13",
        "201307": "17.14",
        "201308": "16.20",
        "201309": "15.48",
        "201310": "15.56",
        "201311": "15.73",
        "201312": "16.99",
        "201401": "19.00",
        "201402": "23.35",
        "201403": "24.41",
        "201404": "23.42",
        "201405": "22.39",
        "201406": "22.62",
        "201407": "24.70",
        "201408": "25.00",
        "201409": "25.23",
        "201410": "27.16",
        "201411": "29.58",
        "201412": "34.54",
        "201501": "36.24",
        "201502": "36.83",
        "201503": "40.22",
        "201504": "38.83",
        "201505": "34.66",
        "201506": "30.84",
        "201507": "27.13",
        "201508": "17.34",
        "201509": "17.89",
        "201510": "18.68",
        "201511": "18.81",
        "201512": "24.48",
        "201601": "31.42",
        "201602": "30.68",
        "201603": "27.12",
        "201604": "25.68",
        "201605": "26.53",
        "201606": "29.66",
        "201607": "27.43",
        "201608": "28.62",
        "201609": "28.81",
        "201610": "27.43",
        "201611": "26.55",
        "201612": "25.66",
        "201701": "25.27",
        "201702": "24.68",
        "201703": "25.28",
        "201704": "23.99",
        "201705": "20.80",
        "201706": "21.67",
        "201707": "20.47",
        "201708": "21.07",
        "201709": "19.82",
        "201710": "19.24",
        "201711": "19.78",
        "201712": "19.13",
        "201801": "18.36",
        "201802": "18.73",
        "201803": "19.34",
        "201804": "17.29",
        "201805": "16.37",
        "201806": "15.77",
        "201807": "18.36",
        "201808": "16.02",
        "201809": "16.89",
        "201810": "14.89",
        "201811": "14.05",
        "201812": "14.66",
        "201901": "14.60",
        "201902": "13.75",
        "201903": "14.24",
        "201904": "14.01",
        "201905": "12.79",
        "201906": "12.36",
        "201907": "12.28",
        "201908": "12.82",
        "201909": "15.16",
        "201910": "17.23",
        "201911": "19.01",
        "201912": "21.28",
        "202001": "20.58",
        "202002": "18.90",
        "202003": "17.13",
        "202004": "16.73",
        "202005": "17.02",
        "202006": "16.42",
        "202007": "17.23",
        "202008": "15.45",
        "202009": "15.14",
        "202010": "14.89",
        "202011": "14.88",
        "202012": "16.07",
        "202101": "15.25",
        "202102": "16.08",
        "202103": "15.40",
        "202104": "15.29",
        "202105": "13.50",
        "202106": "13.27",
        "202107": "12.58",
        "202108": "11.80",
        "202109": "10.68",
        "202110": "9.41",
        "202111": "10.01",
        "202112": "9.06",
        "202201": "8.87",
        "202202": "8.40",
        "202203": "7.81",
        "202204": "8.44",
        "202205": "8.28",
        "202206": "7.77",
        "202207": "6.52",
        "202208": "6.75",
        "202209": "6.31",
        "202210": "5.35",
        "202211": "3.96",
        "202212": "無",
        "202301": "無",
        "202302": "無",
        "202303": "無",
        "202304": "無",
        "202305": "無",
        "202306": "無",
        "202307": "無",
        "202308": "無",
        "202309": "無",
        "202310": "無"
    },
    "quarters": {
        "20011": {
            "year_quarter": 20011,
            "year": 2001,
            "quarter": 1,
            "eps": null,
            "eps_growth_year": null,
            "eps_4q": null,
            "eps_4q_growth_year": null,
            "roe": null,
            "roe_4q": 0,
            "gross_profit": null,
            "gross_margin": null,
            "gross_margin_4q_avg": 0,
            "net_income": null,
            "net_income_4q": null,
            "revenue": null,
            "revenue_4q": null,
            "common_shares": null,
            "book_valuer_per_share": null,
            "book_valuer_per_share_4q_avg": 0,
            "equity": null,
            "current_ratio": null,
            "debt_ratio": null,
            "inventory_turnover_ratio": null,
            "account_receivable_turnover_ratio": null,
            "reinvestment_rate": null,
            "research_to_sale_ratio": null,
            "price_fair": 0,
            "eps_avg_yearly": 0,
            "eps_latest_yearly": 0,
            "eps_growth_yearly": 0
        },
        "20012": {
            "year_quarter": 20012,
            "year": 2001,
            "quarter": 2,
            "eps": null,
            "eps_growth_year": null,
            "eps_4q": null,
            "eps_4q_growth_year": null,
            "roe": null,
            "roe_4q": 0,
            "gross_profit": null,
            "gross_margin": null,
            "gross_margin_4q_avg": 0,
            "net_income": null,
            "net_income_4q": null,
            "revenue": null,
            "revenue_4q": null,
            "common_shares": null,
            "book_valuer_per_share": null,
            "book_valuer_per_share_4q_avg": 0,
            "equity": null,
            "current_ratio": null,
            "debt_ratio": null,
            "inventory_turnover_ratio": null,
            "account_receivable_turnover_ratio": null,
            "reinvestment_rate": null,
            "research_to_sale_ratio": null,
            "price_fair": 0,
            "eps_avg_yearly": 0,
            "eps_latest_yearly": 0,
            "eps_growth_yearly": 0
        },
        "20013": {
            "year_quarter": 20013,
            "year": 2001,
            "quarter": 3,
            "eps": null,
            "eps_growth_year": null,
            "eps_4q": null,
            "eps_4q_growth_year": null,
            "roe": null,
            "roe_4q": 0,
            "gross_profit": null,
            "gross_margin": null,
            "gross_margin_4q_avg": 0,
            "net_income": null,
            "net_income_4q": null,
            "revenue": null,
            "revenue_4q": null,
            "common_shares": null,
            "book_valuer_per_share": null,
            "book_valuer_per_share_4q_avg": 0,
            "equity": null,
            "current_ratio": null,
            "debt_ratio": null,
            "inventory_turnover_ratio": null,
            "account_receivable_turnover_ratio": null,
            "reinvestment_rate": null,
            "research_to_sale_ratio": null,
            "price_fair": 0,
            "eps_avg_yearly": 0,
            "eps_latest_yearly": 0,
            "eps_growth_yearly": 0
        },
        "20014": {
            "year_quarter": 20014,
            "year": 2001,
            "quarter": 4,
            "eps": null,
            "eps_growth_year": null,
            "eps_4q": null,
            "eps_4q_growth_year": null,
            "roe": null,
            "roe_4q": 0,
            "gross_profit": null,
            "gross_margin": null,
            "gross_margin_4q_avg": 0,
            "net_income": null,
            "net_income_4q": null,
            "revenue": null,
            "revenue_4q": null,
            "common_shares": null,
            "book_valuer_per_share": null,
            "book_valuer_per_share_4q_avg": 0,
            "equity": null,
            "current_ratio": null,
            "debt_ratio": null,
            "inventory_turnover_ratio": null,
            "account_receivable_turnover_ratio": null,
            "reinvestment_rate": null,
            "research_to_sale_ratio": null,
            "price_fair": 0,
            "eps_avg_yearly": 0,
            "eps_latest_yearly": 0,
            "eps_growth_yearly": 0
        },
        "20021": {
            "year_quarter": 20021,
            "year": 2002,
            "quarter": 1,
            "eps": null,
            "eps_growth_year": null,
            "eps_4q": null,
            "eps_4q_growth_year": null,
            "roe": null,
            "roe_4q": 0,
            "gross_profit": null,
            "gross_margin": null,
            "gross_margin_4q_avg": 0,
            "net_income": null,
            "net_income_4q": null,
            "revenue": null,
            "revenue_4q": null,
            "common_shares": null,
            "book_valuer_per_share": null,
            "book_valuer_per_share_4q_avg": 0,
            "equity": null,
            "current_ratio": null,
            "debt_ratio": null,
            "inventory_turnover_ratio": null,
            "account_receivable_turnover_ratio": null,
            "reinvestment_rate": null,
            "research_to_sale_ratio": null,
            "price_fair": 0,
            "eps_avg_yearly": 0,
            "eps_latest_yearly": 0,
            "eps_growth_yearly": 0
        },
        "20022": {
            "year_quarter": 20022,
            "year": 2002,
            "quarter": 2,
            "eps": null,
            "eps_growth_year": null,
            "eps_4q": null,
            "eps_4q_growth_year": null,
            "roe": null,
            "roe_4q": 0,
            "gross_profit": null,
            "gross_margin": null,
            "gross_margin_4q_avg": 0,
            "net_income": null,
            "net_income_4q": null,
            "revenue": null,
            "revenue_4q": null,
            "common_shares": null,
            "book_valuer_per_share": null,
            "book_valuer_per_share_4q_avg": 0,
            "equity": null,
            "current_ratio": null,
            "debt_ratio": null,
            "inventory_turnover_ratio": null,
            "account_receivable_turnover_ratio": null,
            "reinvestment_rate": null,
            "research_to_sale_ratio": null,
            "price_fair": 0,
            "eps_avg_yearly": 0,
            "eps_latest_yearly": 0,
            "eps_growth_yearly": 0
        },
        "20023": {
            "year_quarter": 20023,
            "year": 2002,
            "quarter": 3,
            "eps": null,
            "eps_growth_year": null,
            "eps_4q": null,
            "eps_4q_growth_year": null,
            "roe": null,
            "roe_4q": 0,
            "gross_profit": null,
            "gross_margin": null,
            "gross_margin_4q_avg": 0,
            "net_income": null,
            "net_income_4q": null,
            "revenue": null,
            "revenue_4q": null,
            "common_shares": null,
            "book_valuer_per_share": null,
            "book_valuer_per_share_4q_avg": 0,
            "equity": null,
            "current_ratio": null,
            "debt_ratio": null,
            "inventory_turnover_ratio": null,
            "account_receivable_turnover_ratio": null,
            "reinvestment_rate": null,
            "research_to_sale_ratio": null,
            "price_fair": 0,
            "eps_avg_yearly": 0,
            "eps_latest_yearly": 0,
            "eps_growth_yearly": 0
        },
        "20024": {
            "year_quarter": 20024,
            "year": 2002,
            "quarter": 4,
            "eps": null,
            "eps_growth_year": null,
            "eps_4q": null,
            "eps_4q_growth_year": null,
            "roe": null,
            "roe_4q": 0,
            "gross_profit": null,
            "gross_margin": null,
            "gross_margin_4q_avg": 0,
            "net_income": null,
            "net_income_4q": null,
            "revenue": null,
            "revenue_4q": null,
            "common_shares": null,
            "book_valuer_per_share": null,
            "book_valuer_per_share_4q_avg": 0,
            "equity": null,
            "current_ratio": null,
            "debt_ratio": null,
            "inventory_turnover_ratio": null,
            "account_receivable_turnover_ratio": null,
            "reinvestment_rate": null,
            "research_to_sale_ratio": null,
            "price_fair": 0,
            "eps_avg_yearly": 0,
            "eps_latest_yearly": 0,
            "eps_growth_yearly": 0
        },
        "20031": {
            "year_quarter": 20031,
            "year": 2003,
            "quarter": 1,
            "eps": null,
            "eps_growth_year": null,
            "eps_4q": null,
            "eps_4q_growth_year": null,
            "roe": null,
            "roe_4q": 0,
            "gross_profit": null,
            "gross_margin": null,
            "gross_margin_4q_avg": 0,
            "net_income": null,
            "net_income_4q": null,
            "revenue": null,
            "revenue_4q": null,
            "common_shares": null,
            "book_valuer_per_share": null,
            "book_valuer_per_share_4q_avg": 0,
            "equity": null,
            "current_ratio": null,
            "debt_ratio": null,
            "inventory_turnover_ratio": null,
            "account_receivable_turnover_ratio": null,
            "reinvestment_rate": null,
            "research_to_sale_ratio": null,
            "price_fair": 0,
            "eps_avg_yearly": 0,
            "eps_latest_yearly": 0,
            "eps_growth_yearly": 0
        },
        "20032": {
            "year_quarter": 20032,
            "year": 2003,
            "quarter": 2,
            "eps": null,
            "eps_growth_year": null,
            "eps_4q": null,
            "eps_4q_growth_year": null,
            "roe": null,
            "roe_4q": 0,
            "gross_profit": null,
            "gross_margin": null,
            "gross_margin_4q_avg": 0,
            "net_income": null,
            "net_income_4q": null,
            "revenue": null,
            "revenue_4q": null,
            "common_shares": null,
            "book_valuer_per_share": null,
            "book_valuer_per_share_4q_avg": 0,
            "equity": null,
            "current_ratio": null,
            "debt_ratio": null,
            "inventory_turnover_ratio": null,
            "account_receivable_turnover_ratio": null,
            "reinvestment_rate": null,
            "research_to_sale_ratio": null,
            "price_fair": 0,
            "eps_avg_yearly": 0,
            "eps_latest_yearly": 0,
            "eps_growth_yearly": 0
        },
        "20033": {
            "year_quarter": 20033,
            "year": 2003,
            "quarter": 3,
            "eps": null,
            "eps_growth_year": null,
            "eps_4q": null,
            "eps_4q_growth_year": null,
            "roe": null,
            "roe_4q": 0,
            "gross_profit": null,
            "gross_margin": null,
            "gross_margin_4q_avg": 0,
            "net_income": null,
            "net_income_4q": null,
            "revenue": null,
            "revenue_4q": null,
            "common_shares": null,
            "book_valuer_per_share": null,
            "book_valuer_per_share_4q_avg": 0,
            "equity": null,
            "current_ratio": null,
            "debt_ratio": null,
            "inventory_turnover_ratio": null,
            "account_receivable_turnover_ratio": null,
            "reinvestment_rate": null,
            "research_to_sale_ratio": null,
            "price_fair": 0,
            "eps_avg_yearly": 0,
            "eps_latest_yearly": 0,
            "eps_growth_yearly": 0
        },
        "20034": {
            "year_quarter": 20034,
            "year": 2003,
            "quarter": 4,
            "eps": null,
            "eps_growth_year": null,
            "eps_4q": null,
            "eps_4q_growth_year": null,
            "roe": null,
            "roe_4q": 0,
            "gross_profit": null,
            "gross_margin": null,
            "gross_margin_4q_avg": 0,
            "net_income": null,
            "net_income_4q": null,
            "revenue": null,
            "revenue_4q": null,
            "common_shares": 5000,
            "book_valuer_per_share": 16.25,
            "book_valuer_per_share_4q_avg": 4.06,
            "equity": 8125,
            "current_ratio": 93.46,
            "debt_ratio": 92.84,
            "inventory_turnover_ratio": null,
            "account_receivable_turnover_ratio": null,
            "reinvestment_rate": null,
            "research_to_sale_ratio": null,
            "price_fair": 0,
            "eps_avg_yearly": 0,
            "eps_latest_yearly": 0,
            "eps_growth_yearly": 0
        },
        "20041": {
            "year_quarter": 20041,
            "year": 2004,
            "quarter": 1,
            "eps": null,
            "eps_growth_year": null,
            "eps_4q": null,
            "eps_4q_growth_year": null,
            "roe": null,
            "roe_4q": 0,
            "gross_profit": null,
            "gross_margin": null,
            "gross_margin_4q_avg": 0,
            "net_income": null,
            "net_income_4q": null,
            "revenue": null,
            "revenue_4q": null,
            "common_shares": null,
            "book_valuer_per_share": null,
            "book_valuer_per_share_4q_avg": 4.06,
            "equity": null,
            "current_ratio": null,
            "debt_ratio": null,
            "inventory_turnover_ratio": null,
            "account_receivable_turnover_ratio": null,
            "reinvestment_rate": null,
            "research_to_sale_ratio": null,
            "price_fair": 0,
            "eps_avg_yearly": 0,
            "eps_latest_yearly": 0,
            "eps_growth_yearly": 0
        },
        "20042": {
            "year_quarter": 20042,
            "year": 2004,
            "quarter": 2,
            "eps": null,
            "eps_growth_year": null,
            "eps_4q": null,
            "eps_4q_growth_year": null,
            "roe": null,
            "roe_4q": 0,
            "gross_profit": null,
            "gross_margin": null,
            "gross_margin_4q_avg": 0,
            "net_income": null,
            "net_income_4q": null,
            "revenue": null,
            "revenue_4q": null,
            "common_shares": null,
            "book_valuer_per_share": null,
            "book_valuer_per_share_4q_avg": 4.06,
            "equity": null,
            "current_ratio": null,
            "debt_ratio": null,
            "inventory_turnover_ratio": null,
            "account_receivable_turnover_ratio": null,
            "reinvestment_rate": null,
            "research_to_sale_ratio": null,
            "price_fair": 0,
            "eps_avg_yearly": 0,
            "eps_latest_yearly": 0,
            "eps_growth_yearly": 0
        },
        "20043": {
            "year_quarter": 20043,
            "year": 2004,
            "quarter": 3,
            "eps": null,
            "eps_growth_year": null,
            "eps_4q": null,
            "eps_4q_growth_year": null,
            "roe": null,
            "roe_4q": 0,
            "gross_profit": null,
            "gross_margin": null,
            "gross_margin_4q_avg": 0,
            "net_income": null,
            "net_income_4q": null,
            "revenue": null,
            "revenue_4q": null,
            "common_shares": null,
            "book_valuer_per_share": null,
            "book_valuer_per_share_4q_avg": 4.06,
            "equity": null,
            "current_ratio": null,
            "debt_ratio": null,
            "inventory_turnover_ratio": null,
            "account_receivable_turnover_ratio": null,
            "reinvestment_rate": null,
            "research_to_sale_ratio": null,
            "price_fair": 0,
            "eps_avg_yearly": 0,
            "eps_latest_yearly": 0,
            "eps_growth_yearly": 0
        },
        "20044": {
            "year_quarter": 20044,
            "year": 2004,
            "quarter": 4,
            "eps": null,
            "eps_growth_year": null,
            "eps_4q": null,
            "eps_4q_growth_year": null,
            "roe": null,
            "roe_4q": 0,
            "gross_profit": null,
            "gross_margin": null,
            "gross_margin_4q_avg": 0,
            "net_income": null,
            "net_income_4q": null,
            "revenue": null,
            "revenue_4q": null,
            "common_shares": 5000,
            "book_valuer_per_share": -29.86,
            "book_valuer_per_share_4q_avg": -7.47,
            "equity": -14928,
            "current_ratio": 109.16,
            "debt_ratio": 110.36,
            "inventory_turnover_ratio": null,
            "account_receivable_turnover_ratio": null,
            "reinvestment_rate": null,
            "research_to_sale_ratio": null,
            "price_fair": 0,
            "eps_avg_yearly": 0,
            "eps_latest_yearly": 0,
            "eps_growth_yearly": 0
        },
        "20051": {
            "year_quarter": 20051,
            "year": 2005,
            "quarter": 1,
            "eps": null,
            "eps_growth_year": null,
            "eps_4q": null,
            "eps_4q_growth_year": null,
            "roe": null,
            "roe_4q": 0,
            "gross_profit": null,
            "gross_margin": null,
            "gross_margin_4q_avg": 0,
            "net_income": null,
            "net_income_4q": null,
            "revenue": null,
            "revenue_4q": null,
            "common_shares": null,
            "book_valuer_per_share": null,
            "book_valuer_per_share_4q_avg": -7.47,
            "equity": null,
            "current_ratio": null,
            "debt_ratio": null,
            "inventory_turnover_ratio": null,
            "account_receivable_turnover_ratio": null,
            "reinvestment_rate": null,
            "research_to_sale_ratio": null,
            "price_fair": 0,
            "eps_avg_yearly": 0,
            "eps_latest_yearly": 0,
            "eps_growth_yearly": 0
        },
        "20052": {
            "year_quarter": 20052,
            "year": 2005,
            "quarter": 2,
            "eps": null,
            "eps_growth_year": null,
            "eps_4q": null,
            "eps_4q_growth_year": null,
            "roe": null,
            "roe_4q": 0,
            "gross_profit": null,
            "gross_margin": null,
            "gross_margin_4q_avg": 0,
            "net_income": null,
            "net_income_4q": null,
            "revenue": null,
            "revenue_4q": null,
            "common_shares": null,
            "book_valuer_per_share": null,
            "book_valuer_per_share_4q_avg": -7.47,
            "equity": null,
            "current_ratio": null,
            "debt_ratio": null,
            "inventory_turnover_ratio": null,
            "account_receivable_turnover_ratio": null,
            "reinvestment_rate": null,
            "research_to_sale_ratio": null,
            "price_fair": 0,
            "eps_avg_yearly": 0,
            "eps_latest_yearly": 0,
            "eps_growth_yearly": 0
        },
        "20053": {
            "year_quarter": 20053,
            "year": 2005,
            "quarter": 3,
            "eps": null,
            "eps_growth_year": null,
            "eps_4q": null,
            "eps_4q_growth_year": null,
            "roe": null,
            "roe_4q": 0,
            "gross_profit": null,
            "gross_margin": null,
            "gross_margin_4q_avg": 0,
            "net_income": null,
            "net_income_4q": null,
            "revenue": null,
            "revenue_4q": null,
            "common_shares": null,
            "book_valuer_per_share": null,
            "book_valuer_per_share_4q_avg": -7.47,
            "equity": null,
            "current_ratio": null,
            "debt_ratio": null,
            "inventory_turnover_ratio": null,
            "account_receivable_turnover_ratio": null,
            "reinvestment_rate": null,
            "research_to_sale_ratio": null,
            "price_fair": 0,
            "eps_avg_yearly": 0,
            "eps_latest_yearly": 0,
            "eps_growth_yearly": 0
        },
        "20054": {
            "year_quarter": 20054,
            "year": 2005,
            "quarter": 4,
            "eps": null,
            "eps_growth_year": null,
            "eps_4q": null,
            "eps_4q_growth_year": null,
            "roe": null,
            "roe_4q": 0,
            "gross_profit": null,
            "gross_margin": null,
            "gross_margin_4q_avg": 0,
            "net_income": null,
            "net_income_4q": null,
            "revenue": null,
            "revenue_4q": null,
            "common_shares": 30000,
            "book_valuer_per_share": 3.19,
            "book_valuer_per_share_4q_avg": 0.8,
            "equity": 9574,
            "current_ratio": 118.11,
            "debt_ratio": 95.03,
            "inventory_turnover_ratio": null,
            "account_receivable_turnover_ratio": null,
            "reinvestment_rate": null,
            "research_to_sale_ratio": null,
            "price_fair": 0,
            "eps_avg_yearly": 0,
            "eps_latest_yearly": 0,
            "eps_growth_yearly": 0
        },
        "20061": {
            "year_quarter": 20061,
            "year": 2006,
            "quarter": 1,
            "eps": null,
            "eps_growth_year": null,
            "eps_4q": null,
            "eps_4q_growth_year": null,
            "roe": null,
            "roe_4q": 0,
            "gross_profit": null,
            "gross_margin": null,
            "gross_margin_4q_avg": 0,
            "net_income": null,
            "net_income_4q": null,
            "revenue": null,
            "revenue_4q": null,
            "common_shares": null,
            "book_valuer_per_share": null,
            "book_valuer_per_share_4q_avg": 0.8,
            "equity": null,
            "current_ratio": null,
            "debt_ratio": null,
            "inventory_turnover_ratio": null,
            "account_receivable_turnover_ratio": null,
            "reinvestment_rate": null,
            "research_to_sale_ratio": null,
            "price_fair": 0,
            "eps_avg_yearly": 0,
            "eps_latest_yearly": 0,
            "eps_growth_yearly": 0
        },
        "20062": {
            "year_quarter": 20062,
            "year": 2006,
            "quarter": 2,
            "eps": null,
            "eps_growth_year": null,
            "eps_4q": null,
            "eps_4q_growth_year": null,
            "roe": null,
            "roe_4q": 0,
            "gross_profit": null,
            "gross_margin": null,
            "gross_margin_4q_avg": 0,
            "net_income": null,
            "net_income_4q": null,
            "revenue": null,
            "revenue_4q": null,
            "common_shares": null,
            "book_valuer_per_share": null,
            "book_valuer_per_share_4q_avg": 0.8,
            "equity": null,
            "current_ratio": null,
            "debt_ratio": null,
            "inventory_turnover_ratio": null,
            "account_receivable_turnover_ratio": null,
            "reinvestment_rate": null,
            "research_to_sale_ratio": null,
            "price_fair": 0,
            "eps_avg_yearly": 0,
            "eps_latest_yearly": 0,
            "eps_growth_yearly": 0
        },
        "20063": {
            "year_quarter": 20063,
            "year": 2006,
            "quarter": 3,
            "eps": null,
            "eps_growth_year": null,
            "eps_4q": null,
            "eps_4q_growth_year": null,
            "roe": null,
            "roe_4q": 0,
            "gross_profit": null,
            "gross_margin": null,
            "gross_margin_4q_avg": 0,
            "net_income": null,
            "net_income_4q": null,
            "revenue": null,
            "revenue_4q": null,
            "common_shares": null,
            "book_valuer_per_share": null,
            "book_valuer_per_share_4q_avg": 0.8,
            "equity": null,
            "current_ratio": null,
            "debt_ratio": null,
            "inventory_turnover_ratio": null,
            "account_receivable_turnover_ratio": null,
            "reinvestment_rate": null,
            "research_to_sale_ratio": null,
            "price_fair": 0,
            "eps_avg_yearly": 0,
            "eps_latest_yearly": 0,
            "eps_growth_yearly": 0
        },
        "20064": {
            "year_quarter": 20064,
            "year": 2006,
            "quarter": 4,
            "eps": null,
            "eps_growth_year": null,
            "eps_4q": null,
            "eps_4q_growth_year": null,
            "roe": null,
            "roe_4q": 0,
            "gross_profit": null,
            "gross_margin": null,
            "gross_margin_4q_avg": 0,
            "net_income": null,
            "net_income_4q": null,
            "revenue": null,
            "revenue_4q": null,
            "common_shares": 287000,
            "book_valuer_per_share": 22.9,
            "book_valuer_per_share_4q_avg": 5.73,
            "equity": 657345,
            "current_ratio": 289.9,
            "debt_ratio": 31.24,
            "inventory_turnover_ratio": null,
            "account_receivable_turnover_ratio": null,
            "reinvestment_rate": null,
            "research_to_sale_ratio": null,
            "price_fair": 0,
            "eps_avg_yearly": 0,
            "eps_latest_yearly": 0,
            "eps_growth_yearly": 0
        },
        "20071": {
            "year_quarter": 20071,
            "year": 2007,
            "quarter": 1,
            "eps": null,
            "eps_growth_year": null,
            "eps_4q": null,
            "eps_4q_growth_year": null,
            "roe": null,
            "roe_4q": 0,
            "gross_profit": null,
            "gross_margin": null,
            "gross_margin_4q_avg": 0,
            "net_income": null,
            "net_income_4q": null,
            "revenue": null,
            "revenue_4q": null,
            "common_shares": null,
            "book_valuer_per_share": null,
            "book_valuer_per_share_4q_avg": 5.73,
            "equity": null,
            "current_ratio": null,
            "debt_ratio": null,
            "inventory_turnover_ratio": null,
            "account_receivable_turnover_ratio": null,
            "reinvestment_rate": null,
            "research_to_sale_ratio": null,
            "price_fair": 0,
            "eps_avg_yearly": 0,
            "eps_latest_yearly": 0,
            "eps_growth_yearly": 0
        },
        "20072": {
            "year_quarter": 20072,
            "year": 2007,
            "quarter": 2,
            "eps": null,
            "eps_growth_year": null,
            "eps_4q": null,
            "eps_4q_growth_year": null,
            "roe": null,
            "roe_4q": 0,
            "gross_profit": null,
            "gross_margin": null,
            "gross_margin_4q_avg": 0,
            "net_income": null,
            "net_income_4q": null,
            "revenue": null,
            "revenue_4q": null,
            "common_shares": null,
            "book_valuer_per_share": null,
            "book_valuer_per_share_4q_avg": 5.73,
            "equity": null,
            "current_ratio": null,
            "debt_ratio": null,
            "inventory_turnover_ratio": null,
            "account_receivable_turnover_ratio": null,
            "reinvestment_rate": null,
            "research_to_sale_ratio": null,
            "price_fair": 0,
            "eps_avg_yearly": 0,
            "eps_latest_yearly": 0,
            "eps_growth_yearly": 0
        },
        "20073": {
            "year_quarter": 20073,
            "year": 2007,
            "quarter": 3,
            "eps": null,
            "eps_growth_year": null,
            "eps_4q": null,
            "eps_4q_growth_year": null,
            "roe": null,
            "roe_4q": 0,
            "gross_profit": null,
            "gross_margin": null,
            "gross_margin_4q_avg": 0,
            "net_income": null,
            "net_income_4q": null,
            "revenue": null,
            "revenue_4q": null,
            "common_shares": null,
            "book_valuer_per_share": null,
            "book_valuer_per_share_4q_avg": 5.73,
            "equity": null,
            "current_ratio": null,
            "debt_ratio": null,
            "inventory_turnover_ratio": null,
            "account_receivable_turnover_ratio": null,
            "reinvestment_rate": null,
            "research_to_sale_ratio": null,
            "price_fair": 0,
            "eps_avg_yearly": 0,
            "eps_latest_yearly": 0,
            "eps_growth_yearly": 0
        },
        "20074": {
            "year_quarter": 20074,
            "year": 2007,
            "quarter": 4,
            "eps": null,
            "eps_growth_year": null,
            "eps_4q": null,
            "eps_4q_growth_year": null,
            "roe": null,
            "roe_4q": 0,
            "gross_profit": null,
            "gross_margin": null,
            "gross_margin_4q_avg": 0,
            "net_income": null,
            "net_income_4q": null,
            "revenue": null,
            "revenue_4q": null,
            "common_shares": 287000,
            "book_valuer_per_share": 26.34,
            "book_valuer_per_share_4q_avg": 6.59,
            "equity": 755908,
            "current_ratio": 237.8,
            "debt_ratio": 39.19,
            "inventory_turnover_ratio": null,
            "account_receivable_turnover_ratio": null,
            "reinvestment_rate": null,
            "research_to_sale_ratio": null,
            "price_fair": 0,
            "eps_avg_yearly": 0,
            "eps_latest_yearly": 0,
            "eps_growth_yearly": 0
        },
        "20081": {
            "year_quarter": 20081,
            "year": 2008,
            "quarter": 1,
            "eps": null,
            "eps_growth_year": null,
            "eps_4q": null,
            "eps_4q_growth_year": null,
            "roe": null,
            "roe_4q": 0,
            "gross_profit": null,
            "gross_margin": null,
            "gross_margin_4q_avg": 0,
            "net_income": null,
            "net_income_4q": null,
            "revenue": null,
            "revenue_4q": null,
            "common_shares": null,
            "book_valuer_per_share": null,
            "book_valuer_per_share_4q_avg": 6.59,
            "equity": null,
            "current_ratio": null,
            "debt_ratio": null,
            "inventory_turnover_ratio": null,
            "account_receivable_turnover_ratio": null,
            "reinvestment_rate": null,
            "research_to_sale_ratio": null,
            "price_fair": 0,
            "eps_avg_yearly": 0,
            "eps_latest_yearly": 0,
            "eps_growth_yearly": 0
        },
        "20082": {
            "year_quarter": 20082,
            "year": 2008,
            "quarter": 2,
            "eps": null,
            "eps_growth_year": null,
            "eps_4q": null,
            "eps_4q_growth_year": null,
            "roe": null,
            "roe_4q": 0,
            "gross_profit": null,
            "gross_margin": null,
            "gross_margin_4q_avg": 0,
            "net_income": null,
            "net_income_4q": null,
            "revenue": null,
            "revenue_4q": null,
            "common_shares": null,
            "book_valuer_per_share": null,
            "book_valuer_per_share_4q_avg": 6.59,
            "equity": null,
            "current_ratio": null,
            "debt_ratio": null,
            "inventory_turnover_ratio": null,
            "account_receivable_turnover_ratio": null,
            "reinvestment_rate": null,
            "research_to_sale_ratio": null,
            "price_fair": 0,
            "eps_avg_yearly": 0,
            "eps_latest_yearly": 0,
            "eps_growth_yearly": 0
        },
        "20083": {
            "year_quarter": 20083,
            "year": 2008,
            "quarter": 3,
            "eps": null,
            "eps_growth_year": null,
            "eps_4q": null,
            "eps_4q_growth_year": null,
            "roe": null,
            "roe_4q": 0,
            "gross_profit": null,
            "gross_margin": null,
            "gross_margin_4q_avg": 0,
            "net_income": null,
            "net_income_4q": null,
            "revenue": null,
            "revenue_4q": null,
            "common_shares": null,
            "book_valuer_per_share": null,
            "book_valuer_per_share_4q_avg": 6.59,
            "equity": null,
            "current_ratio": null,
            "debt_ratio": null,
            "inventory_turnover_ratio": null,
            "account_receivable_turnover_ratio": null,
            "reinvestment_rate": null,
            "research_to_sale_ratio": null,
            "price_fair": 0,
            "eps_avg_yearly": 0,
            "eps_latest_yearly": 0,
            "eps_growth_yearly": 0
        },
        "20084": {
            "year_quarter": 20084,
            "year": 2008,
            "quarter": 4,
            "eps": null,
            "eps_growth_year": null,
            "eps_4q": null,
            "eps_4q_growth_year": null,
            "roe": null,
            "roe_4q": 0,
            "gross_profit": null,
            "gross_margin": null,
            "gross_margin_4q_avg": 0,
            "net_income": null,
            "net_income_4q": null,
            "revenue": null,
            "revenue_4q": null,
            "common_shares": 301350,
            "book_valuer_per_share": 28.1,
            "book_valuer_per_share_4q_avg": 7.03,
            "equity": 853500,
            "current_ratio": 252.36,
            "debt_ratio": 37.7,
            "inventory_turnover_ratio": null,
            "account_receivable_turnover_ratio": null,
            "reinvestment_rate": null,
            "research_to_sale_ratio": null,
            "price_fair": 0,
            "eps_avg_yearly": 0,
            "eps_latest_yearly": 0,
            "eps_growth_yearly": 0
        },
        "20091": {
            "year_quarter": 20091,
            "year": 2009,
            "quarter": 1,
            "eps": null,
            "eps_growth_year": null,
            "eps_4q": null,
            "eps_4q_growth_year": null,
            "roe": null,
            "roe_4q": 0,
            "gross_profit": null,
            "gross_margin": null,
            "gross_margin_4q_avg": 0,
            "net_income": null,
            "net_income_4q": null,
            "revenue": null,
            "revenue_4q": null,
            "common_shares": null,
            "book_valuer_per_share": null,
            "book_valuer_per_share_4q_avg": 7.03,
            "equity": null,
            "current_ratio": null,
            "debt_ratio": null,
            "inventory_turnover_ratio": null,
            "account_receivable_turnover_ratio": null,
            "reinvestment_rate": null,
            "research_to_sale_ratio": null,
            "price_fair": 0,
            "eps_avg_yearly": 0,
            "eps_latest_yearly": 0,
            "eps_growth_yearly": 0
        },
        "20092": {
            "year_quarter": 20092,
            "year": 2009,
            "quarter": 2,
            "eps": null,
            "eps_growth_year": null,
            "eps_4q": null,
            "eps_4q_growth_year": null,
            "roe": null,
            "roe_4q": 0,
            "gross_profit": null,
            "gross_margin": null,
            "gross_margin_4q_avg": 0,
            "net_income": null,
            "net_income_4q": null,
            "revenue": null,
            "revenue_4q": null,
            "common_shares": 301350,
            "book_valuer_per_share": null,
            "book_valuer_per_share_4q_avg": 7.03,
            "equity": 805411,
            "current_ratio": null,
            "debt_ratio": null,
            "inventory_turnover_ratio": null,
            "account_receivable_turnover_ratio": null,
            "reinvestment_rate": null,
            "research_to_sale_ratio": null,
            "price_fair": 0,
            "eps_avg_yearly": 0,
            "eps_latest_yearly": 0,
            "eps_growth_yearly": 0
        },
        "20093": {
            "year_quarter": 20093,
            "year": 2009,
            "quarter": 3,
            "eps": null,
            "eps_growth_year": null,
            "eps_4q": null,
            "eps_4q_growth_year": null,
            "roe": null,
            "roe_4q": 0,
            "gross_profit": null,
            "gross_margin": null,
            "gross_margin_4q_avg": 0,
            "net_income": null,
            "net_income_4q": null,
            "revenue": null,
            "revenue_4q": null,
            "common_shares": null,
            "book_valuer_per_share": null,
            "book_valuer_per_share_4q_avg": 7.03,
            "equity": null,
            "current_ratio": null,
            "debt_ratio": null,
            "inventory_turnover_ratio": null,
            "account_receivable_turnover_ratio": null,
            "reinvestment_rate": null,
            "research_to_sale_ratio": null,
            "price_fair": 0,
            "eps_avg_yearly": 0,
            "eps_latest_yearly": 0,
            "eps_growth_yearly": 0
        },
        "20094": {
            "year_quarter": 20094,
            "year": 2009,
            "quarter": 4,
            "eps": null,
            "eps_growth_year": null,
            "eps_4q": null,
            "eps_4q_growth_year": null,
            "roe": null,
            "roe_4q": 0,
            "gross_profit": null,
            "gross_margin": null,
            "gross_margin_4q_avg": 0,
            "net_income": null,
            "net_income_4q": null,
            "revenue": null,
            "revenue_4q": null,
            "common_shares": 310391,
            "book_valuer_per_share": 26.15,
            "book_valuer_per_share_4q_avg": 6.54,
            "equity": 816893,
            "current_ratio": 300.47,
            "debt_ratio": 31.09,
            "inventory_turnover_ratio": null,
            "account_receivable_turnover_ratio": null,
            "reinvestment_rate": null,
            "research_to_sale_ratio": null,
            "price_fair": 0,
            "eps_avg_yearly": 0,
            "eps_latest_yearly": 0,
            "eps_growth_yearly": 0
        },
        "20101": {
            "year_quarter": 20101,
            "year": 2010,
            "quarter": 1,
            "eps": null,
            "eps_growth_year": null,
            "eps_4q": null,
            "eps_4q_growth_year": null,
            "roe": null,
            "roe_4q": 0,
            "gross_profit": 32824,
            "gross_margin": null,
            "gross_margin_4q_avg": 0,
            "net_income": -537,
            "net_income_4q": null,
            "revenue": 179787,
            "revenue_4q": null,
            "common_shares": 310391,
            "book_valuer_per_share": 26.1,
            "book_valuer_per_share_4q_avg": 13.06,
            "equity": 814944,
            "current_ratio": 335.13,
            "debt_ratio": 28.87,
            "inventory_turnover_ratio": null,
            "account_receivable_turnover_ratio": null,
            "reinvestment_rate": null,
            "research_to_sale_ratio": null,
            "price_fair": 0,
            "eps_avg_yearly": 0,
            "eps_latest_yearly": 0,
            "eps_growth_yearly": 0
        },
        "20102": {
            "year_quarter": 20102,
            "year": 2010,
            "quarter": 2,
            "eps": 0.15,
            "eps_growth_year": null,
            "eps_4q": null,
            "eps_4q_growth_year": null,
            "roe": 0.58,
            "roe_4q": 0.58,
            "gross_profit": 30889,
            "gross_margin": 14.28,
            "gross_margin_4q_avg": 3.57,
            "net_income": 4806,
            "net_income_4q": null,
            "revenue": 216236,
            "revenue_4q": null,
            "common_shares": 310391,
            "book_valuer_per_share": 26.56,
            "book_valuer_per_share_4q_avg": 19.7,
            "equity": 828672,
            "current_ratio": 303.55,
            "debt_ratio": 30.74,
            "inventory_turnover_ratio": 6.32,
            "account_receivable_turnover_ratio": 1.29,
            "reinvestment_rate": null,
            "research_to_sale_ratio": null,
            "price_fair": 0,
            "eps_avg_yearly": 0,
            "eps_latest_yearly": 0,
            "eps_growth_yearly": 0
        },
        "20103": {
            "year_quarter": 20103,
            "year": 2010,
            "quarter": 3,
            "eps": null,
            "eps_growth_year": null,
            "eps_4q": null,
            "eps_4q_growth_year": null,
            "roe": null,
            "roe_4q": 0.58,
            "gross_profit": 50478,
            "gross_margin": null,
            "gross_margin_4q_avg": 3.57,
            "net_income": 6360,
            "net_income_4q": null,
            "revenue": 213770,
            "revenue_4q": null,
            "common_shares": 310391,
            "book_valuer_per_share": 26.47,
            "book_valuer_per_share_4q_avg": 26.32,
            "equity": 824630,
            "current_ratio": 311.81,
            "debt_ratio": 30.24,
            "inventory_turnover_ratio": null,
            "account_receivable_turnover_ratio": null,
            "reinvestment_rate": null,
            "research_to_sale_ratio": null,
            "price_fair": 0,
            "eps_avg_yearly": 0,
            "eps_latest_yearly": 0,
            "eps_growth_yearly": 0
        },
        "20104": {
            "year_quarter": 20104,
            "year": 2010,
            "quarter": 4,
            "eps": null,
            "eps_growth_year": null,
            "eps_4q": null,
            "eps_4q_growth_year": null,
            "roe": null,
            "roe_4q": 0.58,
            "gross_profit": 106633,
            "gross_margin": null,
            "gross_margin_4q_avg": 3.57,
            "net_income": 47886,
            "net_income_4q": null,
            "revenue": 300808,
            "revenue_4q": null,
            "common_shares": 310391,
            "book_valuer_per_share": 27.05,
            "book_valuer_per_share_4q_avg": 26.55,
            "equity": 839563,
            "current_ratio": 297.04,
            "debt_ratio": 32.11,
            "inventory_turnover_ratio": null,
            "account_receivable_turnover_ratio": null,
            "reinvestment_rate": null,
            "research_to_sale_ratio": null,
            "price_fair": 0,
            "eps_avg_yearly": 0,
            "eps_latest_yearly": 0,
            "eps_growth_yearly": 0
        },
        "20111": {
            "year_quarter": 20111,
            "year": 2011,
            "quarter": 1,
            "eps": 0.82,
            "eps_growth_year": null,
            "eps_4q": 0.97,
            "eps_4q_growth_year": null,
            "roe": 2.95,
            "roe_4q": 3.5300000000000002,
            "gross_profit": 63884,
            "gross_margin": 27.03,
            "gross_margin_4q_avg": 10.33,
            "net_income": 25184,
            "net_income_4q": null,
            "revenue": 236351,
            "revenue_4q": null,
            "common_shares": 310391,
            "book_valuer_per_share": 28.19,
            "book_valuer_per_share_4q_avg": 27.07,
            "equity": 869336,
            "current_ratio": 291.9,
            "debt_ratio": 32.9,
            "inventory_turnover_ratio": 4.74,
            "account_receivable_turnover_ratio": 0.56,
            "reinvestment_rate": null,
            "research_to_sale_ratio": 1.61,
            "price_fair": 0,
            "eps_avg_yearly": 0,
            "eps_latest_yearly": 0,
            "eps_growth_yearly": 0
        },
        "20112": {
            "year_quarter": 20112,
            "year": 2011,
            "quarter": 2,
            "eps": 1.87,
            "eps_growth_year": 1105.06,
            "eps_4q": 2.68,
            "eps_4q_growth_year": null,
            "roe": 6.65,
            "roe_4q": 9.600000000000001,
            "gross_profit": 110750,
            "gross_margin": 29.44,
            "gross_margin_4q_avg": 14.12,
            "net_income": 57915,
            "net_income_4q": null,
            "revenue": 376200,
            "revenue_4q": null,
            "common_shares": 310391,
            "book_valuer_per_share": 28.08,
            "book_valuer_per_share_4q_avg": 27.45,
            "equity": 871442,
            "current_ratio": 245.49,
            "debt_ratio": 38.65,
            "inventory_turnover_ratio": 7.06,
            "account_receivable_turnover_ratio": 0.8,
            "reinvestment_rate": null,
            "research_to_sale_ratio": 1.05,
            "price_fair": 261.8,
            "eps_avg_yearly": 7.48,
            "eps_latest_yearly": 7.48,
            "eps_growth_yearly": 512.2
        },
        "20113": {
            "year_quarter": 20113,
            "year": 2011,
            "quarter": 3,
            "eps": 1.63,
            "eps_growth_year": null,
            "eps_4q": 4.09,
            "eps_4q_growth_year": null,
            "roe": 5.76,
            "roe_4q": 15.36,
            "gross_profit": 93359,
            "gross_margin": 29.96,
            "gross_margin_4q_avg": 21.61,
            "net_income": 55007,
            "net_income_4q": null,
            "revenue": 311652,
            "revenue_4q": null,
            "common_shares": 337541,
            "book_valuer_per_share": 30.78,
            "book_valuer_per_share_4q_avg": 28.53,
            "equity": 1038785,
            "current_ratio": 278.72,
            "debt_ratio": 35.1,
            "inventory_turnover_ratio": 5.79,
            "account_receivable_turnover_ratio": 0.55,
            "reinvestment_rate": null,
            "research_to_sale_ratio": 1.84,
            "price_fair": 245,
            "eps_avg_yearly": 7,
            "eps_latest_yearly": 6.52,
            "eps_growth_yearly": 230.43
        },
        "20114": {
            "year_quarter": 20114,
            "year": 2011,
            "quarter": 4,
            "eps": 0.94,
            "eps_growth_year": null,
            "eps_4q": 5.03,
            "eps_4q_growth_year": null,
            "roe": 3.02,
            "roe_4q": 18.38,
            "gross_profit": 75620,
            "gross_margin": 37.82,
            "gross_margin_4q_avg": 31.06,
            "net_income": 31804,
            "net_income_4q": null,
            "revenue": 199929,
            "revenue_4q": null,
            "common_shares": 337541,
            "book_valuer_per_share": 31.69,
            "book_valuer_per_share_4q_avg": 29.69,
            "equity": 1069723,
            "current_ratio": 346.91,
            "debt_ratio": 28.99,
            "inventory_turnover_ratio": 3.73,
            "account_receivable_turnover_ratio": 0.4,
            "reinvestment_rate": null,
            "research_to_sale_ratio": 2.36,
            "price_fair": 207.2,
            "eps_avg_yearly": 5.92,
            "eps_latest_yearly": 3.76,
            "eps_growth_yearly": 97.18
        },
        "20121": {
            "year_quarter": 20121,
            "year": 2012,
            "quarter": 1,
            "eps": 0,
            "eps_growth_year": -100,
            "eps_4q": 4.29,
            "eps_4q_growth_year": 341.21,
            "roe": 0.01,
            "roe_4q": 15.44,
            "gross_profit": 33933,
            "gross_margin": 15.48,
            "gross_margin_4q_avg": 28.18,
            "net_income": 101,
            "net_income_4q": null,
            "revenue": 219157,
            "revenue_4q": null,
            "common_shares": 337541,
            "book_valuer_per_share": 31.25,
            "book_valuer_per_share_4q_avg": 30.45,
            "equity": 1054931,
            "current_ratio": 418.43,
            "debt_ratio": 25.04,
            "inventory_turnover_ratio": 5.89,
            "account_receivable_turnover_ratio": 0.63,
            "reinvestment_rate": null,
            "research_to_sale_ratio": 1.67,
            "price_fair": 207.2,
            "eps_avg_yearly": 5.92,
            "eps_latest_yearly": 3.76,
            "eps_growth_yearly": 97.18
        },
        "20122": {
            "year_quarter": 20122,
            "year": 2012,
            "quarter": 2,
            "eps": 0.41,
            "eps_growth_year": -77.87,
            "eps_4q": 2.99,
            "eps_4q_growth_year": 11.6,
            "roe": 1.38,
            "roe_4q": 10.17,
            "gross_profit": 45605,
            "gross_margin": 20.11,
            "gross_margin_4q_avg": 25.84,
            "net_income": 13937,
            "net_income_4q": null,
            "revenue": 226829,
            "revenue_4q": null,
            "common_shares": 337541,
            "book_valuer_per_share": 28.53,
            "book_valuer_per_share_4q_avg": 30.56,
            "equity": 962942,
            "current_ratio": 298.5,
            "debt_ratio": 32.94,
            "inventory_turnover_ratio": 6.17,
            "account_receivable_turnover_ratio": 0.7,
            "reinvestment_rate": null,
            "research_to_sale_ratio": 1.61,
            "price_fair": 207.2,
            "eps_avg_yearly": 5.92,
            "eps_latest_yearly": 3.76,
            "eps_growth_yearly": 97.18
        },
        "20123": {
            "year_quarter": 20123,
            "year": 2012,
            "quarter": 3,
            "eps": -0.09,
            "eps_growth_year": -105.62,
            "eps_4q": 1.27,
            "eps_4q_growth_year": -69.05,
            "roe": -0.32,
            "roe_4q": 4.09,
            "gross_profit": 28530,
            "gross_margin": 16.32,
            "gross_margin_4q_avg": 22.43,
            "net_income": -3092,
            "net_income_4q": null,
            "revenue": 174862,
            "revenue_4q": null,
            "common_shares": 337541,
            "book_valuer_per_share": 28.24,
            "book_valuer_per_share_4q_avg": 29.93,
            "equity": 953172,
            "current_ratio": 304.1,
            "debt_ratio": 31.98,
            "inventory_turnover_ratio": 5.27,
            "account_receivable_turnover_ratio": 0.52,
            "reinvestment_rate": null,
            "research_to_sale_ratio": 2.43,
            "price_fair": 207.2,
            "eps_avg_yearly": 5.92,
            "eps_latest_yearly": 3.76,
            "eps_growth_yearly": 97.18
        },
        "20124": {
            "year_quarter": 20124,
            "year": 2012,
            "quarter": 4,
            "eps": 0.33,
            "eps_growth_year": -64.84,
            "eps_4q": 0.67,
            "eps_4q_growth_year": -86.78,
            "roe": 1.15,
            "roe_4q": 2.2199999999999998,
            "gross_profit": 52606,
            "gross_margin": 20.96,
            "gross_margin_4q_avg": 18.22,
            "net_income": 10854,
            "net_income_4q": null,
            "revenue": 251014,
            "revenue_4q": null,
            "common_shares": 337541,
            "book_valuer_per_share": 28.71,
            "book_valuer_per_share_4q_avg": 29.18,
            "equity": 940403,
            "current_ratio": 358.47,
            "debt_ratio": 28.09,
            "inventory_turnover_ratio": 6.86,
            "account_receivable_turnover_ratio": 0.71,
            "reinvestment_rate": null,
            "research_to_sale_ratio": 2.97,
            "price_fair": 207.2,
            "eps_avg_yearly": 5.92,
            "eps_latest_yearly": 3.76,
            "eps_growth_yearly": 97.18
        },
        "20131": {
            "year_quarter": 20131,
            "year": 2013,
            "quarter": 1,
            "eps": 0.31,
            "eps_growth_year": null,
            "eps_4q": 0.97,
            "eps_4q_growth_year": -77.41,
            "roe": 1.07,
            "roe_4q": 3.2799999999999994,
            "gross_profit": 39176,
            "gross_margin": 19.19,
            "gross_margin_4q_avg": 19.15,
            "net_income": 10053,
            "net_income_4q": null,
            "revenue": 204171,
            "revenue_4q": null,
            "common_shares": 337541,
            "book_valuer_per_share": 28.89,
            "book_valuer_per_share_4q_avg": 28.59,
            "equity": 946275,
            "current_ratio": 343.75,
            "debt_ratio": 29.94,
            "inventory_turnover_ratio": 5.82,
            "account_receivable_turnover_ratio": 0.52,
            "reinvestment_rate": null,
            "research_to_sale_ratio": 2.33,
            "price_fair": 166.25,
            "eps_avg_yearly": 4.75,
            "eps_latest_yearly": 1.24,
            "eps_growth_yearly": 66.82
        },
        "20132": {
            "year_quarter": 20132,
            "year": 2013,
            "quarter": 2,
            "eps": -0.04,
            "eps_growth_year": -109.69,
            "eps_4q": 0.51,
            "eps_4q_growth_year": -83.04,
            "roe": -0.13,
            "roe_4q": 1.7699999999999998,
            "gross_profit": 39453,
            "gross_margin": 21.91,
            "gross_margin_4q_avg": 19.6,
            "net_income": -1214,
            "net_income_4q": null,
            "revenue": 180049,
            "revenue_4q": null,
            "common_shares": 337541,
            "book_valuer_per_share": 28.54,
            "book_valuer_per_share_4q_avg": 28.6,
            "equity": 934798,
            "current_ratio": 375.3,
            "debt_ratio": 27.9,
            "inventory_turnover_ratio": 4.95,
            "account_receivable_turnover_ratio": 0.5,
            "reinvestment_rate": null,
            "research_to_sale_ratio": 3.14,
            "price_fair": 166.25,
            "eps_avg_yearly": 4.75,
            "eps_latest_yearly": 1.24,
            "eps_growth_yearly": 66.82
        },
        "20133": {
            "year_quarter": 20133,
            "year": 2013,
            "quarter": 3,
            "eps": -0.52,
            "eps_growth_year": null,
            "eps_4q": 0.08,
            "eps_4q_growth_year": -93.89,
            "roe": -1.86,
            "roe_4q": 0.22999999999999976,
            "gross_profit": 20597,
            "gross_margin": 13.35,
            "gross_margin_4q_avg": 18.85,
            "net_income": -17156,
            "net_income_4q": null,
            "revenue": 154263,
            "revenue_4q": null,
            "common_shares": 337541,
            "book_valuer_per_share": 27.79,
            "book_valuer_per_share_4q_avg": 28.48,
            "equity": 910372,
            "current_ratio": 447.27,
            "debt_ratio": 24.2,
            "inventory_turnover_ratio": 4.93,
            "account_receivable_turnover_ratio": 0.52,
            "reinvestment_rate": null,
            "research_to_sale_ratio": 3.69,
            "price_fair": 166.25,
            "eps_avg_yearly": 4.75,
            "eps_latest_yearly": 1.24,
            "eps_growth_yearly": 66.82
        },
        "20134": {
            "year_quarter": 20134,
            "year": 2013,
            "quarter": 4,
            "eps": -0.74,
            "eps_growth_year": -324.1,
            "eps_4q": -1.01,
            "eps_4q_growth_year": -251.51,
            "roe": -2.61,
            "roe_4q": -3.5299999999999994,
            "gross_profit": 33078,
            "gross_margin": 18.27,
            "gross_margin_4q_avg": 18.18,
            "net_income": -23235,
            "net_income_4q": null,
            "revenue": 181013,
            "revenue_4q": null,
            "common_shares": 337541,
            "book_valuer_per_share": 27.75,
            "book_valuer_per_share_4q_avg": 28.24,
            "equity": 868270,
            "current_ratio": 392.92,
            "debt_ratio": 26.75,
            "inventory_turnover_ratio": 6.36,
            "account_receivable_turnover_ratio": 0.65,
            "reinvestment_rate": -353.52,
            "research_to_sale_ratio": 3.29,
            "price_fair": 166.25,
            "eps_avg_yearly": 4.75,
            "eps_latest_yearly": 1.24,
            "eps_growth_yearly": 66.82
        },
        "20141": {
            "year_quarter": 20141,
            "year": 2014,
            "quarter": 1,
            "eps": -0.27,
            "eps_growth_year": -187.1,
            "eps_4q": -1.62,
            "eps_4q_growth_year": -267.13,
            "roe": -0.96,
            "roe_4q": -5.56,
            "gross_profit": 8705,
            "gross_margin": 6.8,
            "gross_margin_4q_avg": 15.08,
            "net_income": -8246,
            "net_income_4q": null,
            "revenue": 127952,
            "revenue_4q": null,
            "common_shares": 317691,
            "book_valuer_per_share": 27.71,
            "book_valuer_per_share_4q_avg": 27.95,
            "equity": 852611,
            "current_ratio": 437.73,
            "debt_ratio": 24.57,
            "inventory_turnover_ratio": 5.63,
            "account_receivable_turnover_ratio": 0.48,
            "reinvestment_rate": -51.39,
            "research_to_sale_ratio": 4.99,
            "price_fair": 166.25,
            "eps_avg_yearly": 4.75,
            "eps_latest_yearly": 1.24,
            "eps_growth_yearly": 66.82
        },
        "20142": {
            "year_quarter": 20142,
            "year": 2014,
            "quarter": 2,
            "eps": 0.11,
            "eps_growth_year": null,
            "eps_4q": -1.47,
            "eps_4q_growth_year": -390.12,
            "roe": 0.4,
            "roe_4q": -5.03,
            "gross_profit": 31726,
            "gross_margin": 15.48,
            "gross_margin_4q_avg": 13.48,
            "net_income": 3392,
            "net_income_4q": null,
            "revenue": 204917,
            "revenue_4q": null,
            "common_shares": 317691,
            "book_valuer_per_share": 27.05,
            "book_valuer_per_share_4q_avg": 27.58,
            "equity": 832498,
            "current_ratio": 378.53,
            "debt_ratio": 27.81,
            "inventory_turnover_ratio": 8.41,
            "account_receivable_turnover_ratio": 0.74,
            "reinvestment_rate": -381.72,
            "research_to_sale_ratio": 3.39,
            "price_fair": 166.25,
            "eps_avg_yearly": 4.75,
            "eps_latest_yearly": 1.24,
            "eps_growth_yearly": 66.82
        },
        "20143": {
            "year_quarter": 20143,
            "year": 2014,
            "quarter": 3,
            "eps": 0.7,
            "eps_growth_year": null,
            "eps_4q": -0.22,
            "eps_4q_growth_year": -380.46,
            "roe": 2.52,
            "roe_4q": -0.6499999999999999,
            "gross_profit": 53249,
            "gross_margin": 22.88,
            "gross_margin_4q_avg": 15.86,
            "net_income": 21405,
            "net_income_4q": null,
            "revenue": 232754,
            "revenue_4q": null,
            "common_shares": 317691,
            "book_valuer_per_share": 28.11,
            "book_valuer_per_share_4q_avg": 27.66,
            "equity": 865103,
            "current_ratio": 349.94,
            "debt_ratio": 30.04,
            "inventory_turnover_ratio": 8.79,
            "account_receivable_turnover_ratio": 0.68,
            "reinvestment_rate": -48.91,
            "research_to_sale_ratio": 2.99,
            "price_fair": 152.6,
            "eps_avg_yearly": 4.36,
            "eps_latest_yearly": 2.8,
            "eps_growth_yearly": 482.55
        },
        "20144": {
            "year_quarter": 20144,
            "year": 2014,
            "quarter": 4,
            "eps": 0.25,
            "eps_growth_year": null,
            "eps_4q": 0.78,
            "eps_4q_growth_year": null,
            "roe": 0.89,
            "roe_4q": 2.85,
            "gross_profit": 48309,
            "gross_margin": 23.63,
            "gross_margin_4q_avg": 17.2,
            "net_income": 7896,
            "net_income_4q": null,
            "revenue": 204447,
            "revenue_4q": null,
            "common_shares": 317691,
            "book_valuer_per_share": 28.94,
            "book_valuer_per_share_4q_avg": 27.95,
            "equity": 905018,
            "current_ratio": 395.49,
            "debt_ratio": 27.64,
            "inventory_turnover_ratio": 7.1,
            "account_receivable_turnover_ratio": 0.53,
            "reinvestment_rate": -373.08,
            "research_to_sale_ratio": 3.54,
            "price_fair": 133,
            "eps_avg_yearly": 3.8,
            "eps_latest_yearly": 1,
            "eps_growth_yearly": 359.27
        },
        "20151": {
            "year_quarter": 20151,
            "year": 2015,
            "quarter": 1,
            "eps": -0.23,
            "eps_growth_year": null,
            "eps_4q": 0.82,
            "eps_4q_growth_year": null,
            "roe": -0.8,
            "roe_4q": 3.01,
            "gross_profit": 15250,
            "gross_margin": 8.84,
            "gross_margin_4q_avg": 17.71,
            "net_income": -7120,
            "net_income_4q": null,
            "revenue": 172602,
            "revenue_4q": null,
            "common_shares": 317691,
            "book_valuer_per_share": 28.26,
            "book_valuer_per_share_4q_avg": 28.09,
            "equity": 883886,
            "current_ratio": 425.75,
            "debt_ratio": 24.79,
            "inventory_turnover_ratio": 5.6,
            "account_receivable_turnover_ratio": 0.5,
            "reinvestment_rate": -459.78,
            "research_to_sale_ratio": 4.4,
            "price_fair": 133,
            "eps_avg_yearly": 3.8,
            "eps_latest_yearly": 1,
            "eps_growth_yearly": 359.27
        },
        "20152": {
            "year_quarter": 20152,
            "year": 2015,
            "quarter": 2,
            "eps": -0.3,
            "eps_growth_year": -372.73,
            "eps_4q": 0.39,
            "eps_4q_growth_year": null,
            "roe": -1.09,
            "roe_4q": 1.52,
            "gross_profit": 51456,
            "gross_margin": 20.75,
            "gross_margin_4q_avg": 19.03,
            "net_income": -9538,
            "net_income_4q": null,
            "revenue": 247965,
            "revenue_4q": null,
            "common_shares": 317691,
            "book_valuer_per_share": 27.49,
            "book_valuer_per_share_4q_avg": 28.2,
            "equity": 859645,
            "current_ratio": 374.63,
            "debt_ratio": 28.62,
            "inventory_turnover_ratio": 3.4,
            "account_receivable_turnover_ratio": 0.73,
            "reinvestment_rate": -842.02,
            "research_to_sale_ratio": 1.9,
            "price_fair": 107.24,
            "eps_avg_yearly": 3.06,
            "eps_latest_yearly": 1,
            "eps_growth_yearly": 328.68
        },
        "20153": {
            "year_quarter": 20153,
            "year": 2015,
            "quarter": 3,
            "eps": -5.33,
            "eps_growth_year": -861.43,
            "eps_4q": -5.51,
            "eps_4q_growth_year": null,
            "roe": -20.69,
            "roe_4q": -21.69,
            "gross_profit": 45780,
            "gross_margin": 24.76,
            "gross_margin_4q_avg": 19.5,
            "net_income": -158667,
            "net_income_4q": null,
            "revenue": 184869,
            "revenue_4q": null,
            "common_shares": 317691,
            "book_valuer_per_share": 23.02,
            "book_valuer_per_share_4q_avg": 26.93,
            "equity": 673988,
            "current_ratio": 289.09,
            "debt_ratio": 36.11,
            "inventory_turnover_ratio": 2.42,
            "account_receivable_turnover_ratio": 0.52,
            "reinvestment_rate": null,
            "research_to_sale_ratio": 2.29,
            "price_fair": 77,
            "eps_avg_yearly": 2.2,
            "eps_latest_yearly": 1,
            "eps_growth_yearly": 423.69
        },
        "20154": {
            "year_quarter": 20154,
            "year": 2015,
            "quarter": 4,
            "eps": -0.34,
            "eps_growth_year": -234.1,
            "eps_4q": -6.11,
            "eps_4q_growth_year": -881.86,
            "roe": -1.55,
            "roe_4q": -24.130000000000003,
            "gross_profit": 24316,
            "gross_margin": 15.71,
            "gross_margin_4q_avg": 17.52,
            "net_income": -10282,
            "net_income_4q": null,
            "revenue": 154784,
            "revenue_4q": null,
            "common_shares": 303687,
            "book_valuer_per_share": 21.4,
            "book_valuer_per_share_4q_avg": 25.04,
            "equity": 649934,
            "current_ratio": 361.88,
            "debt_ratio": 29.5,
            "inventory_turnover_ratio": 4.74,
            "account_receivable_turnover_ratio": 0.5,
            "reinvestment_rate": null,
            "research_to_sale_ratio": 2.71,
            "price_fair": 58.8,
            "eps_avg_yearly": 1.68,
            "eps_latest_yearly": 1,
            "eps_growth_yearly": 621.36
        },
        "20161": {
            "year_quarter": 20161,
            "year": 2016,
            "quarter": 1,
            "eps": -0.9,
            "eps_growth_year": null,
            "eps_4q": -6.77,
            "eps_4q_growth_year": -928.27,
            "roe": -4.29,
            "roe_4q": -27.62,
            "gross_profit": 1963,
            "gross_margin": 1.88,
            "gross_margin_4q_avg": 15.78,
            "net_income": -27195,
            "net_income_4q": null,
            "revenue": 104206,
            "revenue_4q": null,
            "common_shares": 303687,
            "book_valuer_per_share": 20.38,
            "book_valuer_per_share_4q_avg": 23.07,
            "equity": 618940,
            "current_ratio": 424.86,
            "debt_ratio": 26.2,
            "inventory_turnover_ratio": 4.4,
            "account_receivable_turnover_ratio": 0.44,
            "reinvestment_rate": null,
            "research_to_sale_ratio": 4.04,
            "price_fair": 58.8,
            "eps_avg_yearly": 1.68,
            "eps_latest_yearly": 1,
            "eps_growth_yearly": 621.36
        },
        "20162": {
            "year_quarter": 20162,
            "year": 2016,
            "quarter": 2,
            "eps": -0.66,
            "eps_growth_year": null,
            "eps_4q": -7.12,
            "eps_4q_growth_year": -1921.7,
            "roe": -3.3,
            "roe_4q": -29.830000000000002,
            "gross_profit": 7453,
            "gross_margin": 7.62,
            "gross_margin_4q_avg": 12.49,
            "net_income": -19943,
            "net_income_4q": null,
            "revenue": 97833,
            "revenue_4q": null,
            "common_shares": 303687,
            "book_valuer_per_share": 19.43,
            "book_valuer_per_share_4q_avg": 21.06,
            "equity": 590061,
            "current_ratio": 426.77,
            "debt_ratio": 26.1,
            "inventory_turnover_ratio": 4.6,
            "account_receivable_turnover_ratio": 0.54,
            "reinvestment_rate": null,
            "research_to_sale_ratio": 4.12,
            "price_fair": 58.8,
            "eps_avg_yearly": 1.68,
            "eps_latest_yearly": 1,
            "eps_growth_yearly": 621.36
        },
        "20163": {
            "year_quarter": 20163,
            "year": 2016,
            "quarter": 3,
            "eps": -0.66,
            "eps_growth_year": null,
            "eps_4q": -2.55,
            "eps_4q_growth_year": null,
            "roe": -3.49,
            "roe_4q": -12.63,
            "gross_profit": 18436,
            "gross_margin": 13.5,
            "gross_margin_4q_avg": 9.68,
            "net_income": -20015,
            "net_income_4q": null,
            "revenue": 136541,
            "revenue_4q": null,
            "common_shares": 303687,
            "book_valuer_per_share": 18.31,
            "book_valuer_per_share_4q_avg": 19.88,
            "equity": 556121,
            "current_ratio": 368.49,
            "debt_ratio": 29.03,
            "inventory_turnover_ratio": 7.22,
            "account_receivable_turnover_ratio": 0.75,
            "reinvestment_rate": null,
            "research_to_sale_ratio": 2.6,
            "price_fair": 58.8,
            "eps_avg_yearly": 1.68,
            "eps_latest_yearly": 1,
            "eps_growth_yearly": 621.36
        },
        "20164": {
            "year_quarter": 20164,
            "year": 2016,
            "quarter": 4,
            "eps": -1.32,
            "eps_growth_year": null,
            "eps_4q": -3.53,
            "eps_4q_growth_year": null,
            "roe": -7.47,
            "roe_4q": -18.55,
            "gross_profit": 12364,
            "gross_margin": 26.58,
            "gross_margin_4q_avg": 12.4,
            "net_income": -40006,
            "net_income_4q": null,
            "revenue": 46511,
            "revenue_4q": null,
            "common_shares": 303687,
            "book_valuer_per_share": 16.95,
            "book_valuer_per_share_4q_avg": 18.77,
            "equity": 514724,
            "current_ratio": 337.31,
            "debt_ratio": 31.8,
            "inventory_turnover_ratio": 1.99,
            "account_receivable_turnover_ratio": 0.25,
            "reinvestment_rate": null,
            "research_to_sale_ratio": 7.29,
            "price_fair": 58.8,
            "eps_avg_yearly": 1.68,
            "eps_latest_yearly": 1,
            "eps_growth_yearly": 621.36
        },
        "20171": {
            "year_quarter": 20171,
            "year": 2017,
            "quarter": 1,
            "eps": -0.64,
            "eps_growth_year": null,
            "eps_4q": -3.27,
            "eps_4q_growth_year": null,
            "roe": -3.92,
            "roe_4q": -18.18,
            "gross_profit": 9860,
            "gross_margin": 11.88,
            "gross_margin_4q_avg": 14.9,
            "net_income": -19422,
            "net_income_4q": null,
            "revenue": 83003,
            "revenue_4q": null,
            "common_shares": 303687,
            "book_valuer_per_share": 15.65,
            "book_valuer_per_share_4q_avg": 17.59,
            "equity": 475353,
            "current_ratio": 374.76,
            "debt_ratio": 28.95,
            "inventory_turnover_ratio": 4.18,
            "account_receivable_turnover_ratio": 0.52,
            "reinvestment_rate": null,
            "research_to_sale_ratio": 3.5,
            "price_fair": 66.5,
            "eps_avg_yearly": 1.9,
            "eps_latest_yearly": 1,
            "eps_growth_yearly": 944.16
        },
        "20172": {
            "year_quarter": 20172,
            "year": 2017,
            "quarter": 2,
            "eps": -10.4,
            "eps_growth_year": null,
            "eps_4q": -3.65,
            "eps_4q_growth_year": null,
            "roe": -6.82,
            "roe_4q": -21.700000000000003,
            "gross_profit": 315,
            "gross_margin": 0.44,
            "gross_margin_4q_avg": 13.1,
            "net_income": -31537,
            "net_income_4q": null,
            "revenue": 71572,
            "revenue_4q": null,
            "common_shares": 303687,
            "book_valuer_per_share": 14.79,
            "book_valuer_per_share_4q_avg": 16.43,
            "equity": 449157,
            "current_ratio": 403.24,
            "debt_ratio": 27.38,
            "inventory_turnover_ratio": 3.87,
            "account_receivable_turnover_ratio": 0.53,
            "reinvestment_rate": null,
            "research_to_sale_ratio": 4.23,
            "price_fair": 66.5,
            "eps_avg_yearly": 1.9,
            "eps_latest_yearly": 1,
            "eps_growth_yearly": 944.16
        },
        "20173": {
            "year_quarter": 20173,
            "year": 2017,
            "quarter": 3,
            "eps": -1.19,
            "eps_growth_year": null,
            "eps_4q": -4.18,
            "eps_4q_growth_year": null,
            "roe": -8.33,
            "roe_4q": -26.54,
            "gross_profit": -8081,
            "gross_margin": -12.74,
            "gross_margin_4q_avg": 6.54,
            "net_income": -36048,
            "net_income_4q": null,
            "revenue": 63445,
            "revenue_4q": null,
            "common_shares": 303687,
            "book_valuer_per_share": 13.71,
            "book_valuer_per_share_4q_avg": 15.28,
            "equity": 416495,
            "current_ratio": 406.93,
            "debt_ratio": 27.03,
            "inventory_turnover_ratio": 4.37,
            "account_receivable_turnover_ratio": 0.53,
            "reinvestment_rate": null,
            "research_to_sale_ratio": 4.25,
            "price_fair": 66.5,
            "eps_avg_yearly": 1.9,
            "eps_latest_yearly": 1,
            "eps_growth_yearly": 944.16
        },
        "20174": {
            "year_quarter": 20174,
            "year": 2017,
            "quarter": 4,
            "eps": -0.86,
            "eps_growth_year": null,
            "eps_4q": -3.72,
            "eps_4q_growth_year": null,
            "roe": -6.47,
            "roe_4q": -25.54,
            "gross_profit": -1211,
            "gross_margin": -2.08,
            "gross_margin_4q_avg": -0.63,
            "net_income": -26057,
            "net_income_4q": null,
            "revenue": 58227,
            "revenue_4q": null,
            "common_shares": 303687,
            "book_valuer_per_share": 12.83,
            "book_valuer_per_share_4q_avg": 14.25,
            "equity": 389569,
            "current_ratio": 245.99,
            "debt_ratio": 40.57,
            "inventory_turnover_ratio": 5.28,
            "account_receivable_turnover_ratio": 0.56,
            "reinvestment_rate": null,
            "research_to_sale_ratio": 3.45,
            "price_fair": 66.5,
            "eps_avg_yearly": 1.9,
            "eps_latest_yearly": 1,
            "eps_growth_yearly": 944.16
        },
        "20181": {
            "year_quarter": 20181,
            "year": 2018,
            "quarter": 1,
            "eps": -1.07,
            "eps_growth_year": null,
            "eps_4q": -3.78,
            "eps_4q_growth_year": null,
            "roe": -8.17,
            "roe_4q": -29.79,
            "gross_profit": -1914,
            "gross_margin": -2.36,
            "gross_margin_4q_avg": -4.19,
            "net_income": -32629,
            "net_income_4q": null,
            "revenue": 81051,
            "revenue_4q": null,
            "common_shares": 333687,
            "book_valuer_per_share": 12.26,
            "book_valuer_per_share_4q_avg": 13.4,
            "equity": 409134,
            "current_ratio": 263.42,
            "debt_ratio": 36.75,
            "inventory_turnover_ratio": 4.99,
            "account_receivable_turnover_ratio": 0.79,
            "reinvestment_rate": null,
            "research_to_sale_ratio": 3.39,
            "price_fair": 66.5,
            "eps_avg_yearly": 1.9,
            "eps_latest_yearly": 1,
            "eps_growth_yearly": 944.16
        },
        "20182": {
            "year_quarter": 20182,
            "year": 2018,
            "quarter": 2,
            "eps": -0.53,
            "eps_growth_year": null,
            "eps_4q": -3.39,
            "eps_4q_growth_year": null,
            "roe": -4.61,
            "roe_4q": -27.58,
            "gross_profit": -3907,
            "gross_margin": -5.4,
            "gross_margin_4q_avg": -5.65,
            "net_income": -18383,
            "net_income_4q": null,
            "revenue": 72383,
            "revenue_4q": null,
            "common_shares": 333687,
            "book_valuer_per_share": 11.64,
            "book_valuer_per_share_4q_avg": 12.61,
            "equity": 388486,
            "current_ratio": 314.26,
            "debt_ratio": 32.67,
            "inventory_turnover_ratio": 4.92,
            "account_receivable_turnover_ratio": 0.73,
            "reinvestment_rate": null,
            "research_to_sale_ratio": 1.99,
            "price_fair": 66.5,
            "eps_avg_yearly": 1.9,
            "eps_latest_yearly": 1,
            "eps_growth_yearly": 944.16
        },
        "20183": {
            "year_quarter": 20183,
            "year": 2018,
            "quarter": 3,
            "eps": -0.34,
            "eps_growth_year": null,
            "eps_4q": -2.64,
            "eps_4q_growth_year": null,
            "roe": -2.89,
            "roe_4q": -22.14,
            "gross_profit": 6279,
            "gross_margin": 11.96,
            "gross_margin_4q_avg": 0.53,
            "net_income": -10972,
            "net_income_4q": null,
            "revenue": 52478,
            "revenue_4q": null,
            "common_shares": 333687,
            "book_valuer_per_share": 11.07,
            "book_valuer_per_share_4q_avg": 11.95,
            "equity": 369555,
            "current_ratio": 325.21,
            "debt_ratio": 31.15,
            "inventory_turnover_ratio": 7.18,
            "account_receivable_turnover_ratio": 0.64,
            "reinvestment_rate": null,
            "research_to_sale_ratio": 2.9,
            "price_fair": 3,
            "eps_avg_yearly": 1,
            "eps_latest_yearly": 1,
            "eps_growth_yearly": -257.14
        },
        "20184": {
            "year_quarter": 20184,
            "year": 2018,
            "quarter": 4,
            "eps": 0.09,
            "eps_growth_year": null,
            "eps_4q": -1.76,
            "eps_4q_growth_year": null,
            "roe": 0.84,
            "roe_4q": -14.83,
            "gross_profit": 2828,
            "gross_margin": 9.78,
            "gross_margin_4q_avg": 3.5,
            "net_income": 3142,
            "net_income_4q": null,
            "revenue": 28906,
            "revenue_4q": null,
            "common_shares": 333687,
            "book_valuer_per_share": 11.37,
            "book_valuer_per_share_4q_avg": 11.59,
            "equity": 379551,
            "current_ratio": 518.18,
            "debt_ratio": 16.9,
            "inventory_turnover_ratio": 3.68,
            "account_receivable_turnover_ratio": 0.45,
            "reinvestment_rate": null,
            "research_to_sale_ratio": 2.89,
            "price_fair": 0,
            "eps_avg_yearly": 0,
            "eps_latest_yearly": 0,
            "eps_growth_yearly": 0
        },
        "20191": {
            "year_quarter": 20191,
            "year": 2019,
            "quarter": 1,
            "eps": -0.39,
            "eps_growth_year": null,
            "eps_4q": -1.18,
            "eps_4q_growth_year": null,
            "roe": -3.49,
            "roe_4q": -10.150000000000002,
            "gross_profit": 3335,
            "gross_margin": 5.54,
            "gross_margin_4q_avg": 5.47,
            "net_income": -13111,
            "net_income_4q": null,
            "revenue": 60194,
            "revenue_4q": null,
            "common_shares": 333687,
            "book_valuer_per_share": 11.12,
            "book_valuer_per_share_4q_avg": 11.3,
            "equity": 371141,
            "current_ratio": 396.56,
            "debt_ratio": 21.07,
            "inventory_turnover_ratio": 7.55,
            "account_receivable_turnover_ratio": 0.9,
            "reinvestment_rate": null,
            "research_to_sale_ratio": 1.25,
            "price_fair": 0,
            "eps_avg_yearly": 0,
            "eps_latest_yearly": 0,
            "eps_growth_yearly": 0
        },
        "20192": {
            "year_quarter": 20192,
            "year": 2019,
            "quarter": 2,
            "eps": 0.07,
            "eps_growth_year": null,
            "eps_4q": -0.54,
            "eps_4q_growth_year": null,
            "roe": 0.32,
            "roe_4q": -5.220000000000001,
            "gross_profit": 12915,
            "gross_margin": 23.1,
            "gross_margin_4q_avg": 12.6,
            "net_income": 1210,
            "net_income_4q": null,
            "revenue": 55914,
            "revenue_4q": null,
            "common_shares": 343687,
            "book_valuer_per_share": 11.13,
            "book_valuer_per_share_4q_avg": 11.17,
            "equity": 391275,
            "current_ratio": 353.33,
            "debt_ratio": 21.82,
            "inventory_turnover_ratio": 4.7,
            "account_receivable_turnover_ratio": 0.65,
            "reinvestment_rate": null,
            "research_to_sale_ratio": 1.17,
            "price_fair": 0,
            "eps_avg_yearly": 0,
            "eps_latest_yearly": 0,
            "eps_growth_yearly": 0
        },
        "20193": {
            "year_quarter": 20193,
            "year": 2019,
            "quarter": 3,
            "eps": -0.57,
            "eps_growth_year": null,
            "eps_4q": -0.78,
            "eps_4q_growth_year": null,
            "roe": -5.43,
            "roe_4q": -7.76,
            "gross_profit": 4573,
            "gross_margin": 6.1,
            "gross_margin_4q_avg": 11.13,
            "net_income": -20642,
            "net_income_4q": null,
            "revenue": 74976,
            "revenue_4q": null,
            "common_shares": 343687,
            "book_valuer_per_share": 10.44,
            "book_valuer_per_share_4q_avg": 11.02,
            "equity": 369314,
            "current_ratio": 301.36,
            "debt_ratio": 23.73,
            "inventory_turnover_ratio": 5.54,
            "account_receivable_turnover_ratio": 0.81,
            "reinvestment_rate": null,
            "research_to_sale_ratio": 0.99,
            "price_fair": 0,
            "eps_avg_yearly": 0,
            "eps_latest_yearly": 0,
            "eps_growth_yearly": 0
        },
        "20194": {
            "year_quarter": 20194,
            "year": 2019,
            "quarter": 4,
            "eps": -0.34,
            "eps_growth_year": -459.44,
            "eps_4q": -1.21,
            "eps_4q_growth_year": null,
            "roe": -3.62,
            "roe_4q": -12.22,
            "gross_profit": 12586,
            "gross_margin": 14.02,
            "gross_margin_4q_avg": 12.19,
            "net_income": -13109,
            "net_income_4q": null,
            "revenue": 89776,
            "revenue_4q": null,
            "common_shares": 343687,
            "book_valuer_per_share": 10.01,
            "book_valuer_per_share_4q_avg": 10.68,
            "equity": 354120,
            "current_ratio": 288.61,
            "debt_ratio": 23.73,
            "inventory_turnover_ratio": 5.91,
            "account_receivable_turnover_ratio": 1,
            "reinvestment_rate": null,
            "research_to_sale_ratio": 0.86,
            "price_fair": 0,
            "eps_avg_yearly": 0,
            "eps_latest_yearly": 0,
            "eps_growth_yearly": 0
        },
        "20201": {
            "year_quarter": 20201,
            "year": 2020,
            "quarter": 1,
            "eps": -1.2,
            "eps_growth_year": null,
            "eps_4q": -2.06,
            "eps_4q_growth_year": null,
            "roe": -12.88,
            "roe_4q": -21.61,
            "gross_profit": 522,
            "gross_margin": 1.35,
            "gross_margin_4q_avg": 11.14,
            "net_income": -42369,
            "net_income_4q": null,
            "revenue": 38637,
            "revenue_4q": null,
            "common_shares": 343687,
            "book_valuer_per_share": 8.67,
            "book_valuer_per_share_4q_avg": 10.06,
            "equity": 303744,
            "current_ratio": 273.53,
            "debt_ratio": 26.13,
            "inventory_turnover_ratio": 3.25,
            "account_receivable_turnover_ratio": 0.47,
            "reinvestment_rate": null,
            "research_to_sale_ratio": 0.18,
            "price_fair": 0,
            "eps_avg_yearly": 0,
            "eps_latest_yearly": 0,
            "eps_growth_yearly": 0
        },
        "20202": {
            "year_quarter": 20202,
            "year": 2020,
            "quarter": 2,
            "eps": -0.41,
            "eps_growth_year": -685.71,
            "eps_4q": -2.54,
            "eps_4q_growth_year": null,
            "roe": -3.92,
            "roe_4q": -25.85,
            "gross_profit": 10216,
            "gross_margin": 12.2,
            "gross_margin_4q_avg": 8.42,
            "net_income": -11428,
            "net_income_4q": null,
            "revenue": 83716,
            "revenue_4q": null,
            "common_shares": 343687,
            "book_valuer_per_share": 8.18,
            "book_valuer_per_share_4q_avg": 9.33,
            "equity": 279011,
            "current_ratio": 231.81,
            "debt_ratio": 31.88,
            "inventory_turnover_ratio": 5.29,
            "account_receivable_turnover_ratio": 0.97,
            "reinvestment_rate": null,
            "research_to_sale_ratio": 0,
            "price_fair": 0,
            "eps_avg_yearly": 0,
            "eps_latest_yearly": 0,
            "eps_growth_yearly": 0
        },
        "20203": {
            "year_quarter": 20203,
            "year": 2020,
            "quarter": 3,
            "eps": -2.47,
            "eps_growth_year": null,
            "eps_4q": -4.45,
            "eps_4q_growth_year": null,
            "roe": -34.34,
            "roe_4q": -54.760000000000005,
            "gross_profit": 10203,
            "gross_margin": 13.75,
            "gross_margin_4q_avg": 10.33,
            "net_income": -81181,
            "net_income_4q": null,
            "revenue": 74182,
            "revenue_4q": null,
            "common_shares": 343687,
            "book_valuer_per_share": 5.73,
            "book_valuer_per_share_4q_avg": 8.15,
            "equity": 193729,
            "current_ratio": 205.76,
            "debt_ratio": 53.22,
            "inventory_turnover_ratio": 3.94,
            "account_receivable_turnover_ratio": 0.67,
            "reinvestment_rate": null,
            "research_to_sale_ratio": -0.1,
            "price_fair": 0,
            "eps_avg_yearly": 0,
            "eps_latest_yearly": 0,
            "eps_growth_yearly": 0
        },
        "20204": {
            "year_quarter": 20204,
            "year": 2020,
            "quarter": 4,
            "eps": -0.38,
            "eps_growth_year": null,
            "eps_4q": -4.37,
            "eps_4q_growth_year": null,
            "roe": -6.02,
            "roe_4q": -57.160000000000004,
            "gross_profit": 14307,
            "gross_margin": 13.69,
            "gross_margin_4q_avg": 10.25,
            "net_income": -11670,
            "net_income_4q": null,
            "revenue": 104528,
            "revenue_4q": null,
            "common_shares": 353687,
            "book_valuer_per_share": 5.58,
            "book_valuer_per_share_4q_avg": 7.04,
            "equity": 194232,
            "current_ratio": 205.4,
            "debt_ratio": 51.82,
            "inventory_turnover_ratio": 4.75,
            "account_receivable_turnover_ratio": 0.81,
            "reinvestment_rate": null,
            "research_to_sale_ratio": 0,
            "price_fair": 0,
            "eps_avg_yearly": 0,
            "eps_latest_yearly": 0,
            "eps_growth_yearly": 0
        },
        "20211": {
            "year_quarter": 20211,
            "year": 2021,
            "quarter": 1,
            "eps": -0.51,
            "eps_growth_year": null,
            "eps_4q": -3.26,
            "eps_4q_growth_year": null,
            "roe": -8.84,
            "roe_4q": -53.120000000000005,
            "gross_profit": 8209,
            "gross_margin": 10.22,
            "gross_margin_4q_avg": 12.47,
            "net_income": -19070,
            "net_income_4q": null,
            "revenue": 80350,
            "revenue_4q": null,
            "common_shares": 403687,
            "book_valuer_per_share": 5.96,
            "book_valuer_per_share_4q_avg": 6.36,
            "equity": 237237,
            "current_ratio": 223.43,
            "debt_ratio": 48.57,
            "inventory_turnover_ratio": 2.96,
            "account_receivable_turnover_ratio": 0.57,
            "reinvestment_rate": null,
            "research_to_sale_ratio": 0,
            "price_fair": 0,
            "eps_avg_yearly": 0,
            "eps_latest_yearly": 0,
            "eps_growth_yearly": 0
        },
        "20212": {
            "year_quarter": 20212,
            "year": 2021,
            "quarter": 2,
            "eps": -0.62,
            "eps_growth_year": null,
            "eps_4q": -3.53,
            "eps_4q_growth_year": null,
            "roe": -10.95,
            "roe_4q": -60.150000000000006,
            "gross_profit": 4920,
            "gross_margin": 7.56,
            "gross_margin_4q_avg": 11.31,
            "net_income": -24530,
            "net_income_4q": null,
            "revenue": 65076,
            "revenue_4q": null,
            "common_shares": 403687,
            "book_valuer_per_share": 5.29,
            "book_valuer_per_share_4q_avg": 5.64,
            "equity": 210628,
            "current_ratio": 220.88,
            "debt_ratio": 49.66,
            "inventory_turnover_ratio": 2.53,
            "account_receivable_turnover_ratio": 0.49,
            "reinvestment_rate": null,
            "research_to_sale_ratio": 0,
            "price_fair": 0,
            "eps_avg_yearly": 0,
            "eps_latest_yearly": 0,
            "eps_growth_yearly": 0
        },
        "20213": {
            "year_quarter": 20213,
            "year": 2021,
            "quarter": 3,
            "eps": -0.48,
            "eps_growth_year": null,
            "eps_4q": -1.9,
            "eps_4q_growth_year": null,
            "roe": -10.05,
            "roe_4q": -35.86,
            "gross_profit": 7499,
            "gross_margin": 9.8,
            "gross_margin_4q_avg": 10.32,
            "net_income": -18966,
            "net_income_4q": null,
            "revenue": 76518,
            "revenue_4q": null,
            "common_shares": 403687,
            "book_valuer_per_share": 4.18,
            "book_valuer_per_share_4q_avg": 5.25,
            "equity": 166661,
            "current_ratio": 215.94,
            "debt_ratio": 54.79,
            "inventory_turnover_ratio": 3.64,
            "account_receivable_turnover_ratio": 0.65,
            "reinvestment_rate": null,
            "research_to_sale_ratio": 0,
            "price_fair": 0,
            "eps_avg_yearly": 0,
            "eps_latest_yearly": 0,
            "eps_growth_yearly": 0
        },
        "20214": {
            "year_quarter": 20214,
            "year": 2021,
            "quarter": 4,
            "eps": -0.66,
            "eps_growth_year": null,
            "eps_4q": -2.12,
            "eps_4q_growth_year": null,
            "roe": -17.42,
            "roe_4q": -47.260000000000005,
            "gross_profit": 3743,
            "gross_margin": 5.12,
            "gross_margin_4q_avg": 8.18,
            "net_income": -28431,
            "net_income_4q": null,
            "revenue": 73172,
            "revenue_4q": null,
            "common_shares": 433687,
            "book_valuer_per_share": 3.73,
            "book_valuer_per_share_4q_avg": 4.79,
            "equity": 159736,
            "current_ratio": 178.08,
            "debt_ratio": 62.91,
            "inventory_turnover_ratio": 2.5,
            "account_receivable_turnover_ratio": 0.62,
            "reinvestment_rate": null,
            "research_to_sale_ratio": 0,
            "price_fair": 0,
            "eps_avg_yearly": 0,
            "eps_latest_yearly": 0,
            "eps_growth_yearly": 0
        },
        "20221": {
            "year_quarter": 20221,
            "year": 2022,
            "quarter": 1,
            "eps": -0.58,
            "eps_growth_year": null,
            "eps_4q": -2.26,
            "eps_4q_growth_year": null,
            "roe": -16.71,
            "roe_4q": -55.13000000000001,
            "gross_profit": 1708,
            "gross_margin": 2.16,
            "gross_margin_4q_avg": 6.16,
            "net_income": -24872,
            "net_income_4q": null,
            "revenue": 79151,
            "revenue_4q": null,
            "common_shares": 433687,
            "book_valuer_per_share": 3.22,
            "book_valuer_per_share_4q_avg": 4.11,
            "equity": 138038,
            "current_ratio": 155.57,
            "debt_ratio": 66.62,
            "inventory_turnover_ratio": 2.05,
            "account_receivable_turnover_ratio": 0.62,
            "reinvestment_rate": null,
            "research_to_sale_ratio": null,
            "price_fair": 0,
            "eps_avg_yearly": 0,
            "eps_latest_yearly": 0,
            "eps_growth_yearly": 0
        },
        "20222": {
            "year_quarter": 20222,
            "year": 2022,
            "quarter": 2,
            "eps": -2.62,
            "eps_growth_year": null,
            "eps_4q": -4.31,
            "eps_4q_growth_year": null,
            "roe": -136.75,
            "roe_4q": -180.93,
            "gross_profit": 3999,
            "gross_margin": 5.25,
            "gross_margin_4q_avg": 5.58,
            "net_income": -112409,
            "net_income_4q": null,
            "revenue": 76140,
            "revenue_4q": null,
            "common_shares": 433687,
            "book_valuer_per_share": 0.62,
            "book_valuer_per_share_4q_avg": 2.94,
            "equity": 26364,
            "current_ratio": 119.27,
            "debt_ratio": 92.2,
            "inventory_turnover_ratio": 2.35,
            "account_receivable_turnover_ratio": 0.58,
            "reinvestment_rate": null,
            "research_to_sale_ratio": null,
            "price_fair": 0,
            "eps_avg_yearly": 0,
            "eps_latest_yearly": 0,
            "eps_growth_yearly": 0
        }
    },
    "months": {
        "2010-01": {
            "month": "2010-01",
            "price": "21.75",
            "revenue": 6069
        },
        "2010-02": {
            "month": "2010-02",
            "price": "20.74",
            "revenue": 7368
        },
        "2010-03": {
            "month": "2010-03",
            "price": "19.23",
            "revenue": 31012
        },
        "2010-04": {
            "month": "2010-04",
            "price": "19.25",
            "revenue": 29673
        },
        "2010-05": {
            "month": "2010-05",
            "price": "19.40",
            "revenue": 19153
        },
        "2010-06": {
            "month": "2010-06",
            "price": "17.66",
            "revenue": 19154
        },
        "2010-07": {
            "month": "2010-07",
            "price": "16.71",
            "revenue": 15616
        },
        "2010-08": {
            "month": "2010-08",
            "price": "15.88",
            "revenue": 21857
        },
        "2010-09": {
            "month": "2010-09",
            "price": "14.85",
            "revenue": 39460
        },
        "2010-10": {
            "month": "2010-10",
            "price": "13.59",
            "revenue": 58715
        },
        "2010-11": {
            "month": "2010-11",
            "price": "12.60",
            "revenue": 104846
        },
        "2010-12": {
            "month": "2010-12",
            "price": "18.04",
            "revenue": 100149
        },
        "2011-01": {
            "month": "2011-01",
            "price": "17.85",
            "revenue": 96282
        },
        "2011-02": {
            "month": "2011-02",
            "price": "19.68",
            "revenue": 45776
        },
        "2011-03": {
            "month": "2011-03",
            "price": "23.35",
            "revenue": 94090
        },
        "2011-04": {
            "month": "2011-04",
            "price": "28.64",
            "revenue": 89695
        },
        "2011-05": {
            "month": "2011-05",
            "price": "31.33",
            "revenue": 133586
        },
        "2011-06": {
            "month": "2011-06",
            "price": "30.94",
            "revenue": 152785
        },
        "2011-07": {
            "month": "2011-07",
            "price": "31.91",
            "revenue": 106134
        },
        "2011-08": {
            "month": "2011-08",
            "price": "32.51",
            "revenue": 102669
        },
        "2011-09": {
            "month": "2011-09",
            "price": "33.68",
            "revenue": 102309
        },
        "2011-10": {
            "month": "2011-10",
            "price": "34.05",
            "revenue": 75358
        },
        "2011-11": {
            "month": "2011-11",
            "price": "41.15",
            "revenue": 54360
        },
        "2011-12": {
            "month": "2011-12",
            "price": "28.65",
            "revenue": 68047
        },
        "2012-01": {
            "month": "2012-01",
            "price": "28.91",
            "revenue": 40014
        },
        "2012-02": {
            "month": "2012-02",
            "price": "37.91",
            "revenue": 61970
        },
        "2012-03": {
            "month": "2012-03",
            "price": "39.94",
            "revenue": 117101
        },
        "2012-04": {
            "month": "2012-04",
            "price": "39.26",
            "revenue": 73217
        },
        "2012-05": {
            "month": "2012-05",
            "price": "30.58",
            "revenue": 82946
        },
        "2012-06": {
            "month": "2012-06",
            "price": "27.44",
            "revenue": 69946
        },
        "2012-07": {
            "month": "2012-07",
            "price": "26.41",
            "revenue": 62730
        },
        "2012-08": {
            "month": "2012-08",
            "price": "24.79",
            "revenue": 47327
        },
        "2012-09": {
            "month": "2012-09",
            "price": "24.34",
            "revenue": 65486
        },
        "2012-10": {
            "month": "2012-10",
            "price": "21.49",
            "revenue": 72531
        },
        "2012-11": {
            "month": "2012-11",
            "price": "17.69",
            "revenue": 85521
        },
        "2012-12": {
            "month": "2012-12",
            "price": "19.44",
            "revenue": 92865
        },
        "2013-01": {
            "month": "2013-01",
            "price": "19.84",
            "revenue": 80641
        },
        "2013-02": {
            "month": "2013-02",
            "price": "19.40",
            "revenue": 49074
        },
        "2013-03": {
            "month": "2013-03",
            "price": "19.93",
            "revenue": 74327
        },
        "2013-04": {
            "month": "2013-04",
            "price": "18.64",
            "revenue": 54603
        },
        "2013-05": {
            "month": "2013-05",
            "price": "19.75",
            "revenue": 54228
        },
        "2013-06": {
            "month": "2013-06",
            "price": "18.13",
            "revenue": 71214
        },
        "2013-07": {
            "month": "2013-07",
            "price": "17.14",
            "revenue": 56043
        },
        "2013-08": {
            "month": "2013-08",
            "price": "16.20",
            "revenue": 47313
        },
        "2013-09": {
            "month": "2013-09",
            "price": "15.48",
            "revenue": 50777
        },
        "2013-10": {
            "month": "2013-10",
            "price": "15.56",
            "revenue": 56446
        },
        "2013-11": {
            "month": "2013-11",
            "price": "15.73",
            "revenue": 55668
        },
        "2013-12": {
            "month": "2013-12",
            "price": "16.99",
            "revenue": 69039
        },
        "2014-01": {
            "month": "2014-01",
            "price": "19.00",
            "revenue": 36357
        },
        "2014-02": {
            "month": "2014-02",
            "price": "23.35",
            "revenue": 36096
        },
        "2014-03": {
            "month": "2014-03",
            "price": "24.41",
            "revenue": 56036
        },
        "2014-04": {
            "month": "2014-04",
            "price": "23.42",
            "revenue": 65709
        },
        "2014-05": {
            "month": "2014-05",
            "price": "22.39",
            "revenue": 67510
        },
        "2014-06": {
            "month": "2014-06",
            "price": "22.62",
            "revenue": 70790
        },
        "2014-07": {
            "month": "2014-07",
            "price": "24.70",
            "revenue": 73600
        },
        "2014-08": {
            "month": "2014-08",
            "price": "25.00",
            "revenue": 72265
        },
        "2014-09": {
            "month": "2014-09",
            "price": "25.23",
            "revenue": 86720
        },
        "2014-10": {
            "month": "2014-10",
            "price": "27.16",
            "revenue": 71609
        },
        "2014-11": {
            "month": "2014-11",
            "price": "29.58",
            "revenue": 71434
        },
        "2014-12": {
            "month": "2014-12",
            "price": "34.54",
            "revenue": 61416
        },
        "2015-01": {
            "month": "2015-01",
            "price": "36.24",
            "revenue": 55245
        },
        "2015-02": {
            "month": "2015-02",
            "price": "36.83",
            "revenue": 46214
        },
        "2015-03": {
            "month": "2015-03",
            "price": "40.22",
            "revenue": 71163
        },
        "2015-04": {
            "month": "2015-04",
            "price": "38.83",
            "revenue": 85742
        },
        "2015-05": {
            "month": "2015-05",
            "price": "34.66",
            "revenue": 82736
        },
        "2015-06": {
            "month": "2015-06",
            "price": "30.84",
            "revenue": 79311
        },
        "2015-07": {
            "month": "2015-07",
            "price": "27.13",
            "revenue": 51273
        },
        "2015-08": {
            "month": "2015-08",
            "price": "17.34",
            "revenue": 55699
        },
        "2015-09": {
            "month": "2015-09",
            "price": "17.89",
            "revenue": 81211
        },
        "2015-10": {
            "month": "2015-10",
            "price": "18.68",
            "revenue": 57794
        },
        "2015-11": {
            "month": "2015-11",
            "price": "18.81",
            "revenue": 43772
        },
        "2015-12": {
            "month": "2015-12",
            "price": "24.48",
            "revenue": 49018
        },
        "2016-01": {
            "month": "2016-01",
            "price": "31.42",
            "revenue": 36229
        },
        "2016-02": {
            "month": "2016-02",
            "price": "30.68",
            "revenue": 30024
        },
        "2016-03": {
            "month": "2016-03",
            "price": "27.12",
            "revenue": 38000
        },
        "2016-04": {
            "month": "2016-04",
            "price": "25.68",
            "revenue": 31867
        },
        "2016-05": {
            "month": "2016-05",
            "price": "26.53",
            "revenue": 31195
        },
        "2016-06": {
            "month": "2016-06",
            "price": "29.66",
            "revenue": 34904
        },
        "2016-07": {
            "month": "2016-07",
            "price": "27.43",
            "revenue": 31625
        },
        "2016-08": {
            "month": "2016-08",
            "price": "28.62",
            "revenue": 49540
        },
        "2016-09": {
            "month": "2016-09",
            "price": "28.81",
            "revenue": 55169
        },
        "2016-10": {
            "month": "2016-10",
            "price": "27.43",
            "revenue": 30970
        },
        "2016-11": {
            "month": "2016-11",
            "price": "26.55",
            "revenue": 30851
        },
        "2016-12": {
            "month": "2016-12",
            "price": "25.66",
            "revenue": 33164
        },
        "2017-01": {
            "month": "2017-01",
            "price": "25.27",
            "revenue": 27215
        },
        "2017-02": {
            "month": "2017-02",
            "price": "24.68",
            "revenue": 21298
        },
        "2017-03": {
            "month": "2017-03",
            "price": "25.28",
            "revenue": 35936
        },
        "2017-04": {
            "month": "2017-04",
            "price": "23.99",
            "revenue": 20726
        },
        "2017-05": {
            "month": "2017-05",
            "price": "20.80",
            "revenue": 21545
        },
        "2017-06": {
            "month": "2017-06",
            "price": "21.67",
            "revenue": 28096
        },
        "2017-07": {
            "month": "2017-07",
            "price": "20.47",
            "revenue": 18904
        },
        "2017-08": {
            "month": "2017-08",
            "price": "21.07",
            "revenue": 21810
        },
        "2017-09": {
            "month": "2017-09",
            "price": "19.82",
            "revenue": 22710
        },
        "2017-10": {
            "month": "2017-10",
            "price": "19.24",
            "revenue": 24278
        },
        "2017-11": {
            "month": "2017-11",
            "price": "19.78",
            "revenue": 18709
        },
        "2017-12": {
            "month": "2017-12",
            "price": "19.13",
            "revenue": 22688
        },
        "2018-01": {
            "month": "2018-01",
            "price": "18.36",
            "revenue": 38082
        },
        "2018-02": {
            "month": "2018-02",
            "price": "18.73",
            "revenue": 35241
        },
        "2018-03": {
            "month": "2018-03",
            "price": "19.34",
            "revenue": 27528
        },
        "2018-04": {
            "month": "2018-04",
            "price": "17.29",
            "revenue": 30049
        },
        "2018-05": {
            "month": "2018-05",
            "price": "16.37",
            "revenue": 14669
        },
        "2018-06": {
            "month": "2018-06",
            "price": "15.77",
            "revenue": 27668
        },
        "2018-07": {
            "month": "2018-07",
            "price": "18.36",
            "revenue": 14010
        },
        "2018-08": {
            "month": "2018-08",
            "price": "16.02",
            "revenue": 17688
        },
        "2018-09": {
            "month": "2018-09",
            "price": "16.89",
            "revenue": 20764
        },
        "2018-10": {
            "month": "2018-10",
            "price": "14.89",
            "revenue": 10160
        },
        "2018-11": {
            "month": "2018-11",
            "price": "14.05",
            "revenue": 9858
        },
        "2018-12": {
            "month": "2018-12",
            "price": "14.66",
            "revenue": 9108
        },
        "2019-01": {
            "month": "2019-01",
            "price": "14.60",
            "revenue": 21422
        },
        "2019-02": {
            "month": "2019-02",
            "price": "13.75",
            "revenue": 6239
        },
        "2019-03": {
            "month": "2019-03",
            "price": "14.24",
            "revenue": 32532
        },
        "2019-04": {
            "month": "2019-04",
            "price": "14.01",
            "revenue": 18505
        },
        "2019-05": {
            "month": "2019-05",
            "price": "12.79",
            "revenue": 16718
        },
        "2019-06": {
            "month": "2019-06",
            "price": "12.36",
            "revenue": 21113
        },
        "2019-07": {
            "month": "2019-07",
            "price": "12.28",
            "revenue": 17833
        },
        "2019-08": {
            "month": "2019-08",
            "price": "12.82",
            "revenue": 16447
        },
        "2019-09": {
            "month": "2019-09",
            "price": "15.16",
            "revenue": 40281
        },
        "2019-10": {
            "month": "2019-10",
            "price": "17.23",
            "revenue": 15501
        },
        "2019-11": {
            "month": "2019-11",
            "price": "19.01",
            "revenue": 51995
        },
        "2019-12": {
            "month": "2019-12",
            "price": "21.28",
            "revenue": 22274
        },
        "2020-01": {
            "month": "2020-01",
            "price": "20.58",
            "revenue": 14107
        },
        "2020-02": {
            "month": "2020-02",
            "price": "18.90",
            "revenue": 6799
        },
        "2020-03": {
            "month": "2020-03",
            "price": "17.13",
            "revenue": 17731
        },
        "2020-04": {
            "month": "2020-04",
            "price": "16.73",
            "revenue": 32937
        },
        "2020-05": {
            "month": "2020-05",
            "price": "17.02",
            "revenue": 35439
        },
        "2020-06": {
            "month": "2020-06",
            "price": "16.42",
            "revenue": 15310
        },
        "2020-07": {
            "month": "2020-07",
            "price": "17.23",
            "revenue": 21704
        },
        "2020-08": {
            "month": "2020-08",
            "price": "15.45",
            "revenue": 21403
        },
        "2020-09": {
            "month": "2020-09",
            "price": "15.14",
            "revenue": 31626
        },
        "2020-10": {
            "month": "2020-10",
            "price": "14.89",
            "revenue": 36154
        },
        "2020-11": {
            "month": "2020-11",
            "price": "14.88",
            "revenue": 33050
        },
        "2020-12": {
            "month": "2020-12",
            "price": "16.07",
            "revenue": 34963
        },
        "2021-01": {
            "month": "2021-01",
            "price": "15.25",
            "revenue": 33943
        },
        "2021-02": {
            "month": "2021-02",
            "price": "16.08",
            "revenue": 19928
        },
        "2021-03": {
            "month": "2021-03",
            "price": "15.40",
            "revenue": 24916
        },
        "2021-04": {
            "month": "2021-04",
            "price": "15.29",
            "revenue": 29298
        },
        "2021-05": {
            "month": "2021-05",
            "price": "13.50",
            "revenue": 19789
        },
        "2021-06": {
            "month": "2021-06",
            "price": "13.27",
            "revenue": 17732
        },
        "2021-07": {
            "month": "2021-07",
            "price": "12.58",
            "revenue": 26352
        },
        "2021-08": {
            "month": "2021-08",
            "price": "11.80",
            "revenue": 26729
        },
        "2021-09": {
            "month": "2021-09",
            "price": "10.68",
            "revenue": 23045
        },
        "2021-10": {
            "month": "2021-10",
            "price": "9.41",
            "revenue": 18467
        },
        "2021-11": {
            "month": "2021-11",
            "price": "10.01",
            "revenue": 25452
        },
        "2021-12": {
            "month": "2021-12",
            "price": "9.06",
            "revenue": 28090
        },
        "2022-01": {
            "month": "2022-01",
            "price": "8.87",
            "revenue": 30427
        },
        "2022-02": {
            "month": "2022-02",
            "price": "8.40",
            "revenue": 18692
        },
        "2022-03": {
            "month": "2022-03",
            "price": "7.81",
            "revenue": 30076
        },
        "2022-04": {
            "month": "2022-04",
            "price": "8.44",
            "revenue": 7686
        },
        "2022-05": {
            "month": "2022-05",
            "price": "8.28",
            "revenue": 33373
        },
        "2022-06": {
            "month": "2022-06",
            "price": "7.77",
            "revenue": 34877
        },
        "2022-07": {
            "month": "2022-07",
            "price": "6.52",
            "revenue": 30151
        },
        "2022-08": {
            "month": "2022-08",
            "price": "6.75",
            "revenue": 23035
        },
        "2022-09": {
            "month": "2022-09",
            "price": "6.31",
            "revenue": 15680
        },
        "2022-10": {
            "month": "2022-10",
            "price": "5.35",
            "revenue": 13693
        },
        "2022-11": {
            "month": "2022-11",
            "price": "3.96",
            "revenue": 10231
        }
    }
}
