{
    "summary": {
        "stock_name": "達邁",
        "stock_id": "3645",
        "category": "電子零組件",
        "main_business": "聚醯亞胺薄膜之製造與銷售<br>電子零組件製造業",
        "website_url": "http://www.taimide.com.tw",
        "ceo": "吳聲昌",
        "pe_ratio": -59,
        "report_year_from": 2008,
        "report_year_to": 2023,
        "age": 15,
        "eps_negative_percentage": 16,
        "eps_growth_avg": {
            "last_all": 12.79,
            "last_2y": 10.97,
            "last_4y": -1.06,
            "last_8y": 13.8,
            "last_12y": null,
            "last_16y": null,
            "last_20y": null,
            "at_2006_last_3y": null,
            "at_2007_last_3y": null,
            "at_2008_last_3y": null,
            "at_2009_last_3y": null,
            "at_2010_last_3y": null,
            "at_2011_last_3y": null,
            "at_2012_last_3y": null,
            "at_2013_last_3y": null,
            "at_2014_last_3y": 32.31,
            "at_2015_last_3y": -0.82,
            "at_2016_last_3y": 13.06,
            "at_2017_last_3y": 32.37,
            "at_2018_last_3y": 16.41,
            "at_2019_last_3y": 5.95,
            "at_2020_last_3y": 23.83,
            "at_2021_last_3y": 11.45,
            "at_2022_last_3y": -10.36,
            "at_2023_last_3y": -10.36,
            "at_2006_last_all": null,
            "at_2007_last_all": null,
            "at_2008_last_all": null,
            "at_2009_last_all": null,
            "at_2010_last_all": null,
            "at_2011_last_all": null,
            "at_2012_last_all": 36.47,
            "at_2013_last_all": 9.75,
            "at_2014_last_all": 32.31,
            "at_2015_last_all": 19.35,
            "at_2016_last_all": 20.87,
            "at_2017_last_all": 22.67,
            "at_2018_last_all": 24.36,
            "at_2019_last_all": 13.39,
            "at_2020_last_all": 22.05,
            "at_2021_last_all": 18.59,
            "at_2022_last_all": 12.79,
            "at_2023_last_all": 12.79
        },
        "latest_eps": -0.57,
        "latest_price": 33.45,
        "latest_roe": -2.96,
        "latest_gross_margin": -3.56,
        "latest_equity": 2930756,
        "latest_revenue": 286642,
        "latest_gross_profit": -10197,
        "latest_net_income": -105911,
        "latest_debt_ratio": 41.3,
        "latest_current_ratio": 226.7,
        "latest_account_receivable_turnover_ratio": 1.11,
        "latest_inventory_turnover_ratio": 0.48,
        "latest_reinvestment_rate": 75.08,
        "latest_research_to_sale_ratio": 17.92
    },
    "eps_dividends": {
        "2001": {
            "cash": 0,
            "stock": 0,
            "eps": 0
        },
        "2002": {
            "cash": 0,
            "stock": 0,
            "eps": 0
        },
        "2003": {
            "cash": 0,
            "stock": 0,
            "eps": 0
        },
        "2004": {
            "cash": 0,
            "stock": 0,
            "eps": 0
        },
        "2005": {
            "cash": 0,
            "stock": 0,
            "eps": 0
        },
        "2006": {
            "cash": 0,
            "stock": 0,
            "eps": 0
        },
        "2007": {
            "cash": 0,
            "stock": 0,
            "eps": 0
        },
        "2008": {
            "cash": 0,
            "stock": 0,
            "eps": 0
        },
        "2009": {
            "cash": 0,
            "stock": 0,
            "eps": 0
        },
        "2010": {
            "cash": 0,
            "stock": 0,
            "eps": 0.86
        },
        "2011": {
            "cash": 2,
            "stock": 1,
            "eps": 2.07
        },
        "2012": {
            "cash": 0,
            "stock": 0,
            "eps": 1.51
        },
        "2013": {
            "cash": 1,
            "stock": 0,
            "eps": 0.85
        },
        "2014": {
            "cash": 1,
            "stock": 0,
            "eps": 2.03
        },
        "2015": {
            "cash": 2,
            "stock": 0,
            "eps": 1.37
        },
        "2016": {
            "cash": 1,
            "stock": 1,
            "eps": 1.76
        },
        "2017": {
            "cash": 1,
            "stock": 0,
            "eps": 2.35
        },
        "2018": {
            "cash": 2,
            "stock": 0,
            "eps": 3.2
        },
        "2019": {
            "cash": 2,
            "stock": 1,
            "eps": 0.82
        },
        "2020": {
            "cash": 1,
            "stock": 0,
            "eps": 2.75
        },
        "2021": {
            "cash": 2,
            "stock": 0,
            "eps": 2.31
        },
        "2022": {
            "cash": 1,
            "stock": 0,
            "eps": 1.13
        },
        "2023": {
            "cash": 1,
            "stock": 0,
            "eps": -0.78
        }
    },
    "dividends": {
        "2011-01-01": {
            "cash": 1.2,
            "stock": 0
        },
        "2011-03-29": {
            "cash": 0.7,
            "stock": 0.5
        },
        "2013-03-22": {
            "cash": 1,
            "stock": 0
        },
        "2014-06-26": {
            "cash": 0.5,
            "stock": 0
        },
        "2015-08-28": {
            "cash": 1.5,
            "stock": 0
        },
        "2016-09-29": {
            "cash": 0.5,
            "stock": 0.5
        },
        "2017-08-09": {
            "cash": 1.2,
            "stock": 0
        },
        "2018-08-17": {
            "cash": 1.5,
            "stock": 0
        },
        "2019-08-27": {
            "cash": 1.5,
            "stock": 0.5
        },
        "2020-08-14": {
            "cash": 0.5,
            "stock": 0
        },
        "2021-09-13": {
            "cash": 1.5,
            "stock": 0
        },
        "2022-08-23": {
            "cash": 1.2,
            "stock": 0
        },
        "2023-03-09": {
            "cash": 0.6,
            "stock": 0
        }
    },
    "prices": {
        "200101": "無",
        "200102": "無",
        "200103": "無",
        "200104": "無",
        "200105": "無",
        "200106": "無",
        "200107": "無",
        "200108": "無",
        "200109": "無",
        "200110": "無",
        "200111": "無",
        "200112": "無",
        "200201": "無",
        "200202": "無",
        "200203": "無",
        "200204": "無",
        "200205": "無",
        "200206": "無",
        "200207": "無",
        "200208": "無",
        "200209": "無",
        "200210": "無",
        "200211": "無",
        "200212": "無",
        "200301": "無",
        "200302": "無",
        "200303": "無",
        "200304": "無",
        "200305": "無",
        "200306": "無",
        "200307": "無",
        "200308": "無",
        "200309": "無",
        "200310": "無",
        "200311": "無",
        "200312": "無",
        "200401": "無",
        "200402": "無",
        "200403": "無",
        "200404": "無",
        "200405": "無",
        "200406": "無",
        "200407": "無",
        "200408": "無",
        "200409": "無",
        "200410": "無",
        "200411": "無",
        "200412": "無",
        "200501": "無",
        "200502": "無",
        "200503": "無",
        "200504": "無",
        "200505": "無",
        "200506": "無",
        "200507": "無",
        "200508": "無",
        "200509": "無",
        "200510": "無",
        "200511": "無",
        "200512": "無",
        "200601": "無",
        "200602": "無",
        "200603": "無",
        "200604": "無",
        "200605": "無",
        "200606": "無",
        "200607": "無",
        "200608": "無",
        "200609": "無",
        "200610": "無",
        "200611": "無",
        "200612": "無",
        "200701": "無",
        "200702": "無",
        "200703": "無",
        "200704": "無",
        "200705": "無",
        "200706": "無",
        "200707": "無",
        "200708": "無",
        "200709": "無",
        "200710": "無",
        "200711": "無",
        "200712": "無",
        "200801": "無",
        "200802": "無",
        "200803": "無",
        "200804": "無",
        "200805": "無",
        "200806": "無",
        "200807": "無",
        "200808": "無",
        "200809": "無",
        "200810": "無",
        "200811": "無",
        "200812": "無",
        "200901": "無",
        "200902": "無",
        "200903": "無",
        "200904": "無",
        "200905": "無",
        "200906": "無",
        "200907": "無",
        "200908": "無",
        "200909": "無",
        "200910": "無",
        "200911": "無",
        "200912": "無",
        "201001": "無",
        "201002": "無",
        "201003": "無",
        "201004": "無",
        "201005": "無",
        "201006": "無",
        "201007": "無",
        "201008": "無",
        "201009": "47.37",
        "201010": "41.07",
        "201011": "36.05",
        "201012": "41.91",
        "201101": "41.18",
        "201102": "45.90",
        "201103": "44.92",
        "201104": "50.85",
        "201105": "50.97",
        "201106": "50.65",
        "201107": "49.01",
        "201108": "47.10",
        "201109": "42.59",
        "201110": "32.99",
        "201111": "28.37",
        "201112": "21.32",
        "201201": "24.34",
        "201202": "36.93",
        "201203": "48.47",
        "201204": "43.43",
        "201205": "38.86",
        "201206": "40.78",
        "201207": "43.41",
        "201208": "44.90",
        "201209": "40.47",
        "201210": "34.58",
        "201211": "32.00",
        "201212": "34.70",
        "201301": "31.43",
        "201302": "29.14",
        "201303": "30.02",
        "201304": "28.21",
        "201305": "30.22",
        "201306": "29.99",
        "201307": "28.00",
        "201308": "30.10",
        "201309": "29.27",
        "201310": "25.25",
        "201311": "22.02",
        "201312": "24.69",
        "201401": "26.61",
        "201402": "28.49",
        "201403": "32.93",
        "201404": "33.55",
        "201405": "31.58",
        "201406": "41.74",
        "201407": "44.94",
        "201408": "39.49",
        "201409": "43.34",
        "201410": "42.67",
        "201411": "43.38",
        "201412": "44.36",
        "201501": "44.58",
        "201502": "45.35",
        "201503": "51.73",
        "201504": "50.08",
        "201505": "40.97",
        "201506": "40.26",
        "201507": "41.27",
        "201508": "36.83",
        "201509": "31.55",
        "201510": "29.13",
        "201511": "28.86",
        "201512": "25.54",
        "201601": "23.58",
        "201602": "26.50",
        "201603": "28.71",
        "201604": "27.07",
        "201605": "25.75",
        "201606": "28.69",
        "201607": "30.91",
        "201608": "30.56",
        "201609": "30.74",
        "201610": "31.84",
        "201611": "33.19",
        "201612": "32.98",
        "201701": "32.70",
        "201702": "38.58",
        "201703": "43.98",
        "201704": "47.03",
        "201705": "49.95",
        "201706": "43.86",
        "201707": "39.58",
        "201708": "44.16",
        "201709": "40.16",
        "201710": "41.61",
        "201711": "50.83",
        "201712": "74.90",
        "201801": "85.81",
        "201802": "74.82",
        "201803": "77.49",
        "201804": "76.72",
        "201805": "72.85",
        "201806": "82.32",
        "201807": "72.70",
        "201808": "70.83",
        "201809": "60.88",
        "201810": "48.24",
        "201811": "48.90",
        "201812": "46.99",
        "201901": "45.76",
        "201902": "56.34",
        "201903": "58.87",
        "201904": "57.90",
        "201905": "49.35",
        "201906": "48.23",
        "201907": "51.16",
        "201908": "45.79",
        "201909": "48.86",
        "201910": "51.71",
        "201911": "48.07",
        "201912": "49.13",
        "202001": "49.14",
        "202002": "42.12",
        "202003": "33.06",
        "202004": "33.49",
        "202005": "39.70",
        "202006": "39.24",
        "202007": "41.24",
        "202008": "56.73",
        "202009": "63.51",
        "202010": "57.85",
        "202011": "57.28",
        "202012": "55.57",
        "202101": "51.88",
        "202102": "51.17",
        "202103": "56.19",
        "202104": "57.46",
        "202105": "45.68",
        "202106": "48.48",
        "202107": "51.71",
        "202108": "45.23",
        "202109": "42.26",
        "202110": "40.05",
        "202111": "42.31",
        "202112": "42.30",
        "202201": "42.85",
        "202202": "45.39",
        "202203": "50.59",
        "202204": "57.01",
        "202205": "51.48",
        "202206": "56.27",
        "202207": "40.09",
        "202208": "38.88",
        "202209": "36.45",
        "202210": "31.10",
        "202211": "31.46",
        "202212": "33.37",
        "202301": "31.98",
        "202302": "34.02",
        "202303": "34.14",
        "202304": "34.36",
        "202305": "33.55"
    },
    "quarters": {
        "20011": {
            "year_quarter": 20011,
            "year": 2001,
            "quarter": 1,
            "eps": null,
            "eps_growth_year": null,
            "eps_4q": null,
            "eps_4q_growth_year": null,
            "roe": null,
            "gross_profit": null,
            "gross_margin": null,
            "net_income": null,
            "revenue": null,
            "common_shares": null,
            "equity": null,
            "current_ratio": null,
            "debt_ratio": null,
            "inventory_turnover_ratio": null,
            "account_receivable_turnover_ratio": null,
            "reinvestment_rate": null,
            "research_to_sale_ratio": null,
            "price_fair": 0,
            "eps_avg_yearly": 0,
            "eps_latest_yearly": 0,
            "eps_growth_yearly": 0
        },
        "20012": {
            "year_quarter": 20012,
            "year": 2001,
            "quarter": 2,
            "eps": null,
            "eps_growth_year": null,
            "eps_4q": null,
            "eps_4q_growth_year": null,
            "roe": null,
            "gross_profit": null,
            "gross_margin": null,
            "net_income": null,
            "revenue": null,
            "common_shares": null,
            "equity": null,
            "current_ratio": null,
            "debt_ratio": null,
            "inventory_turnover_ratio": null,
            "account_receivable_turnover_ratio": null,
            "reinvestment_rate": null,
            "research_to_sale_ratio": null,
            "price_fair": 0,
            "eps_avg_yearly": 0,
            "eps_latest_yearly": 0,
            "eps_growth_yearly": 0
        },
        "20013": {
            "year_quarter": 20013,
            "year": 2001,
            "quarter": 3,
            "eps": null,
            "eps_growth_year": null,
            "eps_4q": null,
            "eps_4q_growth_year": null,
            "roe": null,
            "gross_profit": null,
            "gross_margin": null,
            "net_income": null,
            "revenue": null,
            "common_shares": null,
            "equity": null,
            "current_ratio": null,
            "debt_ratio": null,
            "inventory_turnover_ratio": null,
            "account_receivable_turnover_ratio": null,
            "reinvestment_rate": null,
            "research_to_sale_ratio": null,
            "price_fair": 0,
            "eps_avg_yearly": 0,
            "eps_latest_yearly": 0,
            "eps_growth_yearly": 0
        },
        "20014": {
            "year_quarter": 20014,
            "year": 2001,
            "quarter": 4,
            "eps": null,
            "eps_growth_year": null,
            "eps_4q": null,
            "eps_4q_growth_year": null,
            "roe": null,
            "gross_profit": null,
            "gross_margin": null,
            "net_income": null,
            "revenue": null,
            "common_shares": null,
            "equity": null,
            "current_ratio": null,
            "debt_ratio": null,
            "inventory_turnover_ratio": null,
            "account_receivable_turnover_ratio": null,
            "reinvestment_rate": null,
            "research_to_sale_ratio": null,
            "price_fair": 0,
            "eps_avg_yearly": 0,
            "eps_latest_yearly": 0,
            "eps_growth_yearly": 0
        },
        "20021": {
            "year_quarter": 20021,
            "year": 2002,
            "quarter": 1,
            "eps": null,
            "eps_growth_year": null,
            "eps_4q": null,
            "eps_4q_growth_year": null,
            "roe": null,
            "gross_profit": null,
            "gross_margin": null,
            "net_income": null,
            "revenue": null,
            "common_shares": null,
            "equity": null,
            "current_ratio": null,
            "debt_ratio": null,
            "inventory_turnover_ratio": null,
            "account_receivable_turnover_ratio": null,
            "reinvestment_rate": null,
            "research_to_sale_ratio": null,
            "price_fair": 0,
            "eps_avg_yearly": 0,
            "eps_latest_yearly": 0,
            "eps_growth_yearly": 0
        },
        "20022": {
            "year_quarter": 20022,
            "year": 2002,
            "quarter": 2,
            "eps": null,
            "eps_growth_year": null,
            "eps_4q": null,
            "eps_4q_growth_year": null,
            "roe": null,
            "gross_profit": null,
            "gross_margin": null,
            "net_income": null,
            "revenue": null,
            "common_shares": null,
            "equity": null,
            "current_ratio": null,
            "debt_ratio": null,
            "inventory_turnover_ratio": null,
            "account_receivable_turnover_ratio": null,
            "reinvestment_rate": null,
            "research_to_sale_ratio": null,
            "price_fair": 0,
            "eps_avg_yearly": 0,
            "eps_latest_yearly": 0,
            "eps_growth_yearly": 0
        },
        "20023": {
            "year_quarter": 20023,
            "year": 2002,
            "quarter": 3,
            "eps": null,
            "eps_growth_year": null,
            "eps_4q": null,
            "eps_4q_growth_year": null,
            "roe": null,
            "gross_profit": null,
            "gross_margin": null,
            "net_income": null,
            "revenue": null,
            "common_shares": null,
            "equity": null,
            "current_ratio": null,
            "debt_ratio": null,
            "inventory_turnover_ratio": null,
            "account_receivable_turnover_ratio": null,
            "reinvestment_rate": null,
            "research_to_sale_ratio": null,
            "price_fair": 0,
            "eps_avg_yearly": 0,
            "eps_latest_yearly": 0,
            "eps_growth_yearly": 0
        },
        "20024": {
            "year_quarter": 20024,
            "year": 2002,
            "quarter": 4,
            "eps": null,
            "eps_growth_year": null,
            "eps_4q": null,
            "eps_4q_growth_year": null,
            "roe": null,
            "gross_profit": null,
            "gross_margin": null,
            "net_income": null,
            "revenue": null,
            "common_shares": null,
            "equity": null,
            "current_ratio": null,
            "debt_ratio": null,
            "inventory_turnover_ratio": null,
            "account_receivable_turnover_ratio": null,
            "reinvestment_rate": null,
            "research_to_sale_ratio": null,
            "price_fair": 0,
            "eps_avg_yearly": 0,
            "eps_latest_yearly": 0,
            "eps_growth_yearly": 0
        },
        "20031": {
            "year_quarter": 20031,
            "year": 2003,
            "quarter": 1,
            "eps": null,
            "eps_growth_year": null,
            "eps_4q": null,
            "eps_4q_growth_year": null,
            "roe": null,
            "gross_profit": null,
            "gross_margin": null,
            "net_income": null,
            "revenue": null,
            "common_shares": null,
            "equity": null,
            "current_ratio": null,
            "debt_ratio": null,
            "inventory_turnover_ratio": null,
            "account_receivable_turnover_ratio": null,
            "reinvestment_rate": null,
            "research_to_sale_ratio": null,
            "price_fair": 0,
            "eps_avg_yearly": 0,
            "eps_latest_yearly": 0,
            "eps_growth_yearly": 0
        },
        "20032": {
            "year_quarter": 20032,
            "year": 2003,
            "quarter": 2,
            "eps": null,
            "eps_growth_year": null,
            "eps_4q": null,
            "eps_4q_growth_year": null,
            "roe": null,
            "gross_profit": null,
            "gross_margin": null,
            "net_income": null,
            "revenue": null,
            "common_shares": null,
            "equity": null,
            "current_ratio": null,
            "debt_ratio": null,
            "inventory_turnover_ratio": null,
            "account_receivable_turnover_ratio": null,
            "reinvestment_rate": null,
            "research_to_sale_ratio": null,
            "price_fair": 0,
            "eps_avg_yearly": 0,
            "eps_latest_yearly": 0,
            "eps_growth_yearly": 0
        },
        "20033": {
            "year_quarter": 20033,
            "year": 2003,
            "quarter": 3,
            "eps": null,
            "eps_growth_year": null,
            "eps_4q": null,
            "eps_4q_growth_year": null,
            "roe": null,
            "gross_profit": null,
            "gross_margin": null,
            "net_income": null,
            "revenue": null,
            "common_shares": null,
            "equity": null,
            "current_ratio": null,
            "debt_ratio": null,
            "inventory_turnover_ratio": null,
            "account_receivable_turnover_ratio": null,
            "reinvestment_rate": null,
            "research_to_sale_ratio": null,
            "price_fair": 0,
            "eps_avg_yearly": 0,
            "eps_latest_yearly": 0,
            "eps_growth_yearly": 0
        },
        "20034": {
            "year_quarter": 20034,
            "year": 2003,
            "quarter": 4,
            "eps": null,
            "eps_growth_year": null,
            "eps_4q": null,
            "eps_4q_growth_year": null,
            "roe": null,
            "gross_profit": null,
            "gross_margin": null,
            "net_income": null,
            "revenue": null,
            "common_shares": 520000,
            "equity": 309781,
            "current_ratio": 178.98,
            "debt_ratio": 45.6,
            "inventory_turnover_ratio": null,
            "account_receivable_turnover_ratio": null,
            "reinvestment_rate": null,
            "research_to_sale_ratio": null,
            "price_fair": 0,
            "eps_avg_yearly": 0,
            "eps_latest_yearly": 0,
            "eps_growth_yearly": 0
        },
        "20041": {
            "year_quarter": 20041,
            "year": 2004,
            "quarter": 1,
            "eps": null,
            "eps_growth_year": null,
            "eps_4q": null,
            "eps_4q_growth_year": null,
            "roe": null,
            "gross_profit": null,
            "gross_margin": null,
            "net_income": null,
            "revenue": null,
            "common_shares": null,
            "equity": null,
            "current_ratio": null,
            "debt_ratio": null,
            "inventory_turnover_ratio": null,
            "account_receivable_turnover_ratio": null,
            "reinvestment_rate": null,
            "research_to_sale_ratio": null,
            "price_fair": 0,
            "eps_avg_yearly": 0,
            "eps_latest_yearly": 0,
            "eps_growth_yearly": 0
        },
        "20042": {
            "year_quarter": 20042,
            "year": 2004,
            "quarter": 2,
            "eps": null,
            "eps_growth_year": null,
            "eps_4q": null,
            "eps_4q_growth_year": null,
            "roe": null,
            "gross_profit": null,
            "gross_margin": null,
            "net_income": null,
            "revenue": null,
            "common_shares": null,
            "equity": null,
            "current_ratio": null,
            "debt_ratio": null,
            "inventory_turnover_ratio": null,
            "account_receivable_turnover_ratio": null,
            "reinvestment_rate": null,
            "research_to_sale_ratio": null,
            "price_fair": 0,
            "eps_avg_yearly": 0,
            "eps_latest_yearly": 0,
            "eps_growth_yearly": 0
        },
        "20043": {
            "year_quarter": 20043,
            "year": 2004,
            "quarter": 3,
            "eps": null,
            "eps_growth_year": null,
            "eps_4q": null,
            "eps_4q_growth_year": null,
            "roe": null,
            "gross_profit": null,
            "gross_margin": null,
            "net_income": null,
            "revenue": null,
            "common_shares": null,
            "equity": null,
            "current_ratio": null,
            "debt_ratio": null,
            "inventory_turnover_ratio": null,
            "account_receivable_turnover_ratio": null,
            "reinvestment_rate": null,
            "research_to_sale_ratio": null,
            "price_fair": 0,
            "eps_avg_yearly": 0,
            "eps_latest_yearly": 0,
            "eps_growth_yearly": 0
        },
        "20044": {
            "year_quarter": 20044,
            "year": 2004,
            "quarter": 4,
            "eps": null,
            "eps_growth_year": null,
            "eps_4q": null,
            "eps_4q_growth_year": null,
            "roe": null,
            "gross_profit": null,
            "gross_margin": null,
            "net_income": null,
            "revenue": null,
            "common_shares": 820000,
            "equity": 880257,
            "current_ratio": 569.77,
            "debt_ratio": 23.03,
            "inventory_turnover_ratio": null,
            "account_receivable_turnover_ratio": null,
            "reinvestment_rate": null,
            "research_to_sale_ratio": null,
            "price_fair": 0,
            "eps_avg_yearly": 0,
            "eps_latest_yearly": 0,
            "eps_growth_yearly": 0
        },
        "20051": {
            "year_quarter": 20051,
            "year": 2005,
            "quarter": 1,
            "eps": null,
            "eps_growth_year": null,
            "eps_4q": null,
            "eps_4q_growth_year": null,
            "roe": null,
            "gross_profit": null,
            "gross_margin": null,
            "net_income": null,
            "revenue": null,
            "common_shares": null,
            "equity": null,
            "current_ratio": null,
            "debt_ratio": null,
            "inventory_turnover_ratio": null,
            "account_receivable_turnover_ratio": null,
            "reinvestment_rate": null,
            "research_to_sale_ratio": null,
            "price_fair": 0,
            "eps_avg_yearly": 0,
            "eps_latest_yearly": 0,
            "eps_growth_yearly": 0
        },
        "20052": {
            "year_quarter": 20052,
            "year": 2005,
            "quarter": 2,
            "eps": null,
            "eps_growth_year": null,
            "eps_4q": null,
            "eps_4q_growth_year": null,
            "roe": null,
            "gross_profit": null,
            "gross_margin": null,
            "net_income": null,
            "revenue": null,
            "common_shares": null,
            "equity": null,
            "current_ratio": null,
            "debt_ratio": null,
            "inventory_turnover_ratio": null,
            "account_receivable_turnover_ratio": null,
            "reinvestment_rate": null,
            "research_to_sale_ratio": null,
            "price_fair": 0,
            "eps_avg_yearly": 0,
            "eps_latest_yearly": 0,
            "eps_growth_yearly": 0
        },
        "20053": {
            "year_quarter": 20053,
            "year": 2005,
            "quarter": 3,
            "eps": null,
            "eps_growth_year": null,
            "eps_4q": null,
            "eps_4q_growth_year": null,
            "roe": null,
            "gross_profit": null,
            "gross_margin": null,
            "net_income": null,
            "revenue": null,
            "common_shares": null,
            "equity": null,
            "current_ratio": null,
            "debt_ratio": null,
            "inventory_turnover_ratio": null,
            "account_receivable_turnover_ratio": null,
            "reinvestment_rate": null,
            "research_to_sale_ratio": null,
            "price_fair": 0,
            "eps_avg_yearly": 0,
            "eps_latest_yearly": 0,
            "eps_growth_yearly": 0
        },
        "20054": {
            "year_quarter": 20054,
            "year": 2005,
            "quarter": 4,
            "eps": null,
            "eps_growth_year": null,
            "eps_4q": null,
            "eps_4q_growth_year": null,
            "roe": null,
            "gross_profit": null,
            "gross_margin": null,
            "net_income": null,
            "revenue": null,
            "common_shares": 820000,
            "equity": 819166,
            "current_ratio": 139.26,
            "debt_ratio": 38.51,
            "inventory_turnover_ratio": null,
            "account_receivable_turnover_ratio": null,
            "reinvestment_rate": null,
            "research_to_sale_ratio": null,
            "price_fair": 0,
            "eps_avg_yearly": 0,
            "eps_latest_yearly": 0,
            "eps_growth_yearly": 0
        },
        "20061": {
            "year_quarter": 20061,
            "year": 2006,
            "quarter": 1,
            "eps": null,
            "eps_growth_year": null,
            "eps_4q": null,
            "eps_4q_growth_year": null,
            "roe": null,
            "gross_profit": null,
            "gross_margin": null,
            "net_income": null,
            "revenue": null,
            "common_shares": null,
            "equity": null,
            "current_ratio": null,
            "debt_ratio": null,
            "inventory_turnover_ratio": null,
            "account_receivable_turnover_ratio": null,
            "reinvestment_rate": null,
            "research_to_sale_ratio": null,
            "price_fair": 0,
            "eps_avg_yearly": 0,
            "eps_latest_yearly": 0,
            "eps_growth_yearly": 0
        },
        "20062": {
            "year_quarter": 20062,
            "year": 2006,
            "quarter": 2,
            "eps": null,
            "eps_growth_year": null,
            "eps_4q": null,
            "eps_4q_growth_year": null,
            "roe": null,
            "gross_profit": null,
            "gross_margin": null,
            "net_income": null,
            "revenue": null,
            "common_shares": null,
            "equity": null,
            "current_ratio": null,
            "debt_ratio": null,
            "inventory_turnover_ratio": null,
            "account_receivable_turnover_ratio": null,
            "reinvestment_rate": null,
            "research_to_sale_ratio": null,
            "price_fair": 0,
            "eps_avg_yearly": 0,
            "eps_latest_yearly": 0,
            "eps_growth_yearly": 0
        },
        "20063": {
            "year_quarter": 20063,
            "year": 2006,
            "quarter": 3,
            "eps": null,
            "eps_growth_year": null,
            "eps_4q": null,
            "eps_4q_growth_year": null,
            "roe": null,
            "gross_profit": null,
            "gross_margin": null,
            "net_income": null,
            "revenue": null,
            "common_shares": null,
            "equity": null,
            "current_ratio": null,
            "debt_ratio": null,
            "inventory_turnover_ratio": null,
            "account_receivable_turnover_ratio": null,
            "reinvestment_rate": null,
            "research_to_sale_ratio": null,
            "price_fair": 0,
            "eps_avg_yearly": 0,
            "eps_latest_yearly": 0,
            "eps_growth_yearly": 0
        },
        "20064": {
            "year_quarter": 20064,
            "year": 2006,
            "quarter": 4,
            "eps": null,
            "eps_growth_year": null,
            "eps_4q": null,
            "eps_4q_growth_year": null,
            "roe": null,
            "gross_profit": null,
            "gross_margin": null,
            "net_income": null,
            "revenue": null,
            "common_shares": 820000,
            "equity": 706126,
            "current_ratio": 150.91,
            "debt_ratio": 39.4,
            "inventory_turnover_ratio": null,
            "account_receivable_turnover_ratio": null,
            "reinvestment_rate": null,
            "research_to_sale_ratio": null,
            "price_fair": 0,
            "eps_avg_yearly": 0,
            "eps_latest_yearly": 0,
            "eps_growth_yearly": 0
        },
        "20071": {
            "year_quarter": 20071,
            "year": 2007,
            "quarter": 1,
            "eps": null,
            "eps_growth_year": null,
            "eps_4q": null,
            "eps_4q_growth_year": null,
            "roe": null,
            "gross_profit": null,
            "gross_margin": null,
            "net_income": null,
            "revenue": null,
            "common_shares": null,
            "equity": null,
            "current_ratio": null,
            "debt_ratio": null,
            "inventory_turnover_ratio": null,
            "account_receivable_turnover_ratio": null,
            "reinvestment_rate": null,
            "research_to_sale_ratio": null,
            "price_fair": 0,
            "eps_avg_yearly": 0,
            "eps_latest_yearly": 0,
            "eps_growth_yearly": 0
        },
        "20072": {
            "year_quarter": 20072,
            "year": 2007,
            "quarter": 2,
            "eps": null,
            "eps_growth_year": null,
            "eps_4q": null,
            "eps_4q_growth_year": null,
            "roe": null,
            "gross_profit": null,
            "gross_margin": null,
            "net_income": null,
            "revenue": null,
            "common_shares": null,
            "equity": null,
            "current_ratio": null,
            "debt_ratio": null,
            "inventory_turnover_ratio": null,
            "account_receivable_turnover_ratio": null,
            "reinvestment_rate": null,
            "research_to_sale_ratio": null,
            "price_fair": 0,
            "eps_avg_yearly": 0,
            "eps_latest_yearly": 0,
            "eps_growth_yearly": 0
        },
        "20073": {
            "year_quarter": 20073,
            "year": 2007,
            "quarter": 3,
            "eps": null,
            "eps_growth_year": null,
            "eps_4q": null,
            "eps_4q_growth_year": null,
            "roe": null,
            "gross_profit": null,
            "gross_margin": null,
            "net_income": null,
            "revenue": null,
            "common_shares": null,
            "equity": null,
            "current_ratio": null,
            "debt_ratio": null,
            "inventory_turnover_ratio": null,
            "account_receivable_turnover_ratio": null,
            "reinvestment_rate": null,
            "research_to_sale_ratio": null,
            "price_fair": 0,
            "eps_avg_yearly": 0,
            "eps_latest_yearly": 0,
            "eps_growth_yearly": 0
        },
        "20074": {
            "year_quarter": 20074,
            "year": 2007,
            "quarter": 4,
            "eps": null,
            "eps_growth_year": null,
            "eps_4q": null,
            "eps_4q_growth_year": null,
            "roe": null,
            "gross_profit": null,
            "gross_margin": null,
            "net_income": null,
            "revenue": null,
            "common_shares": 880000,
            "equity": 799821,
            "current_ratio": 146.42,
            "debt_ratio": 35.38,
            "inventory_turnover_ratio": null,
            "account_receivable_turnover_ratio": null,
            "reinvestment_rate": null,
            "research_to_sale_ratio": null,
            "price_fair": 0,
            "eps_avg_yearly": 0,
            "eps_latest_yearly": 0,
            "eps_growth_yearly": 0
        },
        "20081": {
            "year_quarter": 20081,
            "year": 2008,
            "quarter": 1,
            "eps": null,
            "eps_growth_year": null,
            "eps_4q": null,
            "eps_4q_growth_year": null,
            "roe": null,
            "gross_profit": null,
            "gross_margin": null,
            "net_income": null,
            "revenue": null,
            "common_shares": null,
            "equity": null,
            "current_ratio": null,
            "debt_ratio": null,
            "inventory_turnover_ratio": null,
            "account_receivable_turnover_ratio": null,
            "reinvestment_rate": null,
            "research_to_sale_ratio": null,
            "price_fair": 0,
            "eps_avg_yearly": 0,
            "eps_latest_yearly": 0,
            "eps_growth_yearly": 0
        },
        "20082": {
            "year_quarter": 20082,
            "year": 2008,
            "quarter": 2,
            "eps": null,
            "eps_growth_year": null,
            "eps_4q": null,
            "eps_4q_growth_year": null,
            "roe": null,
            "gross_profit": null,
            "gross_margin": null,
            "net_income": null,
            "revenue": null,
            "common_shares": null,
            "equity": null,
            "current_ratio": null,
            "debt_ratio": null,
            "inventory_turnover_ratio": null,
            "account_receivable_turnover_ratio": null,
            "reinvestment_rate": null,
            "research_to_sale_ratio": null,
            "price_fair": 0,
            "eps_avg_yearly": 0,
            "eps_latest_yearly": 0,
            "eps_growth_yearly": 0
        },
        "20083": {
            "year_quarter": 20083,
            "year": 2008,
            "quarter": 3,
            "eps": null,
            "eps_growth_year": null,
            "eps_4q": null,
            "eps_4q_growth_year": null,
            "roe": null,
            "gross_profit": null,
            "gross_margin": null,
            "net_income": null,
            "revenue": null,
            "common_shares": null,
            "equity": null,
            "current_ratio": null,
            "debt_ratio": null,
            "inventory_turnover_ratio": null,
            "account_receivable_turnover_ratio": null,
            "reinvestment_rate": null,
            "research_to_sale_ratio": null,
            "price_fair": 0,
            "eps_avg_yearly": 0,
            "eps_latest_yearly": 0,
            "eps_growth_yearly": 0
        },
        "20084": {
            "year_quarter": 20084,
            "year": 2008,
            "quarter": 4,
            "eps": null,
            "eps_growth_year": null,
            "eps_4q": null,
            "eps_4q_growth_year": null,
            "roe": null,
            "gross_profit": null,
            "gross_margin": null,
            "net_income": null,
            "revenue": null,
            "common_shares": 904000,
            "equity": 781730,
            "current_ratio": 121.75,
            "debt_ratio": 34.27,
            "inventory_turnover_ratio": null,
            "account_receivable_turnover_ratio": null,
            "reinvestment_rate": null,
            "research_to_sale_ratio": null,
            "price_fair": 0,
            "eps_avg_yearly": 0,
            "eps_latest_yearly": 0,
            "eps_growth_yearly": 0
        },
        "20091": {
            "year_quarter": 20091,
            "year": 2009,
            "quarter": 1,
            "eps": null,
            "eps_growth_year": null,
            "eps_4q": null,
            "eps_4q_growth_year": null,
            "roe": null,
            "gross_profit": null,
            "gross_margin": null,
            "net_income": null,
            "revenue": null,
            "common_shares": null,
            "equity": null,
            "current_ratio": null,
            "debt_ratio": null,
            "inventory_turnover_ratio": null,
            "account_receivable_turnover_ratio": null,
            "reinvestment_rate": null,
            "research_to_sale_ratio": null,
            "price_fair": 0,
            "eps_avg_yearly": 0,
            "eps_latest_yearly": 0,
            "eps_growth_yearly": 0
        },
        "20092": {
            "year_quarter": 20092,
            "year": 2009,
            "quarter": 2,
            "eps": null,
            "eps_growth_year": null,
            "eps_4q": null,
            "eps_4q_growth_year": null,
            "roe": null,
            "gross_profit": null,
            "gross_margin": null,
            "net_income": null,
            "revenue": null,
            "common_shares": 904000,
            "equity": 749580,
            "current_ratio": null,
            "debt_ratio": null,
            "inventory_turnover_ratio": null,
            "account_receivable_turnover_ratio": null,
            "reinvestment_rate": null,
            "research_to_sale_ratio": null,
            "price_fair": 0,
            "eps_avg_yearly": 0,
            "eps_latest_yearly": 0,
            "eps_growth_yearly": 0
        },
        "20093": {
            "year_quarter": 20093,
            "year": 2009,
            "quarter": 3,
            "eps": null,
            "eps_growth_year": null,
            "eps_4q": null,
            "eps_4q_growth_year": null,
            "roe": null,
            "gross_profit": null,
            "gross_margin": null,
            "net_income": null,
            "revenue": null,
            "common_shares": null,
            "equity": null,
            "current_ratio": null,
            "debt_ratio": null,
            "inventory_turnover_ratio": null,
            "account_receivable_turnover_ratio": null,
            "reinvestment_rate": null,
            "research_to_sale_ratio": null,
            "price_fair": 0,
            "eps_avg_yearly": 0,
            "eps_latest_yearly": 0,
            "eps_growth_yearly": 0
        },
        "20094": {
            "year_quarter": 20094,
            "year": 2009,
            "quarter": 4,
            "eps": null,
            "eps_growth_year": null,
            "eps_4q": null,
            "eps_4q_growth_year": null,
            "roe": null,
            "gross_profit": null,
            "gross_margin": null,
            "net_income": null,
            "revenue": null,
            "common_shares": 904000,
            "equity": 789403,
            "current_ratio": 150.88,
            "debt_ratio": 27.9,
            "inventory_turnover_ratio": null,
            "account_receivable_turnover_ratio": null,
            "reinvestment_rate": null,
            "research_to_sale_ratio": null,
            "price_fair": 0,
            "eps_avg_yearly": 0,
            "eps_latest_yearly": 0,
            "eps_growth_yearly": 0
        },
        "20101": {
            "year_quarter": 20101,
            "year": 2010,
            "quarter": 1,
            "eps": null,
            "eps_growth_year": null,
            "eps_4q": null,
            "eps_4q_growth_year": null,
            "roe": null,
            "gross_profit": 71584,
            "gross_margin": null,
            "net_income": 55063,
            "revenue": 227344,
            "common_shares": 904000,
            "equity": 844475,
            "current_ratio": 189,
            "debt_ratio": 24.67,
            "inventory_turnover_ratio": null,
            "account_receivable_turnover_ratio": null,
            "reinvestment_rate": null,
            "research_to_sale_ratio": null,
            "price_fair": 0,
            "eps_avg_yearly": 0,
            "eps_latest_yearly": 0,
            "eps_growth_yearly": 0
        },
        "20102": {
            "year_quarter": 20102,
            "year": 2010,
            "quarter": 2,
            "eps": 0.86,
            "eps_growth_year": null,
            "eps_4q": null,
            "eps_4q_growth_year": null,
            "roe": 8.85,
            "gross_profit": 89857,
            "gross_margin": 37.58,
            "net_income": 78175,
            "revenue": 239077,
            "common_shares": 904000,
            "equity": 922664,
            "current_ratio": 298.25,
            "debt_ratio": 17.98,
            "inventory_turnover_ratio": 1.45,
            "account_receivable_turnover_ratio": 2.33,
            "reinvestment_rate": null,
            "research_to_sale_ratio": null,
            "price_fair": 0,
            "eps_avg_yearly": 0,
            "eps_latest_yearly": 0,
            "eps_growth_yearly": 0
        },
        "20103": {
            "year_quarter": 20103,
            "year": 2010,
            "quarter": 3,
            "eps": null,
            "eps_growth_year": null,
            "eps_4q": null,
            "eps_4q_growth_year": null,
            "roe": null,
            "gross_profit": 76031,
            "gross_margin": null,
            "net_income": 53411,
            "revenue": 197573,
            "common_shares": 970686,
            "equity": 1136593,
            "current_ratio": 406.24,
            "debt_ratio": 15.81,
            "inventory_turnover_ratio": null,
            "account_receivable_turnover_ratio": null,
            "reinvestment_rate": null,
            "research_to_sale_ratio": null,
            "price_fair": 0,
            "eps_avg_yearly": 0,
            "eps_latest_yearly": 0,
            "eps_growth_yearly": 0
        },
        "20104": {
            "year_quarter": 20104,
            "year": 2010,
            "quarter": 4,
            "eps": null,
            "eps_growth_year": null,
            "eps_4q": null,
            "eps_4q_growth_year": null,
            "roe": null,
            "gross_profit": 40715,
            "gross_margin": null,
            "net_income": 13669,
            "revenue": 156639,
            "common_shares": 978246,
            "equity": 1159734,
            "current_ratio": 346.67,
            "debt_ratio": 17.28,
            "inventory_turnover_ratio": null,
            "account_receivable_turnover_ratio": null,
            "reinvestment_rate": null,
            "research_to_sale_ratio": null,
            "price_fair": 0,
            "eps_avg_yearly": 0,
            "eps_latest_yearly": 0,
            "eps_growth_yearly": 0
        },
        "20111": {
            "year_quarter": 20111,
            "year": 2011,
            "quarter": 1,
            "eps": 0.8,
            "eps_growth_year": null,
            "eps_4q": 1.58,
            "eps_4q_growth_year": null,
            "roe": 6.53,
            "gross_profit": 99028,
            "gross_margin": 38.35,
            "net_income": 79044,
            "revenue": 258192,
            "common_shares": 995376,
            "equity": 1260215,
            "current_ratio": 382.21,
            "debt_ratio": 16.51,
            "inventory_turnover_ratio": 1.15,
            "account_receivable_turnover_ratio": 1.43,
            "reinvestment_rate": null,
            "research_to_sale_ratio": 2.28,
            "price_fair": 0,
            "eps_avg_yearly": 0,
            "eps_latest_yearly": 0,
            "eps_growth_yearly": 0
        },
        "20112": {
            "year_quarter": 20112,
            "year": 2011,
            "quarter": 2,
            "eps": 0.34,
            "eps_growth_year": -61.21,
            "eps_4q": 1.09,
            "eps_4q_growth_year": null,
            "roe": 2.83,
            "gross_profit": 73741,
            "gross_margin": 35.25,
            "net_income": 35317,
            "revenue": 209217,
            "common_shares": 995376,
            "equity": 1235056,
            "current_ratio": 292.01,
            "debt_ratio": 21.36,
            "inventory_turnover_ratio": 1,
            "account_receivable_turnover_ratio": 1.1,
            "reinvestment_rate": null,
            "research_to_sale_ratio": 4.79,
            "price_fair": 4.08,
            "eps_avg_yearly": 1.36,
            "eps_latest_yearly": 1.36,
            "eps_growth_yearly": -230
        },
        "20113": {
            "year_quarter": 20113,
            "year": 2011,
            "quarter": 3,
            "eps": 0.64,
            "eps_growth_year": null,
            "eps_4q": 1.67,
            "eps_4q_growth_year": null,
            "roe": 5.43,
            "gross_profit": 94066,
            "gross_margin": 38.84,
            "net_income": 70599,
            "revenue": 242157,
            "common_shares": 1052882,
            "equity": 1363150,
            "current_ratio": 389.07,
            "debt_ratio": 17.56,
            "inventory_turnover_ratio": 0.98,
            "account_receivable_turnover_ratio": 1.18,
            "reinvestment_rate": null,
            "research_to_sale_ratio": 3.33,
            "price_fair": 68.6,
            "eps_avg_yearly": 1.96,
            "eps_latest_yearly": 2.56,
            "eps_growth_yearly": 61.47
        },
        "20114": {
            "year_quarter": 20114,
            "year": 2011,
            "quarter": 4,
            "eps": 0.29,
            "eps_growth_year": null,
            "eps_4q": 1.87,
            "eps_4q_growth_year": null,
            "roe": 2.2,
            "gross_profit": 59720,
            "gross_margin": 37.64,
            "net_income": 34348,
            "revenue": 158660,
            "common_shares": 1173882,
            "equity": 1764903,
            "current_ratio": 328.78,
            "debt_ratio": 22.43,
            "inventory_turnover_ratio": 0.55,
            "account_receivable_turnover_ratio": 0.79,
            "reinvestment_rate": null,
            "research_to_sale_ratio": 7.62,
            "price_fair": 5.08,
            "eps_avg_yearly": 1.69,
            "eps_latest_yearly": 1.16,
            "eps_growth_yearly": -31.94
        },
        "20121": {
            "year_quarter": 20121,
            "year": 2012,
            "quarter": 1,
            "eps": 0.76,
            "eps_growth_year": -5,
            "eps_4q": 1.95,
            "eps_4q_growth_year": 23.48,
            "roe": 4.86,
            "gross_profit": 114851,
            "gross_margin": 37.17,
            "net_income": 88691,
            "revenue": 308955,
            "common_shares": 1173882,
            "equity": 1885594,
            "current_ratio": 273.89,
            "debt_ratio": 26.38,
            "inventory_turnover_ratio": 1.05,
            "account_receivable_turnover_ratio": 1.48,
            "reinvestment_rate": null,
            "research_to_sale_ratio": 1.84,
            "price_fair": 71.05,
            "eps_avg_yearly": 2.03,
            "eps_latest_yearly": 3.04,
            "eps_growth_yearly": 138.12
        },
        "20122": {
            "year_quarter": 20122,
            "year": 2012,
            "quarter": 2,
            "eps": 0.43,
            "eps_growth_year": 27.1,
            "eps_4q": 2.08,
            "eps_4q_growth_year": 91.12,
            "roe": 2.72,
            "gross_profit": 84193,
            "gross_margin": 33.69,
            "net_income": 50025,
            "revenue": 249902,
            "common_shares": 1173882,
            "equity": 1794753,
            "current_ratio": 241.31,
            "debt_ratio": 29.93,
            "inventory_turnover_ratio": 1.04,
            "account_receivable_turnover_ratio": 0.99,
            "reinvestment_rate": null,
            "research_to_sale_ratio": 2.25,
            "price_fair": 68.88,
            "eps_avg_yearly": 1.97,
            "eps_latest_yearly": 1.72,
            "eps_growth_yearly": 75.76
        },
        "20123": {
            "year_quarter": 20123,
            "year": 2012,
            "quarter": 3,
            "eps": 0.27,
            "eps_growth_year": -58.17,
            "eps_4q": 1.74,
            "eps_4q_growth_year": 4.36,
            "roe": 1.71,
            "gross_profit": 66312,
            "gross_margin": 26.92,
            "net_income": 31036,
            "revenue": 246374,
            "common_shares": 1173882,
            "equity": 1825706,
            "current_ratio": 131.71,
            "debt_ratio": 29.95,
            "inventory_turnover_ratio": 0.99,
            "account_receivable_turnover_ratio": 1.02,
            "reinvestment_rate": null,
            "research_to_sale_ratio": 2.69,
            "price_fair": 63.7,
            "eps_avg_yearly": 1.82,
            "eps_latest_yearly": 1.08,
            "eps_growth_yearly": 38.32
        },
        "20124": {
            "year_quarter": 20124,
            "year": 2012,
            "quarter": 4,
            "eps": 0.05,
            "eps_growth_year": -82.44,
            "eps_4q": 1.5,
            "eps_4q_growth_year": -19.73,
            "roe": 0.31,
            "gross_profit": 25360,
            "gross_margin": 12.32,
            "net_income": 5640,
            "revenue": 205798,
            "common_shares": 1173882,
            "equity": 1831300,
            "current_ratio": 320.38,
            "debt_ratio": 32.16,
            "inventory_turnover_ratio": 0.83,
            "account_receivable_turnover_ratio": 1.04,
            "reinvestment_rate": null,
            "research_to_sale_ratio": 3.57,
            "price_fair": 4.77,
            "eps_avg_yearly": 1.59,
            "eps_latest_yearly": 0.2,
            "eps_growth_yearly": -13.71
        },
        "20131": {
            "year_quarter": 20131,
            "year": 2013,
            "quarter": 1,
            "eps": 0.1,
            "eps_growth_year": -86.84,
            "eps_4q": 0.84,
            "eps_4q_growth_year": -56.76,
            "roe": 0.6,
            "gross_profit": 39043,
            "gross_margin": 22.11,
            "net_income": 11089,
            "revenue": 176565,
            "common_shares": 1173882,
            "equity": 1840479,
            "current_ratio": 361.38,
            "debt_ratio": 30.24,
            "inventory_turnover_ratio": 0.52,
            "account_receivable_turnover_ratio": 1.1,
            "reinvestment_rate": null,
            "research_to_sale_ratio": 5.32,
            "price_fair": 50.4,
            "eps_avg_yearly": 1.44,
            "eps_latest_yearly": 0.4,
            "eps_growth_yearly": 38
        },
        "20132": {
            "year_quarter": 20132,
            "year": 2013,
            "quarter": 2,
            "eps": 0.19,
            "eps_growth_year": -55.43,
            "eps_4q": 0.61,
            "eps_4q_growth_year": -70.83,
            "roe": 1.16,
            "gross_profit": 54708,
            "gross_margin": 23.03,
            "net_income": 20774,
            "revenue": 237512,
            "common_shares": 1173882,
            "equity": 1744036,
            "current_ratio": 247,
            "debt_ratio": 34.73,
            "inventory_turnover_ratio": 0.58,
            "account_receivable_turnover_ratio": 1.29,
            "reinvestment_rate": null,
            "research_to_sale_ratio": 2.8,
            "price_fair": 47.76,
            "eps_avg_yearly": 1.36,
            "eps_latest_yearly": 0.76,
            "eps_growth_yearly": 73.78
        },
        "20133": {
            "year_quarter": 20133,
            "year": 2013,
            "quarter": 3,
            "eps": 0.38,
            "eps_growth_year": 42.67,
            "eps_4q": 0.71,
            "eps_4q_growth_year": -58.94,
            "roe": 2.39,
            "gross_profit": 89502,
            "gross_margin": 31.54,
            "net_income": 42177,
            "revenue": 283777,
            "common_shares": 1173882,
            "equity": 1786144,
            "current_ratio": 301.53,
            "debt_ratio": 32.81,
            "inventory_turnover_ratio": 0.54,
            "account_receivable_turnover_ratio": 1.22,
            "reinvestment_rate": null,
            "research_to_sale_ratio": 2.15,
            "price_fair": 48.3,
            "eps_avg_yearly": 1.38,
            "eps_latest_yearly": 1.52,
            "eps_growth_yearly": 106.4
        },
        "20134": {
            "year_quarter": 20134,
            "year": 2013,
            "quarter": 4,
            "eps": 0.18,
            "eps_growth_year": 256.12,
            "eps_4q": 0.85,
            "eps_4q_growth_year": -43.56,
            "roe": 1.06,
            "gross_profit": 45296,
            "gross_margin": 16.81,
            "net_income": 19015,
            "revenue": 269487,
            "common_shares": 1173882,
            "equity": 1804523,
            "current_ratio": 325.65,
            "debt_ratio": 30.78,
            "inventory_turnover_ratio": 0.63,
            "account_receivable_turnover_ratio": 1.09,
            "reinvestment_rate": 127.71,
            "research_to_sale_ratio": 2.62,
            "price_fair": 46.2,
            "eps_avg_yearly": 1.32,
            "eps_latest_yearly": 0.72,
            "eps_growth_yearly": 77.59
        },
        "20141": {
            "year_quarter": 20141,
            "year": 2014,
            "quarter": 1,
            "eps": 0.07,
            "eps_growth_year": -30,
            "eps_4q": 0.82,
            "eps_4q_growth_year": -3.32,
            "roe": 0.3,
            "gross_profit": 48544,
            "gross_margin": 17.28,
            "net_income": 5446,
            "revenue": 280855,
            "common_shares": 1173882,
            "equity": 1856028,
            "current_ratio": 238.96,
            "debt_ratio": 35,
            "inventory_turnover_ratio": 0.72,
            "account_receivable_turnover_ratio": 1.19,
            "reinvestment_rate": 160.65,
            "research_to_sale_ratio": 5.75,
            "price_fair": 43.17,
            "eps_avg_yearly": 1.23,
            "eps_latest_yearly": 0.28,
            "eps_growth_yearly": 50.75
        },
        "20142": {
            "year_quarter": 20142,
            "year": 2014,
            "quarter": 2,
            "eps": 0.35,
            "eps_growth_year": 84.21,
            "eps_4q": 0.98,
            "eps_4q_growth_year": 62,
            "roe": 2.11,
            "gross_profit": 93045,
            "gross_margin": 25.97,
            "net_income": 38893,
            "revenue": 358310,
            "common_shares": 1173882,
            "equity": 1836065,
            "current_ratio": 197.62,
            "debt_ratio": 36.84,
            "inventory_turnover_ratio": 0.87,
            "account_receivable_turnover_ratio": 1.32,
            "reinvestment_rate": 186.28,
            "research_to_sale_ratio": 3.86,
            "price_fair": 43.62,
            "eps_avg_yearly": 1.25,
            "eps_latest_yearly": 1.4,
            "eps_growth_yearly": 169.93
        },
        "20143": {
            "year_quarter": 20143,
            "year": 2014,
            "quarter": 3,
            "eps": 0.79,
            "eps_growth_year": 107.89,
            "eps_4q": 1.39,
            "eps_4q_growth_year": 94.78,
            "roe": 4.75,
            "gross_profit": 139041,
            "gross_margin": 33.81,
            "net_income": 89287,
            "revenue": 411230,
            "common_shares": 1173882,
            "equity": 1925591,
            "current_ratio": 204.96,
            "debt_ratio": 38.06,
            "inventory_turnover_ratio": 0.89,
            "account_receivable_turnover_ratio": 1.24,
            "reinvestment_rate": 192.73,
            "research_to_sale_ratio": 2.96,
            "price_fair": 48.4,
            "eps_avg_yearly": 1.38,
            "eps_latest_yearly": 3.16,
            "eps_growth_yearly": 193.71
        },
        "20144": {
            "year_quarter": 20144,
            "year": 2014,
            "quarter": 4,
            "eps": 0.82,
            "eps_growth_year": 348.71,
            "eps_4q": 2.03,
            "eps_4q_growth_year": 139.88,
            "roe": 4.55,
            "gross_profit": 140126,
            "gross_margin": 34.3,
            "net_income": 89718,
            "revenue": 408510,
            "common_shares": 1173882,
            "equity": 2014767,
            "current_ratio": 180.64,
            "debt_ratio": 39.89,
            "inventory_turnover_ratio": 0.8,
            "account_receivable_turnover_ratio": 1.15,
            "reinvestment_rate": 205.84,
            "research_to_sale_ratio": 3.26,
            "price_fair": 52.83,
            "eps_avg_yearly": 1.51,
            "eps_latest_yearly": 3.28,
            "eps_growth_yearly": 181.81
        },
        "20151": {
            "year_quarter": 20151,
            "year": 2015,
            "quarter": 1,
            "eps": 0.49,
            "eps_growth_year": 600,
            "eps_4q": 2.45,
            "eps_4q_growth_year": 200.15,
            "roe": 2.56,
            "gross_profit": 120613,
            "gross_margin": 33.89,
            "net_income": 52204,
            "revenue": 355943,
            "common_shares": 1173882,
            "equity": 2066846,
            "current_ratio": 153.84,
            "debt_ratio": 41.14,
            "inventory_turnover_ratio": 0.57,
            "account_receivable_turnover_ratio": 1.11,
            "reinvestment_rate": 214.54,
            "research_to_sale_ratio": 5.1,
            "price_fair": 53.81,
            "eps_avg_yearly": 1.54,
            "eps_latest_yearly": 1.96,
            "eps_growth_yearly": 160.38
        },
        "20152": {
            "year_quarter": 20152,
            "year": 2015,
            "quarter": 2,
            "eps": 0.28,
            "eps_growth_year": -20,
            "eps_4q": 2.37,
            "eps_4q_growth_year": 141.8,
            "roe": 1.29,
            "gross_profit": 95723,
            "gross_margin": 27.65,
            "net_income": 25480,
            "revenue": 346161,
            "common_shares": 1173882,
            "equity": 1883906,
            "current_ratio": 141.03,
            "debt_ratio": 46.23,
            "inventory_turnover_ratio": 0.5,
            "account_receivable_turnover_ratio": 1.16,
            "reinvestment_rate": 215.05,
            "research_to_sale_ratio": 6.75,
            "price_fair": 53.29,
            "eps_avg_yearly": 1.52,
            "eps_latest_yearly": 1.12,
            "eps_growth_yearly": 164.04
        },
        "20153": {
            "year_quarter": 20153,
            "year": 2015,
            "quarter": 3,
            "eps": 0.51,
            "eps_growth_year": -35.44,
            "eps_4q": 2.09,
            "eps_4q_growth_year": 50.28,
            "roe": 3.01,
            "gross_profit": 130725,
            "gross_margin": 30.34,
            "net_income": 58585,
            "revenue": 430898,
            "common_shares": 1173882,
            "equity": 2005760,
            "current_ratio": 176.31,
            "debt_ratio": 43.91,
            "inventory_turnover_ratio": 0.55,
            "account_receivable_turnover_ratio": 1.26,
            "reinvestment_rate": 215.63,
            "research_to_sale_ratio": 5.98,
            "price_fair": 52.15,
            "eps_avg_yearly": 1.49,
            "eps_latest_yearly": 2.04,
            "eps_growth_yearly": 162.52
        },
        "20154": {
            "year_quarter": 20154,
            "year": 2015,
            "quarter": 4,
            "eps": 0.09,
            "eps_growth_year": -89.04,
            "eps_4q": 1.36,
            "eps_4q_growth_year": -32.94,
            "roe": 0.3,
            "gross_profit": 66761,
            "gross_margin": 19.76,
            "net_income": 6080,
            "revenue": 337877,
            "common_shares": 1173882,
            "equity": 2009972,
            "current_ratio": 192.31,
            "debt_ratio": 41.45,
            "inventory_turnover_ratio": 0.53,
            "account_receivable_turnover_ratio": 1,
            "reinvestment_rate": 190.15,
            "research_to_sale_ratio": 6.26,
            "price_fair": 50.4,
            "eps_avg_yearly": 1.44,
            "eps_latest_yearly": 0.36,
            "eps_growth_yearly": 155.6
        },
        "20161": {
            "year_quarter": 20161,
            "year": 2016,
            "quarter": 1,
            "eps": -0.37,
            "eps_growth_year": -175.51,
            "eps_4q": 0.51,
            "eps_4q_growth_year": -79.21,
            "roe": -2.27,
            "gross_profit": 15278,
            "gross_margin": 4.94,
            "net_income": -45177,
            "revenue": 309491,
            "common_shares": 1173882,
            "equity": 1964710,
            "current_ratio": 166.94,
            "debt_ratio": 41.16,
            "inventory_turnover_ratio": 0.72,
            "account_receivable_turnover_ratio": 1.05,
            "reinvestment_rate": 199.41,
            "research_to_sale_ratio": 6.85,
            "price_fair": 46.67,
            "eps_avg_yearly": 1.33,
            "eps_latest_yearly": 0.36,
            "eps_growth_yearly": 122.76
        },
        "20162": {
            "year_quarter": 20162,
            "year": 2016,
            "quarter": 2,
            "eps": 0.32,
            "eps_growth_year": 14.29,
            "eps_4q": 0.52,
            "eps_4q_growth_year": -77.94,
            "roe": 1.8,
            "gross_profit": 99577,
            "gross_margin": 24.91,
            "net_income": 35246,
            "revenue": 399774,
            "common_shares": 1173882,
            "equity": 1940826,
            "current_ratio": 156,
            "debt_ratio": 42.89,
            "inventory_turnover_ratio": 0.92,
            "account_receivable_turnover_ratio": 1.16,
            "reinvestment_rate": 155.46,
            "research_to_sale_ratio": 5.67,
            "price_fair": 45.7,
            "eps_avg_yearly": 1.31,
            "eps_latest_yearly": 0.36,
            "eps_growth_yearly": 143.93
        },
        "20163": {
            "year_quarter": 20163,
            "year": 2016,
            "quarter": 3,
            "eps": 1.12,
            "eps_growth_year": 119.61,
            "eps_4q": 1.16,
            "eps_4q_growth_year": -44.57,
            "roe": 6.79,
            "gross_profit": 236607,
            "gross_margin": 41.07,
            "net_income": 136407,
            "revenue": 576072,
            "common_shares": 1232576,
            "equity": 2076682,
            "current_ratio": 149.38,
            "debt_ratio": 38.97,
            "inventory_turnover_ratio": 1.18,
            "account_receivable_turnover_ratio": 1.3,
            "reinvestment_rate": 96.87,
            "research_to_sale_ratio": 3.87,
            "price_fair": 54.2,
            "eps_avg_yearly": 1.55,
            "eps_latest_yearly": 4.48,
            "eps_growth_yearly": 225.99
        },
        "20164": {
            "year_quarter": 20164,
            "year": 2016,
            "quarter": 4,
            "eps": 0.69,
            "eps_growth_year": 666.43,
            "eps_4q": 1.76,
            "eps_4q_growth_year": 29.57,
            "roe": 3.68,
            "gross_profit": 157807,
            "gross_margin": 35.48,
            "net_income": 77746,
            "revenue": 444760,
            "common_shares": 1232576,
            "equity": 2152916,
            "current_ratio": 166.99,
            "debt_ratio": 36.55,
            "inventory_turnover_ratio": 0.99,
            "account_receivable_turnover_ratio": 0.98,
            "reinvestment_rate": 84.52,
            "research_to_sale_ratio": 5.64,
            "price_fair": 60.6,
            "eps_avg_yearly": 1.73,
            "eps_latest_yearly": 2.76,
            "eps_growth_yearly": 238.3
        },
        "20171": {
            "year_quarter": 20171,
            "year": 2017,
            "quarter": 1,
            "eps": 0.57,
            "eps_growth_year": null,
            "eps_4q": 2.68,
            "eps_4q_growth_year": 427,
            "roe": 3.08,
            "gross_profit": 155120,
            "gross_margin": 37.28,
            "net_income": 67361,
            "revenue": 416096,
            "common_shares": 1232576,
            "equity": 2219465,
            "current_ratio": 147.18,
            "debt_ratio": 34.12,
            "inventory_turnover_ratio": 0.77,
            "account_receivable_turnover_ratio": 1.05,
            "reinvestment_rate": 76.29,
            "research_to_sale_ratio": 6.16,
            "price_fair": 65.3,
            "eps_avg_yearly": 1.87,
            "eps_latest_yearly": 2.28,
            "eps_growth_yearly": 204.76
        },
        "20172": {
            "year_quarter": 20172,
            "year": 2017,
            "quarter": 2,
            "eps": 0.33,
            "eps_growth_year": 3.12,
            "eps_4q": 2.71,
            "eps_4q_growth_year": 416.98,
            "roe": 1.77,
            "gross_profit": 110818,
            "gross_margin": 29.2,
            "net_income": 38238,
            "revenue": 379527,
            "common_shares": 1232576,
            "equity": 2110112,
            "current_ratio": 168.63,
            "debt_ratio": 40.25,
            "inventory_turnover_ratio": 0.69,
            "account_receivable_turnover_ratio": 1.03,
            "reinvestment_rate": 72.76,
            "research_to_sale_ratio": 8.31,
            "price_fair": 66.7,
            "eps_avg_yearly": 1.91,
            "eps_latest_yearly": 1.32,
            "eps_growth_yearly": 167.02
        },
        "20173": {
            "year_quarter": 20173,
            "year": 2017,
            "quarter": 3,
            "eps": 0.81,
            "eps_growth_year": -27.68,
            "eps_4q": 2.4,
            "eps_4q_growth_year": 106.61,
            "roe": 4.44,
            "gross_profit": 193111,
            "gross_margin": 34.6,
            "net_income": 95962,
            "revenue": 558165,
            "common_shares": 1232576,
            "equity": 2208793,
            "current_ratio": 177.47,
            "debt_ratio": 37.23,
            "inventory_turnover_ratio": 0.94,
            "account_receivable_turnover_ratio": 1.26,
            "reinvestment_rate": 71.17,
            "research_to_sale_ratio": 6.68,
            "price_fair": 71,
            "eps_avg_yearly": 2.03,
            "eps_latest_yearly": 3.24,
            "eps_growth_yearly": 180.01
        },
        "20174": {
            "year_quarter": 20174,
            "year": 2017,
            "quarter": 4,
            "eps": 0.64,
            "eps_growth_year": -6.7,
            "eps_4q": 2.35,
            "eps_4q_growth_year": 33.24,
            "roe": 3.27,
            "gross_profit": 176002,
            "gross_margin": 30.38,
            "net_income": 73476,
            "revenue": 579343,
            "common_shares": 1232576,
            "equity": 2285521,
            "current_ratio": 173.34,
            "debt_ratio": 36.16,
            "inventory_turnover_ratio": 1.16,
            "account_receivable_turnover_ratio": 1.07,
            "reinvestment_rate": 64.36,
            "research_to_sale_ratio": 6.26,
            "price_fair": 75.6,
            "eps_avg_yearly": 2.16,
            "eps_latest_yearly": 2.56,
            "eps_growth_yearly": 189.05
        },
        "20181": {
            "year_quarter": 20181,
            "year": 2018,
            "quarter": 1,
            "eps": 0.73,
            "eps_growth_year": 28.07,
            "eps_4q": 2.51,
            "eps_4q_growth_year": -6.42,
            "roe": 3.67,
            "gross_profit": 194236,
            "gross_margin": 35.11,
            "net_income": 85541,
            "revenue": 553234,
            "common_shares": 1232576,
            "equity": 2375686,
            "current_ratio": 164.57,
            "debt_ratio": 35.24,
            "inventory_turnover_ratio": 1.05,
            "account_receivable_turnover_ratio": 1.03,
            "reinvestment_rate": 44.37,
            "research_to_sale_ratio": 6.73,
            "price_fair": 82.2,
            "eps_avg_yearly": 2.35,
            "eps_latest_yearly": 2.92,
            "eps_growth_yearly": 210.53
        },
        "20182": {
            "year_quarter": 20182,
            "year": 2018,
            "quarter": 2,
            "eps": 0.72,
            "eps_growth_year": 118.18,
            "eps_4q": 2.91,
            "eps_4q_growth_year": 7.43,
            "roe": 3.66,
            "gross_profit": 168835,
            "gross_margin": 28.4,
            "net_income": 85198,
            "revenue": 594532,
            "common_shares": 1232576,
            "equity": 2279780,
            "current_ratio": 141.52,
            "debt_ratio": 37.87,
            "inventory_turnover_ratio": 1.21,
            "account_receivable_turnover_ratio": 1.18,
            "reinvestment_rate": 31.29,
            "research_to_sale_ratio": 7.01,
            "price_fair": 85.9,
            "eps_avg_yearly": 2.45,
            "eps_latest_yearly": 2.88,
            "eps_growth_yearly": 95.85
        },
        "20183": {
            "year_quarter": 20183,
            "year": 2018,
            "quarter": 3,
            "eps": 1.08,
            "eps_growth_year": 33.33,
            "eps_4q": 3.18,
            "eps_4q_growth_year": 32.61,
            "roe": 5.56,
            "gross_profit": 246124,
            "gross_margin": 39.69,
            "net_income": 130436,
            "revenue": 620073,
            "common_shares": 1232576,
            "equity": 2413483,
            "current_ratio": 162.61,
            "debt_ratio": 35.08,
            "inventory_turnover_ratio": 0.99,
            "account_receivable_turnover_ratio": 1.24,
            "reinvestment_rate": 25.87,
            "research_to_sale_ratio": 6.91,
            "price_fair": 88.8,
            "eps_avg_yearly": 2.54,
            "eps_latest_yearly": 4.32,
            "eps_growth_yearly": 74.22
        },
        "20184": {
            "year_quarter": 20184,
            "year": 2018,
            "quarter": 4,
            "eps": 0.67,
            "eps_growth_year": 3.96,
            "eps_4q": 3.2,
            "eps_4q_growth_year": 36.31,
            "roe": 3.16,
            "gross_profit": 199334,
            "gross_margin": 39.81,
            "net_income": 77646,
            "revenue": 500772,
            "common_shares": 1232576,
            "equity": 2495439,
            "current_ratio": 132.73,
            "debt_ratio": 38.53,
            "inventory_turnover_ratio": 0.65,
            "account_receivable_turnover_ratio": 1.01,
            "reinvestment_rate": 36.08,
            "research_to_sale_ratio": 12.05,
            "price_fair": 87.3,
            "eps_avg_yearly": 2.49,
            "eps_latest_yearly": 2.68,
            "eps_growth_yearly": 62.28
        },
        "20191": {
            "year_quarter": 20191,
            "year": 2019,
            "quarter": 1,
            "eps": 0.13,
            "eps_growth_year": -82.19,
            "eps_4q": 2.61,
            "eps_4q_growth_year": 4.08,
            "roe": 0.51,
            "gross_profit": 102489,
            "gross_margin": 25.66,
            "net_income": 12838,
            "revenue": 399336,
            "common_shares": 1232576,
            "equity": 2513155,
            "current_ratio": 143.67,
            "debt_ratio": 44.4,
            "inventory_turnover_ratio": 0.56,
            "account_receivable_turnover_ratio": 0.98,
            "reinvestment_rate": 63.82,
            "research_to_sale_ratio": 10.64,
            "price_fair": 83.7,
            "eps_avg_yearly": 2.39,
            "eps_latest_yearly": 0.52,
            "eps_growth_yearly": 50.76
        },
        "20192": {
            "year_quarter": 20192,
            "year": 2019,
            "quarter": 2,
            "eps": 0.38,
            "eps_growth_year": -47.22,
            "eps_4q": 2.18,
            "eps_4q_growth_year": -24.98,
            "roe": 1.88,
            "gross_profit": 139815,
            "gross_margin": 28.07,
            "net_income": 45999,
            "revenue": 498016,
            "common_shares": 1232576,
            "equity": 2378115,
            "current_ratio": 113.61,
            "debt_ratio": 49.64,
            "inventory_turnover_ratio": 0.72,
            "account_receivable_turnover_ratio": 1.29,
            "reinvestment_rate": 83.82,
            "research_to_sale_ratio": 8.44,
            "price_fair": 84.7,
            "eps_avg_yearly": 2.42,
            "eps_latest_yearly": 1.52,
            "eps_growth_yearly": 117.95
        },
        "20193": {
            "year_quarter": 20193,
            "year": 2019,
            "quarter": 3,
            "eps": 0.24,
            "eps_growth_year": -77.78,
            "eps_4q": 1.39,
            "eps_4q_growth_year": -56.32,
            "roe": 1.16,
            "gross_profit": 126055,
            "gross_margin": 29.06,
            "net_income": 27893,
            "revenue": 433783,
            "common_shares": 1295898,
            "equity": 2418631,
            "current_ratio": 108,
            "debt_ratio": 49.26,
            "inventory_turnover_ratio": 0.69,
            "account_receivable_turnover_ratio": 1.05,
            "reinvestment_rate": 94.29,
            "research_to_sale_ratio": 10.95,
            "price_fair": 82,
            "eps_avg_yearly": 2.34,
            "eps_latest_yearly": 0.96,
            "eps_growth_yearly": 83.95
        },
        "20194": {
            "year_quarter": 20194,
            "year": 2019,
            "quarter": 4,
            "eps": 0.07,
            "eps_growth_year": -89.37,
            "eps_4q": 0.82,
            "eps_4q_growth_year": -74.34,
            "roe": 0.22,
            "gross_profit": 81602,
            "gross_margin": 19.01,
            "net_income": 5438,
            "revenue": 429349,
            "common_shares": 1297385,
            "equity": 2431828,
            "current_ratio": 131.84,
            "debt_ratio": 49.22,
            "inventory_turnover_ratio": 0.94,
            "account_receivable_turnover_ratio": 1.11,
            "reinvestment_rate": 106.74,
            "research_to_sale_ratio": 7.59,
            "price_fair": 81.8,
            "eps_avg_yearly": 2.34,
            "eps_latest_yearly": 0.28,
            "eps_growth_yearly": 87.24
        },
        "20201": {
            "year_quarter": 20201,
            "year": 2020,
            "quarter": 1,
            "eps": 0.36,
            "eps_growth_year": 176.92,
            "eps_4q": 1.06,
            "eps_4q_growth_year": -59.59,
            "roe": 1.79,
            "gross_profit": 118829,
            "gross_margin": 32.06,
            "net_income": 43858,
            "revenue": 370603,
            "common_shares": 1297849,
            "equity": 2481685,
            "current_ratio": 119.09,
            "debt_ratio": 48.46,
            "inventory_turnover_ratio": 0.79,
            "account_receivable_turnover_ratio": 1.02,
            "reinvestment_rate": 104.99,
            "research_to_sale_ratio": 8.03,
            "price_fair": 79.71,
            "eps_avg_yearly": 2.28,
            "eps_latest_yearly": 1.44,
            "eps_growth_yearly": 191.9
        },
        "20202": {
            "year_quarter": 20202,
            "year": 2020,
            "quarter": 2,
            "eps": 0.8,
            "eps_growth_year": 110.53,
            "eps_4q": 1.48,
            "eps_4q_growth_year": -32.27,
            "roe": 4.07,
            "gross_profit": 187109,
            "gross_margin": 40.54,
            "net_income": 102169,
            "revenue": 461495,
            "common_shares": 1297849,
            "equity": 2542682,
            "current_ratio": 136.57,
            "debt_ratio": 49.04,
            "inventory_turnover_ratio": 0.83,
            "account_receivable_turnover_ratio": 1.22,
            "reinvestment_rate": 107.18,
            "research_to_sale_ratio": 7.83,
            "price_fair": 81.73,
            "eps_avg_yearly": 2.34,
            "eps_latest_yearly": 3.2,
            "eps_growth_yearly": 210.46
        },
        "20203": {
            "year_quarter": 20203,
            "year": 2020,
            "quarter": 3,
            "eps": 0.92,
            "eps_growth_year": 283.33,
            "eps_4q": 2.15,
            "eps_4q_growth_year": 54.61,
            "roe": 4.49,
            "gross_profit": 228153,
            "gross_margin": 39.18,
            "net_income": 117565,
            "revenue": 582351,
            "common_shares": 1306520,
            "equity": 2696838,
            "current_ratio": 146.83,
            "debt_ratio": 46.34,
            "inventory_turnover_ratio": 1.12,
            "account_receivable_turnover_ratio": 1.2,
            "reinvestment_rate": 109.12,
            "research_to_sale_ratio": 8.18,
            "price_fair": 79.98,
            "eps_avg_yearly": 2.29,
            "eps_latest_yearly": 3.68,
            "eps_growth_yearly": 151.71
        },
        "20204": {
            "year_quarter": 20204,
            "year": 2020,
            "quarter": 4,
            "eps": 0.67,
            "eps_growth_year": 844.42,
            "eps_4q": 2.75,
            "eps_4q_growth_year": 234.09,
            "roe": 3.12,
            "gross_profit": 223524,
            "gross_margin": 37.29,
            "net_income": 85513,
            "revenue": 599412,
            "common_shares": 1307017,
            "equity": 2785778,
            "current_ratio": 151.15,
            "debt_ratio": 45.17,
            "inventory_turnover_ratio": 1.19,
            "account_receivable_turnover_ratio": 1.06,
            "reinvestment_rate": 108.13,
            "research_to_sale_ratio": 10.99,
            "price_fair": 79.8,
            "eps_avg_yearly": 2.28,
            "eps_latest_yearly": 2.68,
            "eps_growth_yearly": 154.52
        },
        "20211": {
            "year_quarter": 20211,
            "year": 2021,
            "quarter": 1,
            "eps": 0.69,
            "eps_growth_year": 91.67,
            "eps_4q": 3.08,
            "eps_4q_growth_year": 192.07,
            "roe": 3.13,
            "gross_profit": 217451,
            "gross_margin": 36.39,
            "net_income": 88487,
            "revenue": 597621,
            "common_shares": 1307179,
            "equity": 2875822,
            "current_ratio": 151.63,
            "debt_ratio": 43.66,
            "inventory_turnover_ratio": 1.14,
            "account_receivable_turnover_ratio": 1.02,
            "reinvestment_rate": 107.13,
            "research_to_sale_ratio": 9.13,
            "price_fair": 80.85,
            "eps_avg_yearly": 2.31,
            "eps_latest_yearly": 2.76,
            "eps_growth_yearly": 159.61
        },
        "20212": {
            "year_quarter": 20212,
            "year": 2021,
            "quarter": 2,
            "eps": 0.58,
            "eps_growth_year": -27.5,
            "eps_4q": 2.86,
            "eps_4q_growth_year": 94.04,
            "roe": 2.53,
            "gross_profit": 172820,
            "gross_margin": 29.46,
            "net_income": 73810,
            "revenue": 586538,
            "common_shares": 1307599,
            "equity": 2952112,
            "current_ratio": 176.55,
            "debt_ratio": 43.89,
            "inventory_turnover_ratio": 1.09,
            "account_receivable_turnover_ratio": 1,
            "reinvestment_rate": 102.38,
            "research_to_sale_ratio": 9.12,
            "price_fair": 83.04,
            "eps_avg_yearly": 2.37,
            "eps_latest_yearly": 2.32,
            "eps_growth_yearly": 166.15
        },
        "20213": {
            "year_quarter": 20213,
            "year": 2021,
            "quarter": 3,
            "eps": 0.63,
            "eps_growth_year": -31.52,
            "eps_4q": 2.58,
            "eps_4q_growth_year": 20.12,
            "roe": 2.78,
            "gross_profit": 195824,
            "gross_margin": 30.15,
            "net_income": 80687,
            "revenue": 649551,
            "common_shares": 1308889,
            "equity": 2842242,
            "current_ratio": 160.84,
            "debt_ratio": 45.02,
            "inventory_turnover_ratio": 1.08,
            "account_receivable_turnover_ratio": 1.13,
            "reinvestment_rate": 103.92,
            "research_to_sale_ratio": 8.44,
            "price_fair": 81.46,
            "eps_avg_yearly": 2.33,
            "eps_latest_yearly": 2.52,
            "eps_growth_yearly": 131.94
        },
        "20214": {
            "year_quarter": 20214,
            "year": 2021,
            "quarter": 4,
            "eps": 0.41,
            "eps_growth_year": -39.04,
            "eps_4q": 2.32,
            "eps_4q_growth_year": -15.72,
            "roe": 1.79,
            "gross_profit": 178663,
            "gross_margin": 32.05,
            "net_income": 51447,
            "revenue": 557420,
            "common_shares": 1310185,
            "equity": 2898920,
            "current_ratio": 156.05,
            "debt_ratio": 45.8,
            "inventory_turnover_ratio": 0.78,
            "account_receivable_turnover_ratio": 1.02,
            "reinvestment_rate": 108.78,
            "research_to_sale_ratio": 10.28,
            "price_fair": 79.45,
            "eps_avg_yearly": 2.27,
            "eps_latest_yearly": 1.64,
            "eps_growth_yearly": 128.46
        },
        "20221": {
            "year_quarter": 20221,
            "year": 2022,
            "quarter": 1,
            "eps": 0.92,
            "eps_growth_year": 33.33,
            "eps_4q": 2.54,
            "eps_4q_growth_year": -17.57,
            "roe": 4,
            "gross_profit": 224847,
            "gross_margin": 34.36,
            "net_income": 118520,
            "revenue": 654422,
            "common_shares": 1312763,
            "equity": 3029918,
            "current_ratio": 161.76,
            "debt_ratio": 44.5,
            "inventory_turnover_ratio": 0.74,
            "account_receivable_turnover_ratio": 1.09,
            "reinvestment_rate": 105.6,
            "research_to_sale_ratio": 7.16,
            "price_fair": 81.11,
            "eps_avg_yearly": 2.32,
            "eps_latest_yearly": 3.68,
            "eps_growth_yearly": 156.04
        },
        "20222": {
            "year_quarter": 20222,
            "year": 2022,
            "quarter": 2,
            "eps": 0.95,
            "eps_growth_year": 63.79,
            "eps_4q": 2.9,
            "eps_4q_growth_year": 1.36,
            "roe": 3.97,
            "gross_profit": 199786,
            "gross_margin": 32.57,
            "net_income": 122526,
            "revenue": 613430,
            "common_shares": 1317990,
            "equity": 3138254,
            "current_ratio": 185.64,
            "debt_ratio": 44.43,
            "inventory_turnover_ratio": 0.65,
            "account_receivable_turnover_ratio": 0.92,
            "reinvestment_rate": 103.33,
            "research_to_sale_ratio": 7.07,
            "price_fair": 83.13,
            "eps_avg_yearly": 2.38,
            "eps_latest_yearly": 3.8,
            "eps_growth_yearly": 157.2
        },
        "20223": {
            "year_quarter": 20223,
            "year": 2022,
            "quarter": 3,
            "eps": -0.45,
            "eps_growth_year": -171.43,
            "eps_4q": 1.83,
            "eps_4q_growth_year": -29.08,
            "roe": -2.02,
            "gross_profit": 23911,
            "gross_margin": 7.89,
            "net_income": -62913,
            "revenue": 302925,
            "common_shares": 1317990,
            "equity": 3075788,
            "current_ratio": 210.61,
            "debt_ratio": 41.57,
            "inventory_turnover_ratio": 0.41,
            "account_receivable_turnover_ratio": 0.6,
            "reinvestment_rate": 122.54,
            "research_to_sale_ratio": 16.09,
            "price_fair": 78.59,
            "eps_avg_yearly": 2.25,
            "eps_latest_yearly": 3.8,
            "eps_growth_yearly": 154.35
        },
        "20224": {
            "year_quarter": 20224,
            "year": 2022,
            "quarter": 4,
            "eps": -0.29,
            "eps_growth_year": -171.44,
            "eps_4q": 1.13,
            "eps_4q_growth_year": -51.25,
            "roe": -1.37,
            "gross_profit": 32428,
            "gross_margin": 10.18,
            "net_income": -41876,
            "revenue": 318583,
            "common_shares": 1317990,
            "equity": 3036313,
            "current_ratio": 206.21,
            "debt_ratio": 41.74,
            "inventory_turnover_ratio": 0.42,
            "account_receivable_turnover_ratio": 1,
            "reinvestment_rate": 101.71,
            "research_to_sale_ratio": 14.05,
            "price_fair": 77.5,
            "eps_avg_yearly": 2.21,
            "eps_latest_yearly": 3.8,
            "eps_growth_yearly": 176.22
        },
        "20231": {
            "year_quarter": 20231,
            "year": 2023,
            "quarter": 1,
            "eps": -0.78,
            "eps_growth_year": -184.78,
            "eps_4q": -0.57,
            "eps_4q_growth_year": -122.54,
            "roe": -3.55,
            "gross_profit": -10197,
            "gross_margin": -3.56,
            "net_income": -105911,
            "revenue": 286642,
            "common_shares": 1317990,
            "equity": 2930756,
            "current_ratio": 226.7,
            "debt_ratio": 41.3,
            "inventory_turnover_ratio": 0.48,
            "account_receivable_turnover_ratio": 1.11,
            "reinvestment_rate": 75.08,
            "research_to_sale_ratio": 17.92,
            "price_fair": 82.06,
            "eps_avg_yearly": 2.34,
            "eps_latest_yearly": 3.8,
            "eps_growth_yearly": 214.57
        }
    },
    "months": {
        "2010-09": {
            "month": "2010-09",
            "price": "47.37",
            "revenue": 63398
        },
        "2010-10": {
            "month": "2010-10",
            "price": "41.07",
            "revenue": 46527
        },
        "2010-11": {
            "month": "2010-11",
            "price": "36.05",
            "revenue": 46630
        },
        "2010-12": {
            "month": "2010-12",
            "price": "41.91",
            "revenue": 63482
        },
        "2011-01": {
            "month": "2011-01",
            "price": "41.18",
            "revenue": 86173
        },
        "2011-02": {
            "month": "2011-02",
            "price": "45.90",
            "revenue": 77305
        },
        "2011-03": {
            "month": "2011-03",
            "price": "44.92",
            "revenue": 94714
        },
        "2011-04": {
            "month": "2011-04",
            "price": "50.85",
            "revenue": 91545
        },
        "2011-05": {
            "month": "2011-05",
            "price": "50.97",
            "revenue": 67319
        },
        "2011-06": {
            "month": "2011-06",
            "price": "50.65",
            "revenue": 50354
        },
        "2011-07": {
            "month": "2011-07",
            "price": "49.01",
            "revenue": 81332
        },
        "2011-08": {
            "month": "2011-08",
            "price": "47.10",
            "revenue": 74630
        },
        "2011-09": {
            "month": "2011-09",
            "price": "42.59",
            "revenue": 86194
        },
        "2011-10": {
            "month": "2011-10",
            "price": "32.99",
            "revenue": 56682
        },
        "2011-11": {
            "month": "2011-11",
            "price": "28.37",
            "revenue": 36044
        },
        "2011-12": {
            "month": "2011-12",
            "price": "21.32",
            "revenue": 65933
        },
        "2012-01": {
            "month": "2012-01",
            "price": "24.34",
            "revenue": 105404
        },
        "2012-02": {
            "month": "2012-02",
            "price": "36.93",
            "revenue": 102302
        },
        "2012-03": {
            "month": "2012-03",
            "price": "48.47",
            "revenue": 101248
        },
        "2012-04": {
            "month": "2012-04",
            "price": "43.43",
            "revenue": 78289
        },
        "2012-05": {
            "month": "2012-05",
            "price": "38.86",
            "revenue": 81468
        },
        "2012-06": {
            "month": "2012-06",
            "price": "40.78",
            "revenue": 90146
        },
        "2012-07": {
            "month": "2012-07",
            "price": "43.41",
            "revenue": 87474
        },
        "2012-08": {
            "month": "2012-08",
            "price": "44.90",
            "revenue": 83665
        },
        "2012-09": {
            "month": "2012-09",
            "price": "40.47",
            "revenue": 75234
        },
        "2012-10": {
            "month": "2012-10",
            "price": "34.58",
            "revenue": 81734
        },
        "2012-11": {
            "month": "2012-11",
            "price": "32.00",
            "revenue": 76258
        },
        "2012-12": {
            "month": "2012-12",
            "price": "34.70",
            "revenue": 47806
        },
        "2013-01": {
            "month": "2013-01",
            "price": "31.43",
            "revenue": 56350
        },
        "2013-02": {
            "month": "2013-02",
            "price": "29.14",
            "revenue": 56436
        },
        "2013-03": {
            "month": "2013-03",
            "price": "30.02",
            "revenue": 63796
        },
        "2013-04": {
            "month": "2013-04",
            "price": "28.21",
            "revenue": 80691
        },
        "2013-05": {
            "month": "2013-05",
            "price": "30.22",
            "revenue": 82695
        },
        "2013-06": {
            "month": "2013-06",
            "price": "29.99",
            "revenue": 74222
        },
        "2013-07": {
            "month": "2013-07",
            "price": "28.00",
            "revenue": 102797
        },
        "2013-08": {
            "month": "2013-08",
            "price": "30.10",
            "revenue": 114316
        },
        "2013-09": {
            "month": "2013-09",
            "price": "29.27",
            "revenue": 66804
        },
        "2013-10": {
            "month": "2013-10",
            "price": "25.25",
            "revenue": 80424
        },
        "2013-11": {
            "month": "2013-11",
            "price": "22.02",
            "revenue": 93213
        },
        "2013-12": {
            "month": "2013-12",
            "price": "24.69",
            "revenue": 96068
        },
        "2014-01": {
            "month": "2014-01",
            "price": "26.61",
            "revenue": 108454
        },
        "2014-02": {
            "month": "2014-02",
            "price": "28.49",
            "revenue": 93591
        },
        "2014-03": {
            "month": "2014-03",
            "price": "32.93",
            "revenue": 78797
        },
        "2014-04": {
            "month": "2014-04",
            "price": "33.55",
            "revenue": 123530
        },
        "2014-05": {
            "month": "2014-05",
            "price": "31.58",
            "revenue": 119602
        },
        "2014-06": {
            "month": "2014-06",
            "price": "41.74",
            "revenue": 115190
        },
        "2014-07": {
            "month": "2014-07",
            "price": "44.94",
            "revenue": 136220
        },
        "2014-08": {
            "month": "2014-08",
            "price": "39.49",
            "revenue": 132556
        },
        "2014-09": {
            "month": "2014-09",
            "price": "43.34",
            "revenue": 142454
        },
        "2014-10": {
            "month": "2014-10",
            "price": "42.67",
            "revenue": 158998
        },
        "2014-11": {
            "month": "2014-11",
            "price": "43.38",
            "revenue": 131637
        },
        "2014-12": {
            "month": "2014-12",
            "price": "44.36",
            "revenue": 117876
        },
        "2015-01": {
            "month": "2015-01",
            "price": "44.58",
            "revenue": 151802
        },
        "2015-02": {
            "month": "2015-02",
            "price": "45.35",
            "revenue": 98041
        },
        "2015-03": {
            "month": "2015-03",
            "price": "51.73",
            "revenue": 106101
        },
        "2015-04": {
            "month": "2015-04",
            "price": "50.08",
            "revenue": 127922
        },
        "2015-05": {
            "month": "2015-05",
            "price": "40.97",
            "revenue": 117249
        },
        "2015-06": {
            "month": "2015-06",
            "price": "40.26",
            "revenue": 100990
        },
        "2015-07": {
            "month": "2015-07",
            "price": "41.27",
            "revenue": 143523
        },
        "2015-08": {
            "month": "2015-08",
            "price": "36.83",
            "revenue": 150966
        },
        "2015-09": {
            "month": "2015-09",
            "price": "31.55",
            "revenue": 136408
        },
        "2015-10": {
            "month": "2015-10",
            "price": "29.13",
            "revenue": 145605
        },
        "2015-11": {
            "month": "2015-11",
            "price": "28.86",
            "revenue": 118808
        },
        "2015-12": {
            "month": "2015-12",
            "price": "25.54",
            "revenue": 73464
        },
        "2016-01": {
            "month": "2016-01",
            "price": "23.58",
            "revenue": 96404
        },
        "2016-02": {
            "month": "2016-02",
            "price": "26.50",
            "revenue": 107750
        },
        "2016-03": {
            "month": "2016-03",
            "price": "28.71",
            "revenue": 105337
        },
        "2016-04": {
            "month": "2016-04",
            "price": "27.07",
            "revenue": 100643
        },
        "2016-05": {
            "month": "2016-05",
            "price": "25.75",
            "revenue": 135184
        },
        "2016-06": {
            "month": "2016-06",
            "price": "28.69",
            "revenue": 163947
        },
        "2016-07": {
            "month": "2016-07",
            "price": "30.91",
            "revenue": 197359
        },
        "2016-08": {
            "month": "2016-08",
            "price": "30.56",
            "revenue": 203048
        },
        "2016-09": {
            "month": "2016-09",
            "price": "30.74",
            "revenue": 175666
        },
        "2016-10": {
            "month": "2016-10",
            "price": "31.84",
            "revenue": 155046
        },
        "2016-11": {
            "month": "2016-11",
            "price": "33.19",
            "revenue": 156254
        },
        "2016-12": {
            "month": "2016-12",
            "price": "32.98",
            "revenue": 133461
        },
        "2017-01": {
            "month": "2017-01",
            "price": "32.70",
            "revenue": 150442
        },
        "2017-02": {
            "month": "2017-02",
            "price": "38.58",
            "revenue": 121194
        },
        "2017-03": {
            "month": "2017-03",
            "price": "43.98",
            "revenue": 144460
        },
        "2017-04": {
            "month": "2017-04",
            "price": "47.03",
            "revenue": 150458
        },
        "2017-05": {
            "month": "2017-05",
            "price": "49.95",
            "revenue": 101001
        },
        "2017-06": {
            "month": "2017-06",
            "price": "43.86",
            "revenue": 128069
        },
        "2017-07": {
            "month": "2017-07",
            "price": "39.58",
            "revenue": 168291
        },
        "2017-08": {
            "month": "2017-08",
            "price": "44.16",
            "revenue": 188402
        },
        "2017-09": {
            "month": "2017-09",
            "price": "40.16",
            "revenue": 201472
        },
        "2017-10": {
            "month": "2017-10",
            "price": "41.61",
            "revenue": 192389
        },
        "2017-11": {
            "month": "2017-11",
            "price": "50.83",
            "revenue": 194097
        },
        "2017-12": {
            "month": "2017-12",
            "price": "74.90",
            "revenue": 192857
        },
        "2018-01": {
            "month": "2018-01",
            "price": "85.81",
            "revenue": 207344
        },
        "2018-02": {
            "month": "2018-02",
            "price": "74.82",
            "revenue": 149187
        },
        "2018-03": {
            "month": "2018-03",
            "price": "77.49",
            "revenue": 196703
        },
        "2018-04": {
            "month": "2018-04",
            "price": "76.72",
            "revenue": 192074
        },
        "2018-05": {
            "month": "2018-05",
            "price": "72.85",
            "revenue": 199947
        },
        "2018-06": {
            "month": "2018-06",
            "price": "82.32",
            "revenue": 202511
        },
        "2018-07": {
            "month": "2018-07",
            "price": "72.70",
            "revenue": 217885
        },
        "2018-08": {
            "month": "2018-08",
            "price": "70.83",
            "revenue": 220508
        },
        "2018-09": {
            "month": "2018-09",
            "price": "60.88",
            "revenue": 181680
        },
        "2018-10": {
            "month": "2018-10",
            "price": "48.24",
            "revenue": 201937
        },
        "2018-11": {
            "month": "2018-11",
            "price": "48.90",
            "revenue": 180725
        },
        "2018-12": {
            "month": "2018-12",
            "price": "46.99",
            "revenue": 118111
        },
        "2019-01": {
            "month": "2019-01",
            "price": "45.76",
            "revenue": 131973
        },
        "2019-02": {
            "month": "2019-02",
            "price": "56.34",
            "revenue": 132557
        },
        "2019-03": {
            "month": "2019-03",
            "price": "58.87",
            "revenue": 134806
        },
        "2019-04": {
            "month": "2019-04",
            "price": "57.90",
            "revenue": 160238
        },
        "2019-05": {
            "month": "2019-05",
            "price": "49.35",
            "revenue": 196354
        },
        "2019-06": {
            "month": "2019-06",
            "price": "48.23",
            "revenue": 141424
        },
        "2019-07": {
            "month": "2019-07",
            "price": "51.16",
            "revenue": 144990
        },
        "2019-08": {
            "month": "2019-08",
            "price": "45.79",
            "revenue": 157325
        },
        "2019-09": {
            "month": "2019-09",
            "price": "48.86",
            "revenue": 131467
        },
        "2019-10": {
            "month": "2019-10",
            "price": "51.71",
            "revenue": 152114
        },
        "2019-11": {
            "month": "2019-11",
            "price": "48.07",
            "revenue": 145019
        },
        "2019-12": {
            "month": "2019-12",
            "price": "49.13",
            "revenue": 132216
        },
        "2020-01": {
            "month": "2020-01",
            "price": "49.14",
            "revenue": 118082
        },
        "2020-02": {
            "month": "2020-02",
            "price": "42.12",
            "revenue": 118651
        },
        "2020-03": {
            "month": "2020-03",
            "price": "33.06",
            "revenue": 133870
        },
        "2020-04": {
            "month": "2020-04",
            "price": "33.49",
            "revenue": 201000
        },
        "2020-05": {
            "month": "2020-05",
            "price": "39.70",
            "revenue": 121968
        },
        "2020-06": {
            "month": "2020-06",
            "price": "39.24",
            "revenue": 138526
        },
        "2020-07": {
            "month": "2020-07",
            "price": "41.24",
            "revenue": 178380
        },
        "2020-08": {
            "month": "2020-08",
            "price": "56.73",
            "revenue": 192956
        },
        "2020-09": {
            "month": "2020-09",
            "price": "63.51",
            "revenue": 211015
        },
        "2020-10": {
            "month": "2020-10",
            "price": "57.85",
            "revenue": 202989
        },
        "2020-11": {
            "month": "2020-11",
            "price": "57.28",
            "revenue": 203011
        },
        "2020-12": {
            "month": "2020-12",
            "price": "55.57",
            "revenue": 193412
        },
        "2021-01": {
            "month": "2021-01",
            "price": "51.88",
            "revenue": 197224
        },
        "2021-02": {
            "month": "2021-02",
            "price": "51.17",
            "revenue": 198006
        },
        "2021-03": {
            "month": "2021-03",
            "price": "56.19",
            "revenue": 202390
        },
        "2021-04": {
            "month": "2021-04",
            "price": "57.46",
            "revenue": 188632
        },
        "2021-05": {
            "month": "2021-05",
            "price": "45.68",
            "revenue": 197892
        },
        "2021-06": {
            "month": "2021-06",
            "price": "48.48",
            "revenue": 200014
        },
        "2021-07": {
            "month": "2021-07",
            "price": "51.71",
            "revenue": 215241
        },
        "2021-08": {
            "month": "2021-08",
            "price": "45.23",
            "revenue": 223336
        },
        "2021-09": {
            "month": "2021-09",
            "price": "42.26",
            "revenue": 210974
        },
        "2021-10": {
            "month": "2021-10",
            "price": "40.05",
            "revenue": 178999
        },
        "2021-11": {
            "month": "2021-11",
            "price": "42.31",
            "revenue": 176045
        },
        "2021-12": {
            "month": "2021-12",
            "price": "42.30",
            "revenue": 202376
        },
        "2022-01": {
            "month": "2022-01",
            "price": "42.85",
            "revenue": 220922
        },
        "2022-02": {
            "month": "2022-02",
            "price": "45.39",
            "revenue": 207899
        },
        "2022-03": {
            "month": "2022-03",
            "price": "50.59",
            "revenue": 225601
        },
        "2022-04": {
            "month": "2022-04",
            "price": "57.01",
            "revenue": 203435
        },
        "2022-05": {
            "month": "2022-05",
            "price": "51.48",
            "revenue": 229373
        },
        "2022-06": {
            "month": "2022-06",
            "price": "56.27",
            "revenue": 180622
        },
        "2022-07": {
            "month": "2022-07",
            "price": "40.09",
            "revenue": 86481
        },
        "2022-08": {
            "month": "2022-08",
            "price": "38.88",
            "revenue": 105511
        },
        "2022-09": {
            "month": "2022-09",
            "price": "36.45",
            "revenue": 110932
        },
        "2022-10": {
            "month": "2022-10",
            "price": "31.10",
            "revenue": 131958
        },
        "2022-11": {
            "month": "2022-11",
            "price": "31.46",
            "revenue": 106911
        },
        "2022-12": {
            "month": "2022-12",
            "price": "33.37",
            "revenue": 79714
        },
        "2023-01": {
            "month": "2023-01",
            "price": "31.98",
            "revenue": 79303
        },
        "2023-02": {
            "month": "2023-02",
            "price": "34.02",
            "revenue": 85667
        },
        "2023-03": {
            "month": "2023-03",
            "price": "34.14",
            "revenue": 121672
        },
        "2023-04": {
            "month": "2023-04",
            "price": "34.36",
            "revenue": 124129
        }
    }
}
