{
    "summary": {
        "stock_name": "艾恩特",
        "stock_id": "3646",
        "category": "電子零組件",
        "main_business": "連接器製造生產<br>線材製造生產<br>模具開發",
        "website_url": "http://www.ant-precision.com.tw",
        "ceo": "陳明仁",
        "pe_ratio": 15,
        "report_year_from": 2008,
        "report_year_to": 2023,
        "age": 15,
        "eps_negative_percentage": 15,
        "eps_growth_avg": {
            "last_all": 1.84,
            "last_2y": 31.21,
            "last_4y": 29.74,
            "last_8y": 14.57,
            "last_12y": null,
            "last_16y": null,
            "last_20y": null,
            "at_2006_last_3y": null,
            "at_2007_last_3y": null,
            "at_2008_last_3y": null,
            "at_2009_last_3y": null,
            "at_2010_last_3y": null,
            "at_2011_last_3y": null,
            "at_2012_last_3y": null,
            "at_2013_last_3y": null,
            "at_2014_last_3y": null,
            "at_2015_last_3y": -100,
            "at_2016_last_3y": 0,
            "at_2017_last_3y": -10.71,
            "at_2018_last_3y": 43.67,
            "at_2019_last_3y": 30.74,
            "at_2020_last_3y": 6.4,
            "at_2021_last_3y": 35.8,
            "at_2022_last_3y": 21.39,
            "at_2023_last_3y": 21.39,
            "at_2006_last_all": null,
            "at_2007_last_all": null,
            "at_2008_last_all": null,
            "at_2009_last_all": null,
            "at_2010_last_all": null,
            "at_2011_last_all": null,
            "at_2012_last_all": null,
            "at_2013_last_all": -100,
            "at_2014_last_all": -100,
            "at_2015_last_all": -100,
            "at_2016_last_all": -33.33,
            "at_2017_last_all": -33.04,
            "at_2018_last_all": -13.8,
            "at_2019_last_all": -12.84,
            "at_2020_last_all": -10.63,
            "at_2021_last_all": 1.38,
            "at_2022_last_all": 1.84,
            "at_2023_last_all": 1.84
        },
        "latest_eps": 2.03,
        "latest_price": 29.8,
        "latest_roe": 14.15,
        "latest_gross_margin": 27.94,
        "latest_equity": 574405,
        "latest_revenue": 185695,
        "latest_gross_profit": 51876,
        "latest_net_income": 7547,
        "latest_debt_ratio": 39.37,
        "latest_current_ratio": 215.81,
        "latest_account_receivable_turnover_ratio": 1.03,
        "latest_inventory_turnover_ratio": 0.75,
        "latest_reinvestment_rate": 22.3,
        "latest_research_to_sale_ratio": 2.62
    },
    "eps_dividends": {
        "2001": {
            "cash": 0,
            "stock": 0,
            "eps": 0
        },
        "2002": {
            "cash": 0,
            "stock": 0,
            "eps": 0
        },
        "2003": {
            "cash": 0,
            "stock": 0,
            "eps": 0
        },
        "2004": {
            "cash": 0,
            "stock": 0,
            "eps": 0
        },
        "2005": {
            "cash": 0,
            "stock": 0,
            "eps": 0
        },
        "2006": {
            "cash": 0,
            "stock": 0,
            "eps": 0
        },
        "2007": {
            "cash": 0,
            "stock": 0,
            "eps": 0
        },
        "2008": {
            "cash": 0,
            "stock": 0,
            "eps": 0
        },
        "2009": {
            "cash": 0.3,
            "stock": 0,
            "eps": 0
        },
        "2010": {
            "cash": 1,
            "stock": 0,
            "eps": 0
        },
        "2011": {
            "cash": 1,
            "stock": 0.5,
            "eps": 2.05
        },
        "2012": {
            "cash": 2,
            "stock": 0,
            "eps": -0.57
        },
        "2013": {
            "cash": 1,
            "stock": 0,
            "eps": 0.51
        },
        "2014": {
            "cash": 1.5,
            "stock": 0,
            "eps": -0.7
        },
        "2015": {
            "cash": 1,
            "stock": 0,
            "eps": 0.12
        },
        "2016": {
            "cash": 1,
            "stock": 0,
            "eps": 1.12
        },
        "2017": {
            "cash": 1,
            "stock": 0,
            "eps": 0.76
        },
        "2018": {
            "cash": 1,
            "stock": 0,
            "eps": 1.24
        },
        "2019": {
            "cash": 1,
            "stock": 0,
            "eps": 1.14
        },
        "2020": {
            "cash": 0.85,
            "stock": 0,
            "eps": 1.17
        },
        "2021": {
            "cash": 0.92,
            "stock": 0,
            "eps": 2.17
        },
        "2022": {
            "cash": 1.68,
            "stock": 0,
            "eps": 2.29
        },
        "2023": {
            "cash": 2.07,
            "stock": 0,
            "eps": 0.19
        }
    },
    "dividends": {
        "2009-05-07": {
            "cash": 0.3,
            "stock": 0
        },
        "2010-04-13": {
            "cash": 1,
            "stock": 0
        },
        "2011-03-25": {
            "cash": 1,
            "stock": 0.5
        },
        "2012-06-18": {
            "cash": 2,
            "stock": 0
        },
        "2013-05-10": {
            "cash": 1,
            "stock": 0
        },
        "2014-09-22": {
            "cash": 1.5,
            "stock": 0
        },
        "2015-09-18": {
            "cash": 1,
            "stock": 0
        },
        "2016-09-23": {
            "cash": 1,
            "stock": 0
        },
        "2017-09-21": {
            "cash": 1,
            "stock": 0
        },
        "2018-09-21": {
            "cash": 1,
            "stock": 0
        },
        "2019-09-26": {
            "cash": 1,
            "stock": 0
        },
        "2020-09-18": {
            "cash": 0.85,
            "stock": 0
        },
        "2021-10-25": {
            "cash": 0.92,
            "stock": 0
        },
        "2022-09-16": {
            "cash": 1.68,
            "stock": 0
        },
        "2023-03-17": {
            "cash": 2.07,
            "stock": 0
        }
    },
    "prices": {
        "200101": "無",
        "200102": "無",
        "200103": "無",
        "200104": "無",
        "200105": "無",
        "200106": "無",
        "200107": "無",
        "200108": "無",
        "200109": "無",
        "200110": "無",
        "200111": "無",
        "200112": "無",
        "200201": "無",
        "200202": "無",
        "200203": "無",
        "200204": "無",
        "200205": "無",
        "200206": "無",
        "200207": "無",
        "200208": "無",
        "200209": "無",
        "200210": "無",
        "200211": "無",
        "200212": "無",
        "200301": "無",
        "200302": "無",
        "200303": "無",
        "200304": "無",
        "200305": "無",
        "200306": "無",
        "200307": "無",
        "200308": "無",
        "200309": "無",
        "200310": "無",
        "200311": "無",
        "200312": "無",
        "200401": "無",
        "200402": "無",
        "200403": "無",
        "200404": "無",
        "200405": "無",
        "200406": "無",
        "200407": "無",
        "200408": "無",
        "200409": "無",
        "200410": "無",
        "200411": "無",
        "200412": "無",
        "200501": "無",
        "200502": "無",
        "200503": "無",
        "200504": "無",
        "200505": "無",
        "200506": "無",
        "200507": "無",
        "200508": "無",
        "200509": "無",
        "200510": "無",
        "200511": "無",
        "200512": "無",
        "200601": "無",
        "200602": "無",
        "200603": "無",
        "200604": "無",
        "200605": "無",
        "200606": "無",
        "200607": "無",
        "200608": "無",
        "200609": "無",
        "200610": "無",
        "200611": "無",
        "200612": "無",
        "200701": "無",
        "200702": "無",
        "200703": "無",
        "200704": "無",
        "200705": "無",
        "200706": "無",
        "200707": "無",
        "200708": "無",
        "200709": "無",
        "200710": "無",
        "200711": "無",
        "200712": "無",
        "200801": "無",
        "200802": "無",
        "200803": "無",
        "200804": "無",
        "200805": "無",
        "200806": "無",
        "200807": "無",
        "200808": "無",
        "200809": "無",
        "200810": "無",
        "200811": "無",
        "200812": "無",
        "200901": "無",
        "200902": "無",
        "200903": "無",
        "200904": "無",
        "200905": "無",
        "200906": "無",
        "200907": "無",
        "200908": "無",
        "200909": "無",
        "200910": "無",
        "200911": "無",
        "200912": "無",
        "201001": "無",
        "201002": "無",
        "201003": "無",
        "201004": "23.88",
        "201005": "21.52",
        "201006": "20.72",
        "201007": "19.61",
        "201008": "17.15",
        "201009": "15.36",
        "201010": "15.64",
        "201011": "17.24",
        "201012": "20.14",
        "201101": "20.49",
        "201102": "22.56",
        "201103": "30.33",
        "201104": "33.86",
        "201105": "34.70",
        "201106": "33.73",
        "201107": "34.94",
        "201108": "31.90",
        "201109": "29.11",
        "201110": "26.21",
        "201111": "27.72",
        "201112": "24.58",
        "201201": "23.57",
        "201202": "27.18",
        "201203": "35.30",
        "201204": "30.44",
        "201205": "27.06",
        "201206": "26.77",
        "201207": "25.31",
        "201208": "28.22",
        "201209": "32.16",
        "201210": "33.75",
        "201211": "32.53",
        "201212": "32.78",
        "201301": "33.66",
        "201302": "33.57",
        "201303": "32.63",
        "201304": "32.01",
        "201305": "34.80",
        "201306": "41.85",
        "201307": "42.64",
        "201308": "39.71",
        "201309": "35.78",
        "201310": "35.53",
        "201311": "31.31",
        "201312": "29.60",
        "201401": "29.76",
        "201402": "30.05",
        "201403": "29.12",
        "201404": "28.76",
        "201405": "28.04",
        "201406": "26.38",
        "201407": "23.56",
        "201408": "18.95",
        "201409": "14.88",
        "201410": "14.87",
        "201411": "14.65",
        "201412": "15.40",
        "201501": "18.21",
        "201502": "17.90",
        "201503": "18.22",
        "201504": "19.44",
        "201505": "17.94",
        "201506": "17.71",
        "201507": "16.61",
        "201508": "11.90",
        "201509": "11.86",
        "201510": "13.12",
        "201511": "13.03",
        "201512": "13.13",
        "201601": "11.85",
        "201602": "12.45",
        "201603": "12.99",
        "201604": "12.71",
        "201605": "12.50",
        "201606": "13.54",
        "201607": "16.86",
        "201608": "17.21",
        "201609": "17.78",
        "201610": "16.48",
        "201611": "17.00",
        "201612": "19.26",
        "201701": "23.57",
        "201702": "23.74",
        "201703": "25.65",
        "201704": "24.64",
        "201705": "25.45",
        "201706": "24.34",
        "201707": "22.99",
        "201708": "21.04",
        "201709": "20.54",
        "201710": "19.76",
        "201711": "18.87",
        "201712": "17.62",
        "201801": "17.41",
        "201802": "16.18",
        "201803": "15.70",
        "201804": "23.19",
        "201805": "23.44",
        "201806": "22.33",
        "201807": "20.06",
        "201808": "19.36",
        "201809": "18.21",
        "201810": "15.96",
        "201811": "15.98",
        "201812": "17.53",
        "201901": "17.59",
        "201902": "19.30",
        "201903": "20.41",
        "201904": "19.79",
        "201905": "18.86",
        "201906": "18.21",
        "201907": "17.89",
        "201908": "18.05",
        "201909": "17.75",
        "201910": "17.20",
        "201911": "17.06",
        "201912": "16.90",
        "202001": "16.79",
        "202002": "16.14",
        "202003": "14.15",
        "202004": "14.03",
        "202005": "15.49",
        "202006": "16.26",
        "202007": "16.62",
        "202008": "17.10",
        "202009": "20.22",
        "202010": "21.92",
        "202011": "20.57",
        "202012": "21.03",
        "202101": "22.54",
        "202102": "25.20",
        "202103": "26.12",
        "202104": "26.20",
        "202105": "23.55",
        "202106": "25.21",
        "202107": "29.55",
        "202108": "26.88",
        "202109": "26.82",
        "202110": "26.02",
        "202111": "26.47",
        "202112": "27.19",
        "202201": "27.69",
        "202202": "28.04",
        "202203": "27.01",
        "202204": "26.79",
        "202205": "26.19",
        "202206": "26.24",
        "202207": "25.63",
        "202208": "26.01",
        "202209": "24.73",
        "202210": "21.05",
        "202211": "22.48",
        "202212": "23.19",
        "202301": "23.32",
        "202302": "25.01",
        "202303": "26.65",
        "202304": "28.41",
        "202305": "30.95",
        "202306": "30.80"
    },
    "quarters": {
        "20011": {
            "year_quarter": 20011,
            "year": 2001,
            "quarter": 1,
            "eps": null,
            "eps_growth_year": null,
            "eps_4q": null,
            "eps_4q_growth_year": null,
            "roe": null,
            "roe_4q": 0,
            "gross_profit": null,
            "gross_margin": null,
            "gross_margin_4q_avg": 0,
            "net_income": null,
            "revenue": null,
            "common_shares": null,
            "book_valuer_per_share": null,
            "book_valuer_per_share_4q_avg": 0,
            "equity": null,
            "current_ratio": null,
            "debt_ratio": null,
            "inventory_turnover_ratio": null,
            "account_receivable_turnover_ratio": null,
            "reinvestment_rate": null,
            "research_to_sale_ratio": null,
            "price_fair": 0,
            "eps_avg_yearly": 0,
            "eps_latest_yearly": 0,
            "eps_growth_yearly": 0
        },
        "20012": {
            "year_quarter": 20012,
            "year": 2001,
            "quarter": 2,
            "eps": null,
            "eps_growth_year": null,
            "eps_4q": null,
            "eps_4q_growth_year": null,
            "roe": null,
            "roe_4q": 0,
            "gross_profit": null,
            "gross_margin": null,
            "gross_margin_4q_avg": 0,
            "net_income": null,
            "revenue": null,
            "common_shares": null,
            "book_valuer_per_share": null,
            "book_valuer_per_share_4q_avg": 0,
            "equity": null,
            "current_ratio": null,
            "debt_ratio": null,
            "inventory_turnover_ratio": null,
            "account_receivable_turnover_ratio": null,
            "reinvestment_rate": null,
            "research_to_sale_ratio": null,
            "price_fair": 0,
            "eps_avg_yearly": 0,
            "eps_latest_yearly": 0,
            "eps_growth_yearly": 0
        },
        "20013": {
            "year_quarter": 20013,
            "year": 2001,
            "quarter": 3,
            "eps": null,
            "eps_growth_year": null,
            "eps_4q": null,
            "eps_4q_growth_year": null,
            "roe": null,
            "roe_4q": 0,
            "gross_profit": null,
            "gross_margin": null,
            "gross_margin_4q_avg": 0,
            "net_income": null,
            "revenue": null,
            "common_shares": null,
            "book_valuer_per_share": null,
            "book_valuer_per_share_4q_avg": 0,
            "equity": null,
            "current_ratio": null,
            "debt_ratio": null,
            "inventory_turnover_ratio": null,
            "account_receivable_turnover_ratio": null,
            "reinvestment_rate": null,
            "research_to_sale_ratio": null,
            "price_fair": 0,
            "eps_avg_yearly": 0,
            "eps_latest_yearly": 0,
            "eps_growth_yearly": 0
        },
        "20014": {
            "year_quarter": 20014,
            "year": 2001,
            "quarter": 4,
            "eps": null,
            "eps_growth_year": null,
            "eps_4q": null,
            "eps_4q_growth_year": null,
            "roe": null,
            "roe_4q": 0,
            "gross_profit": null,
            "gross_margin": null,
            "gross_margin_4q_avg": 0,
            "net_income": null,
            "revenue": null,
            "common_shares": null,
            "book_valuer_per_share": null,
            "book_valuer_per_share_4q_avg": 0,
            "equity": null,
            "current_ratio": null,
            "debt_ratio": null,
            "inventory_turnover_ratio": null,
            "account_receivable_turnover_ratio": null,
            "reinvestment_rate": null,
            "research_to_sale_ratio": null,
            "price_fair": 0,
            "eps_avg_yearly": 0,
            "eps_latest_yearly": 0,
            "eps_growth_yearly": 0
        },
        "20021": {
            "year_quarter": 20021,
            "year": 2002,
            "quarter": 1,
            "eps": null,
            "eps_growth_year": null,
            "eps_4q": null,
            "eps_4q_growth_year": null,
            "roe": null,
            "roe_4q": 0,
            "gross_profit": null,
            "gross_margin": null,
            "gross_margin_4q_avg": 0,
            "net_income": null,
            "revenue": null,
            "common_shares": null,
            "book_valuer_per_share": null,
            "book_valuer_per_share_4q_avg": 0,
            "equity": null,
            "current_ratio": null,
            "debt_ratio": null,
            "inventory_turnover_ratio": null,
            "account_receivable_turnover_ratio": null,
            "reinvestment_rate": null,
            "research_to_sale_ratio": null,
            "price_fair": 0,
            "eps_avg_yearly": 0,
            "eps_latest_yearly": 0,
            "eps_growth_yearly": 0
        },
        "20022": {
            "year_quarter": 20022,
            "year": 2002,
            "quarter": 2,
            "eps": null,
            "eps_growth_year": null,
            "eps_4q": null,
            "eps_4q_growth_year": null,
            "roe": null,
            "roe_4q": 0,
            "gross_profit": null,
            "gross_margin": null,
            "gross_margin_4q_avg": 0,
            "net_income": null,
            "revenue": null,
            "common_shares": null,
            "book_valuer_per_share": null,
            "book_valuer_per_share_4q_avg": 0,
            "equity": null,
            "current_ratio": null,
            "debt_ratio": null,
            "inventory_turnover_ratio": null,
            "account_receivable_turnover_ratio": null,
            "reinvestment_rate": null,
            "research_to_sale_ratio": null,
            "price_fair": 0,
            "eps_avg_yearly": 0,
            "eps_latest_yearly": 0,
            "eps_growth_yearly": 0
        },
        "20023": {
            "year_quarter": 20023,
            "year": 2002,
            "quarter": 3,
            "eps": null,
            "eps_growth_year": null,
            "eps_4q": null,
            "eps_4q_growth_year": null,
            "roe": null,
            "roe_4q": 0,
            "gross_profit": null,
            "gross_margin": null,
            "gross_margin_4q_avg": 0,
            "net_income": null,
            "revenue": null,
            "common_shares": null,
            "book_valuer_per_share": null,
            "book_valuer_per_share_4q_avg": 0,
            "equity": null,
            "current_ratio": null,
            "debt_ratio": null,
            "inventory_turnover_ratio": null,
            "account_receivable_turnover_ratio": null,
            "reinvestment_rate": null,
            "research_to_sale_ratio": null,
            "price_fair": 0,
            "eps_avg_yearly": 0,
            "eps_latest_yearly": 0,
            "eps_growth_yearly": 0
        },
        "20024": {
            "year_quarter": 20024,
            "year": 2002,
            "quarter": 4,
            "eps": null,
            "eps_growth_year": null,
            "eps_4q": null,
            "eps_4q_growth_year": null,
            "roe": null,
            "roe_4q": 0,
            "gross_profit": null,
            "gross_margin": null,
            "gross_margin_4q_avg": 0,
            "net_income": null,
            "revenue": null,
            "common_shares": null,
            "book_valuer_per_share": null,
            "book_valuer_per_share_4q_avg": 0,
            "equity": null,
            "current_ratio": null,
            "debt_ratio": null,
            "inventory_turnover_ratio": null,
            "account_receivable_turnover_ratio": null,
            "reinvestment_rate": null,
            "research_to_sale_ratio": null,
            "price_fair": 0,
            "eps_avg_yearly": 0,
            "eps_latest_yearly": 0,
            "eps_growth_yearly": 0
        },
        "20031": {
            "year_quarter": 20031,
            "year": 2003,
            "quarter": 1,
            "eps": null,
            "eps_growth_year": null,
            "eps_4q": null,
            "eps_4q_growth_year": null,
            "roe": null,
            "roe_4q": 0,
            "gross_profit": null,
            "gross_margin": null,
            "gross_margin_4q_avg": 0,
            "net_income": null,
            "revenue": null,
            "common_shares": null,
            "book_valuer_per_share": null,
            "book_valuer_per_share_4q_avg": 0,
            "equity": null,
            "current_ratio": null,
            "debt_ratio": null,
            "inventory_turnover_ratio": null,
            "account_receivable_turnover_ratio": null,
            "reinvestment_rate": null,
            "research_to_sale_ratio": null,
            "price_fair": 0,
            "eps_avg_yearly": 0,
            "eps_latest_yearly": 0,
            "eps_growth_yearly": 0
        },
        "20032": {
            "year_quarter": 20032,
            "year": 2003,
            "quarter": 2,
            "eps": null,
            "eps_growth_year": null,
            "eps_4q": null,
            "eps_4q_growth_year": null,
            "roe": null,
            "roe_4q": 0,
            "gross_profit": null,
            "gross_margin": null,
            "gross_margin_4q_avg": 0,
            "net_income": null,
            "revenue": null,
            "common_shares": null,
            "book_valuer_per_share": null,
            "book_valuer_per_share_4q_avg": 0,
            "equity": null,
            "current_ratio": null,
            "debt_ratio": null,
            "inventory_turnover_ratio": null,
            "account_receivable_turnover_ratio": null,
            "reinvestment_rate": null,
            "research_to_sale_ratio": null,
            "price_fair": 0,
            "eps_avg_yearly": 0,
            "eps_latest_yearly": 0,
            "eps_growth_yearly": 0
        },
        "20033": {
            "year_quarter": 20033,
            "year": 2003,
            "quarter": 3,
            "eps": null,
            "eps_growth_year": null,
            "eps_4q": null,
            "eps_4q_growth_year": null,
            "roe": null,
            "roe_4q": 0,
            "gross_profit": null,
            "gross_margin": null,
            "gross_margin_4q_avg": 0,
            "net_income": null,
            "revenue": null,
            "common_shares": null,
            "book_valuer_per_share": null,
            "book_valuer_per_share_4q_avg": 0,
            "equity": null,
            "current_ratio": null,
            "debt_ratio": null,
            "inventory_turnover_ratio": null,
            "account_receivable_turnover_ratio": null,
            "reinvestment_rate": null,
            "research_to_sale_ratio": null,
            "price_fair": 0,
            "eps_avg_yearly": 0,
            "eps_latest_yearly": 0,
            "eps_growth_yearly": 0
        },
        "20034": {
            "year_quarter": 20034,
            "year": 2003,
            "quarter": 4,
            "eps": null,
            "eps_growth_year": null,
            "eps_4q": null,
            "eps_4q_growth_year": null,
            "roe": null,
            "roe_4q": 0,
            "gross_profit": null,
            "gross_margin": null,
            "gross_margin_4q_avg": 0,
            "net_income": null,
            "revenue": null,
            "common_shares": 150921,
            "book_valuer_per_share": 11.94,
            "book_valuer_per_share_4q_avg": 2.99,
            "equity": 180220,
            "current_ratio": 173.52,
            "debt_ratio": 39.63,
            "inventory_turnover_ratio": null,
            "account_receivable_turnover_ratio": null,
            "reinvestment_rate": null,
            "research_to_sale_ratio": null,
            "price_fair": 0,
            "eps_avg_yearly": 0,
            "eps_latest_yearly": 0,
            "eps_growth_yearly": 0
        },
        "20041": {
            "year_quarter": 20041,
            "year": 2004,
            "quarter": 1,
            "eps": null,
            "eps_growth_year": null,
            "eps_4q": null,
            "eps_4q_growth_year": null,
            "roe": null,
            "roe_4q": 0,
            "gross_profit": null,
            "gross_margin": null,
            "gross_margin_4q_avg": 0,
            "net_income": null,
            "revenue": null,
            "common_shares": null,
            "book_valuer_per_share": null,
            "book_valuer_per_share_4q_avg": 2.99,
            "equity": null,
            "current_ratio": null,
            "debt_ratio": null,
            "inventory_turnover_ratio": null,
            "account_receivable_turnover_ratio": null,
            "reinvestment_rate": null,
            "research_to_sale_ratio": null,
            "price_fair": 0,
            "eps_avg_yearly": 0,
            "eps_latest_yearly": 0,
            "eps_growth_yearly": 0
        },
        "20042": {
            "year_quarter": 20042,
            "year": 2004,
            "quarter": 2,
            "eps": null,
            "eps_growth_year": null,
            "eps_4q": null,
            "eps_4q_growth_year": null,
            "roe": null,
            "roe_4q": 0,
            "gross_profit": null,
            "gross_margin": null,
            "gross_margin_4q_avg": 0,
            "net_income": null,
            "revenue": null,
            "common_shares": null,
            "book_valuer_per_share": null,
            "book_valuer_per_share_4q_avg": 2.99,
            "equity": null,
            "current_ratio": null,
            "debt_ratio": null,
            "inventory_turnover_ratio": null,
            "account_receivable_turnover_ratio": null,
            "reinvestment_rate": null,
            "research_to_sale_ratio": null,
            "price_fair": 0,
            "eps_avg_yearly": 0,
            "eps_latest_yearly": 0,
            "eps_growth_yearly": 0
        },
        "20043": {
            "year_quarter": 20043,
            "year": 2004,
            "quarter": 3,
            "eps": null,
            "eps_growth_year": null,
            "eps_4q": null,
            "eps_4q_growth_year": null,
            "roe": null,
            "roe_4q": 0,
            "gross_profit": null,
            "gross_margin": null,
            "gross_margin_4q_avg": 0,
            "net_income": null,
            "revenue": null,
            "common_shares": null,
            "book_valuer_per_share": null,
            "book_valuer_per_share_4q_avg": 2.99,
            "equity": null,
            "current_ratio": null,
            "debt_ratio": null,
            "inventory_turnover_ratio": null,
            "account_receivable_turnover_ratio": null,
            "reinvestment_rate": null,
            "research_to_sale_ratio": null,
            "price_fair": 0,
            "eps_avg_yearly": 0,
            "eps_latest_yearly": 0,
            "eps_growth_yearly": 0
        },
        "20044": {
            "year_quarter": 20044,
            "year": 2004,
            "quarter": 4,
            "eps": null,
            "eps_growth_year": null,
            "eps_4q": null,
            "eps_4q_growth_year": null,
            "roe": null,
            "roe_4q": 0,
            "gross_profit": null,
            "gross_margin": null,
            "gross_margin_4q_avg": 0,
            "net_income": null,
            "revenue": null,
            "common_shares": 150921,
            "book_valuer_per_share": 13.04,
            "book_valuer_per_share_4q_avg": 3.26,
            "equity": 196758,
            "current_ratio": 181.23,
            "debt_ratio": 43.52,
            "inventory_turnover_ratio": null,
            "account_receivable_turnover_ratio": null,
            "reinvestment_rate": null,
            "research_to_sale_ratio": null,
            "price_fair": 0,
            "eps_avg_yearly": 0,
            "eps_latest_yearly": 0,
            "eps_growth_yearly": 0
        },
        "20051": {
            "year_quarter": 20051,
            "year": 2005,
            "quarter": 1,
            "eps": null,
            "eps_growth_year": null,
            "eps_4q": null,
            "eps_4q_growth_year": null,
            "roe": null,
            "roe_4q": 0,
            "gross_profit": null,
            "gross_margin": null,
            "gross_margin_4q_avg": 0,
            "net_income": null,
            "revenue": null,
            "common_shares": null,
            "book_valuer_per_share": null,
            "book_valuer_per_share_4q_avg": 3.26,
            "equity": null,
            "current_ratio": null,
            "debt_ratio": null,
            "inventory_turnover_ratio": null,
            "account_receivable_turnover_ratio": null,
            "reinvestment_rate": null,
            "research_to_sale_ratio": null,
            "price_fair": 0,
            "eps_avg_yearly": 0,
            "eps_latest_yearly": 0,
            "eps_growth_yearly": 0
        },
        "20052": {
            "year_quarter": 20052,
            "year": 2005,
            "quarter": 2,
            "eps": null,
            "eps_growth_year": null,
            "eps_4q": null,
            "eps_4q_growth_year": null,
            "roe": null,
            "roe_4q": 0,
            "gross_profit": null,
            "gross_margin": null,
            "gross_margin_4q_avg": 0,
            "net_income": null,
            "revenue": null,
            "common_shares": null,
            "book_valuer_per_share": null,
            "book_valuer_per_share_4q_avg": 3.26,
            "equity": null,
            "current_ratio": null,
            "debt_ratio": null,
            "inventory_turnover_ratio": null,
            "account_receivable_turnover_ratio": null,
            "reinvestment_rate": null,
            "research_to_sale_ratio": null,
            "price_fair": 0,
            "eps_avg_yearly": 0,
            "eps_latest_yearly": 0,
            "eps_growth_yearly": 0
        },
        "20053": {
            "year_quarter": 20053,
            "year": 2005,
            "quarter": 3,
            "eps": null,
            "eps_growth_year": null,
            "eps_4q": null,
            "eps_4q_growth_year": null,
            "roe": null,
            "roe_4q": 0,
            "gross_profit": null,
            "gross_margin": null,
            "gross_margin_4q_avg": 0,
            "net_income": null,
            "revenue": null,
            "common_shares": null,
            "book_valuer_per_share": null,
            "book_valuer_per_share_4q_avg": 3.26,
            "equity": null,
            "current_ratio": null,
            "debt_ratio": null,
            "inventory_turnover_ratio": null,
            "account_receivable_turnover_ratio": null,
            "reinvestment_rate": null,
            "research_to_sale_ratio": null,
            "price_fair": 0,
            "eps_avg_yearly": 0,
            "eps_latest_yearly": 0,
            "eps_growth_yearly": 0
        },
        "20054": {
            "year_quarter": 20054,
            "year": 2005,
            "quarter": 4,
            "eps": null,
            "eps_growth_year": null,
            "eps_4q": null,
            "eps_4q_growth_year": null,
            "roe": null,
            "roe_4q": 0,
            "gross_profit": null,
            "gross_margin": null,
            "gross_margin_4q_avg": 0,
            "net_income": null,
            "revenue": null,
            "common_shares": 160137,
            "book_valuer_per_share": 13.91,
            "book_valuer_per_share_4q_avg": 3.48,
            "equity": 222780,
            "current_ratio": 228.26,
            "debt_ratio": 37.59,
            "inventory_turnover_ratio": null,
            "account_receivable_turnover_ratio": null,
            "reinvestment_rate": null,
            "research_to_sale_ratio": null,
            "price_fair": 0,
            "eps_avg_yearly": 0,
            "eps_latest_yearly": 0,
            "eps_growth_yearly": 0
        },
        "20061": {
            "year_quarter": 20061,
            "year": 2006,
            "quarter": 1,
            "eps": null,
            "eps_growth_year": null,
            "eps_4q": null,
            "eps_4q_growth_year": null,
            "roe": null,
            "roe_4q": 0,
            "gross_profit": null,
            "gross_margin": null,
            "gross_margin_4q_avg": 0,
            "net_income": null,
            "revenue": null,
            "common_shares": null,
            "book_valuer_per_share": null,
            "book_valuer_per_share_4q_avg": 3.48,
            "equity": null,
            "current_ratio": null,
            "debt_ratio": null,
            "inventory_turnover_ratio": null,
            "account_receivable_turnover_ratio": null,
            "reinvestment_rate": null,
            "research_to_sale_ratio": null,
            "price_fair": 0,
            "eps_avg_yearly": 0,
            "eps_latest_yearly": 0,
            "eps_growth_yearly": 0
        },
        "20062": {
            "year_quarter": 20062,
            "year": 2006,
            "quarter": 2,
            "eps": null,
            "eps_growth_year": null,
            "eps_4q": null,
            "eps_4q_growth_year": null,
            "roe": null,
            "roe_4q": 0,
            "gross_profit": null,
            "gross_margin": null,
            "gross_margin_4q_avg": 0,
            "net_income": null,
            "revenue": null,
            "common_shares": null,
            "book_valuer_per_share": null,
            "book_valuer_per_share_4q_avg": 3.48,
            "equity": null,
            "current_ratio": null,
            "debt_ratio": null,
            "inventory_turnover_ratio": null,
            "account_receivable_turnover_ratio": null,
            "reinvestment_rate": null,
            "research_to_sale_ratio": null,
            "price_fair": 0,
            "eps_avg_yearly": 0,
            "eps_latest_yearly": 0,
            "eps_growth_yearly": 0
        },
        "20063": {
            "year_quarter": 20063,
            "year": 2006,
            "quarter": 3,
            "eps": null,
            "eps_growth_year": null,
            "eps_4q": null,
            "eps_4q_growth_year": null,
            "roe": null,
            "roe_4q": 0,
            "gross_profit": null,
            "gross_margin": null,
            "gross_margin_4q_avg": 0,
            "net_income": null,
            "revenue": null,
            "common_shares": null,
            "book_valuer_per_share": null,
            "book_valuer_per_share_4q_avg": 3.48,
            "equity": null,
            "current_ratio": null,
            "debt_ratio": null,
            "inventory_turnover_ratio": null,
            "account_receivable_turnover_ratio": null,
            "reinvestment_rate": null,
            "research_to_sale_ratio": null,
            "price_fair": 0,
            "eps_avg_yearly": 0,
            "eps_latest_yearly": 0,
            "eps_growth_yearly": 0
        },
        "20064": {
            "year_quarter": 20064,
            "year": 2006,
            "quarter": 4,
            "eps": null,
            "eps_growth_year": null,
            "eps_4q": null,
            "eps_4q_growth_year": null,
            "roe": null,
            "roe_4q": 0,
            "gross_profit": null,
            "gross_margin": null,
            "gross_margin_4q_avg": 0,
            "net_income": null,
            "revenue": null,
            "common_shares": 242028,
            "book_valuer_per_share": 12.16,
            "book_valuer_per_share_4q_avg": 3.04,
            "equity": 294389,
            "current_ratio": 139.97,
            "debt_ratio": 46.72,
            "inventory_turnover_ratio": null,
            "account_receivable_turnover_ratio": null,
            "reinvestment_rate": null,
            "research_to_sale_ratio": null,
            "price_fair": 0,
            "eps_avg_yearly": 0,
            "eps_latest_yearly": 0,
            "eps_growth_yearly": 0
        },
        "20071": {
            "year_quarter": 20071,
            "year": 2007,
            "quarter": 1,
            "eps": null,
            "eps_growth_year": null,
            "eps_4q": null,
            "eps_4q_growth_year": null,
            "roe": null,
            "roe_4q": 0,
            "gross_profit": null,
            "gross_margin": null,
            "gross_margin_4q_avg": 0,
            "net_income": null,
            "revenue": null,
            "common_shares": null,
            "book_valuer_per_share": null,
            "book_valuer_per_share_4q_avg": 3.04,
            "equity": null,
            "current_ratio": null,
            "debt_ratio": null,
            "inventory_turnover_ratio": null,
            "account_receivable_turnover_ratio": null,
            "reinvestment_rate": null,
            "research_to_sale_ratio": null,
            "price_fair": 0,
            "eps_avg_yearly": 0,
            "eps_latest_yearly": 0,
            "eps_growth_yearly": 0
        },
        "20072": {
            "year_quarter": 20072,
            "year": 2007,
            "quarter": 2,
            "eps": null,
            "eps_growth_year": null,
            "eps_4q": null,
            "eps_4q_growth_year": null,
            "roe": null,
            "roe_4q": 0,
            "gross_profit": null,
            "gross_margin": null,
            "gross_margin_4q_avg": 0,
            "net_income": null,
            "revenue": null,
            "common_shares": null,
            "book_valuer_per_share": null,
            "book_valuer_per_share_4q_avg": 3.04,
            "equity": null,
            "current_ratio": null,
            "debt_ratio": null,
            "inventory_turnover_ratio": null,
            "account_receivable_turnover_ratio": null,
            "reinvestment_rate": null,
            "research_to_sale_ratio": null,
            "price_fair": 0,
            "eps_avg_yearly": 0,
            "eps_latest_yearly": 0,
            "eps_growth_yearly": 0
        },
        "20073": {
            "year_quarter": 20073,
            "year": 2007,
            "quarter": 3,
            "eps": null,
            "eps_growth_year": null,
            "eps_4q": null,
            "eps_4q_growth_year": null,
            "roe": null,
            "roe_4q": 0,
            "gross_profit": null,
            "gross_margin": null,
            "gross_margin_4q_avg": 0,
            "net_income": null,
            "revenue": null,
            "common_shares": null,
            "book_valuer_per_share": null,
            "book_valuer_per_share_4q_avg": 3.04,
            "equity": null,
            "current_ratio": null,
            "debt_ratio": null,
            "inventory_turnover_ratio": null,
            "account_receivable_turnover_ratio": null,
            "reinvestment_rate": null,
            "research_to_sale_ratio": null,
            "price_fair": 0,
            "eps_avg_yearly": 0,
            "eps_latest_yearly": 0,
            "eps_growth_yearly": 0
        },
        "20074": {
            "year_quarter": 20074,
            "year": 2007,
            "quarter": 4,
            "eps": null,
            "eps_growth_year": null,
            "eps_4q": null,
            "eps_4q_growth_year": null,
            "roe": null,
            "roe_4q": 0,
            "gross_profit": null,
            "gross_margin": null,
            "gross_margin_4q_avg": 0,
            "net_income": null,
            "revenue": null,
            "common_shares": 309872,
            "book_valuer_per_share": 15.57,
            "book_valuer_per_share_4q_avg": 3.89,
            "equity": 482438,
            "current_ratio": 151.99,
            "debt_ratio": 44.31,
            "inventory_turnover_ratio": null,
            "account_receivable_turnover_ratio": null,
            "reinvestment_rate": null,
            "research_to_sale_ratio": null,
            "price_fair": 0,
            "eps_avg_yearly": 0,
            "eps_latest_yearly": 0,
            "eps_growth_yearly": 0
        },
        "20081": {
            "year_quarter": 20081,
            "year": 2008,
            "quarter": 1,
            "eps": null,
            "eps_growth_year": null,
            "eps_4q": null,
            "eps_4q_growth_year": null,
            "roe": null,
            "roe_4q": 0,
            "gross_profit": null,
            "gross_margin": null,
            "gross_margin_4q_avg": 0,
            "net_income": null,
            "revenue": null,
            "common_shares": null,
            "book_valuer_per_share": null,
            "book_valuer_per_share_4q_avg": 3.89,
            "equity": null,
            "current_ratio": null,
            "debt_ratio": null,
            "inventory_turnover_ratio": null,
            "account_receivable_turnover_ratio": null,
            "reinvestment_rate": null,
            "research_to_sale_ratio": null,
            "price_fair": 0,
            "eps_avg_yearly": 0,
            "eps_latest_yearly": 0,
            "eps_growth_yearly": 0
        },
        "20082": {
            "year_quarter": 20082,
            "year": 2008,
            "quarter": 2,
            "eps": null,
            "eps_growth_year": null,
            "eps_4q": null,
            "eps_4q_growth_year": null,
            "roe": null,
            "roe_4q": 0,
            "gross_profit": null,
            "gross_margin": null,
            "gross_margin_4q_avg": 0,
            "net_income": null,
            "revenue": null,
            "common_shares": null,
            "book_valuer_per_share": null,
            "book_valuer_per_share_4q_avg": 3.89,
            "equity": null,
            "current_ratio": null,
            "debt_ratio": null,
            "inventory_turnover_ratio": null,
            "account_receivable_turnover_ratio": null,
            "reinvestment_rate": null,
            "research_to_sale_ratio": null,
            "price_fair": 0,
            "eps_avg_yearly": 0,
            "eps_latest_yearly": 0,
            "eps_growth_yearly": 0
        },
        "20083": {
            "year_quarter": 20083,
            "year": 2008,
            "quarter": 3,
            "eps": null,
            "eps_growth_year": null,
            "eps_4q": null,
            "eps_4q_growth_year": null,
            "roe": null,
            "roe_4q": 0,
            "gross_profit": null,
            "gross_margin": null,
            "gross_margin_4q_avg": 0,
            "net_income": null,
            "revenue": null,
            "common_shares": null,
            "book_valuer_per_share": null,
            "book_valuer_per_share_4q_avg": 3.89,
            "equity": null,
            "current_ratio": null,
            "debt_ratio": null,
            "inventory_turnover_ratio": null,
            "account_receivable_turnover_ratio": null,
            "reinvestment_rate": null,
            "research_to_sale_ratio": null,
            "price_fair": 0,
            "eps_avg_yearly": 0,
            "eps_latest_yearly": 0,
            "eps_growth_yearly": 0
        },
        "20084": {
            "year_quarter": 20084,
            "year": 2008,
            "quarter": 4,
            "eps": null,
            "eps_growth_year": null,
            "eps_4q": null,
            "eps_4q_growth_year": null,
            "roe": null,
            "roe_4q": 0,
            "gross_profit": null,
            "gross_margin": null,
            "gross_margin_4q_avg": 0,
            "net_income": null,
            "revenue": null,
            "common_shares": 329567,
            "book_valuer_per_share": 14.66,
            "book_valuer_per_share_4q_avg": 3.67,
            "equity": 482982,
            "current_ratio": 184.27,
            "debt_ratio": 35.85,
            "inventory_turnover_ratio": null,
            "account_receivable_turnover_ratio": null,
            "reinvestment_rate": null,
            "research_to_sale_ratio": null,
            "price_fair": 0,
            "eps_avg_yearly": 0,
            "eps_latest_yearly": 0,
            "eps_growth_yearly": 0
        },
        "20091": {
            "year_quarter": 20091,
            "year": 2009,
            "quarter": 1,
            "eps": null,
            "eps_growth_year": null,
            "eps_4q": null,
            "eps_4q_growth_year": null,
            "roe": null,
            "roe_4q": 0,
            "gross_profit": null,
            "gross_margin": null,
            "gross_margin_4q_avg": 0,
            "net_income": null,
            "revenue": null,
            "common_shares": null,
            "book_valuer_per_share": null,
            "book_valuer_per_share_4q_avg": 3.67,
            "equity": null,
            "current_ratio": null,
            "debt_ratio": null,
            "inventory_turnover_ratio": null,
            "account_receivable_turnover_ratio": null,
            "reinvestment_rate": null,
            "research_to_sale_ratio": null,
            "price_fair": 0,
            "eps_avg_yearly": 0,
            "eps_latest_yearly": 0,
            "eps_growth_yearly": 0
        },
        "20092": {
            "year_quarter": 20092,
            "year": 2009,
            "quarter": 2,
            "eps": null,
            "eps_growth_year": null,
            "eps_4q": null,
            "eps_4q_growth_year": null,
            "roe": null,
            "roe_4q": 0,
            "gross_profit": null,
            "gross_margin": null,
            "gross_margin_4q_avg": 0,
            "net_income": null,
            "revenue": null,
            "common_shares": 329567,
            "book_valuer_per_share": null,
            "book_valuer_per_share_4q_avg": 3.67,
            "equity": 496222,
            "current_ratio": null,
            "debt_ratio": null,
            "inventory_turnover_ratio": null,
            "account_receivable_turnover_ratio": null,
            "reinvestment_rate": null,
            "research_to_sale_ratio": null,
            "price_fair": 0,
            "eps_avg_yearly": 0,
            "eps_latest_yearly": 0,
            "eps_growth_yearly": 0
        },
        "20093": {
            "year_quarter": 20093,
            "year": 2009,
            "quarter": 3,
            "eps": null,
            "eps_growth_year": null,
            "eps_4q": null,
            "eps_4q_growth_year": null,
            "roe": null,
            "roe_4q": 0,
            "gross_profit": null,
            "gross_margin": null,
            "gross_margin_4q_avg": 0,
            "net_income": null,
            "revenue": null,
            "common_shares": null,
            "book_valuer_per_share": null,
            "book_valuer_per_share_4q_avg": 3.67,
            "equity": null,
            "current_ratio": null,
            "debt_ratio": null,
            "inventory_turnover_ratio": null,
            "account_receivable_turnover_ratio": null,
            "reinvestment_rate": null,
            "research_to_sale_ratio": null,
            "price_fair": 0,
            "eps_avg_yearly": 0,
            "eps_latest_yearly": 0,
            "eps_growth_yearly": 0
        },
        "20094": {
            "year_quarter": 20094,
            "year": 2009,
            "quarter": 4,
            "eps": null,
            "eps_growth_year": null,
            "eps_4q": null,
            "eps_4q_growth_year": null,
            "roe": null,
            "roe_4q": 0,
            "gross_profit": null,
            "gross_margin": null,
            "gross_margin_4q_avg": 0,
            "net_income": null,
            "revenue": null,
            "common_shares": 329567,
            "book_valuer_per_share": 15.5,
            "book_valuer_per_share_4q_avg": 3.88,
            "equity": 510986,
            "current_ratio": 241.87,
            "debt_ratio": 28.07,
            "inventory_turnover_ratio": null,
            "account_receivable_turnover_ratio": null,
            "reinvestment_rate": null,
            "research_to_sale_ratio": null,
            "price_fair": 0,
            "eps_avg_yearly": 0,
            "eps_latest_yearly": 0,
            "eps_growth_yearly": 0
        },
        "20101": {
            "year_quarter": 20101,
            "year": 2010,
            "quarter": 1,
            "eps": null,
            "eps_growth_year": null,
            "eps_4q": null,
            "eps_4q_growth_year": null,
            "roe": null,
            "roe_4q": 0,
            "gross_profit": null,
            "gross_margin": null,
            "gross_margin_4q_avg": 0,
            "net_income": null,
            "revenue": null,
            "common_shares": null,
            "book_valuer_per_share": null,
            "book_valuer_per_share_4q_avg": 3.88,
            "equity": null,
            "current_ratio": null,
            "debt_ratio": null,
            "inventory_turnover_ratio": null,
            "account_receivable_turnover_ratio": null,
            "reinvestment_rate": null,
            "research_to_sale_ratio": null,
            "price_fair": 0,
            "eps_avg_yearly": 0,
            "eps_latest_yearly": 0,
            "eps_growth_yearly": 0
        },
        "20102": {
            "year_quarter": 20102,
            "year": 2010,
            "quarter": 2,
            "eps": null,
            "eps_growth_year": null,
            "eps_4q": null,
            "eps_4q_growth_year": null,
            "roe": null,
            "roe_4q": 0,
            "gross_profit": null,
            "gross_margin": null,
            "gross_margin_4q_avg": 0,
            "net_income": null,
            "revenue": null,
            "common_shares": 329567,
            "book_valuer_per_share": 14.96,
            "book_valuer_per_share_4q_avg": 7.62,
            "equity": 492966,
            "current_ratio": 157.57,
            "debt_ratio": 44.18,
            "inventory_turnover_ratio": null,
            "account_receivable_turnover_ratio": null,
            "reinvestment_rate": null,
            "research_to_sale_ratio": null,
            "price_fair": 0,
            "eps_avg_yearly": 0,
            "eps_latest_yearly": 0,
            "eps_growth_yearly": 0
        },
        "20103": {
            "year_quarter": 20103,
            "year": 2010,
            "quarter": 3,
            "eps": null,
            "eps_growth_year": null,
            "eps_4q": null,
            "eps_4q_growth_year": null,
            "roe": null,
            "roe_4q": 0,
            "gross_profit": 18838,
            "gross_margin": null,
            "gross_margin_4q_avg": 0,
            "net_income": 42179,
            "revenue": 290907,
            "common_shares": 331693,
            "book_valuer_per_share": 16.13,
            "book_valuer_per_share_4q_avg": 11.65,
            "equity": 535146,
            "current_ratio": 423.35,
            "debt_ratio": 16.43,
            "inventory_turnover_ratio": null,
            "account_receivable_turnover_ratio": null,
            "reinvestment_rate": null,
            "research_to_sale_ratio": null,
            "price_fair": 0,
            "eps_avg_yearly": 0,
            "eps_latest_yearly": 0,
            "eps_growth_yearly": 0
        },
        "20104": {
            "year_quarter": 20104,
            "year": 2010,
            "quarter": 4,
            "eps": null,
            "eps_growth_year": null,
            "eps_4q": null,
            "eps_4q_growth_year": null,
            "roe": null,
            "roe_4q": 0,
            "gross_profit": 250650,
            "gross_margin": null,
            "gross_margin_4q_avg": 0,
            "net_income": 53652,
            "revenue": 1096887,
            "common_shares": 331693,
            "book_valuer_per_share": 15.77,
            "book_valuer_per_share_4q_avg": 11.72,
            "equity": 523178,
            "current_ratio": 183.57,
            "debt_ratio": 37.82,
            "inventory_turnover_ratio": null,
            "account_receivable_turnover_ratio": null,
            "reinvestment_rate": null,
            "research_to_sale_ratio": null,
            "price_fair": 0,
            "eps_avg_yearly": 0,
            "eps_latest_yearly": 0,
            "eps_growth_yearly": 0
        },
        "20111": {
            "year_quarter": 20111,
            "year": 2011,
            "quarter": 1,
            "eps": null,
            "eps_growth_year": null,
            "eps_4q": null,
            "eps_4q_growth_year": null,
            "roe": null,
            "roe_4q": 0,
            "gross_profit": 84286,
            "gross_margin": null,
            "gross_margin_4q_avg": 0,
            "net_income": 33754,
            "revenue": 294366,
            "common_shares": 331693,
            "book_valuer_per_share": 16.84,
            "book_valuer_per_share_4q_avg": 15.93,
            "equity": 558599,
            "current_ratio": 186.02,
            "debt_ratio": 38.7,
            "inventory_turnover_ratio": null,
            "account_receivable_turnover_ratio": null,
            "reinvestment_rate": null,
            "research_to_sale_ratio": null,
            "price_fair": 0,
            "eps_avg_yearly": 0,
            "eps_latest_yearly": 0,
            "eps_growth_yearly": 0
        },
        "20112": {
            "year_quarter": 20112,
            "year": 2011,
            "quarter": 2,
            "eps": 0.78,
            "eps_growth_year": null,
            "eps_4q": 0.78,
            "eps_4q_growth_year": null,
            "roe": 4.97,
            "roe_4q": 4.97,
            "gross_profit": 93451,
            "gross_margin": 29.97,
            "gross_margin_4q_avg": 7.49,
            "net_income": 27651,
            "revenue": 311783,
            "common_shares": 331693,
            "book_valuer_per_share": 16.72,
            "book_valuer_per_share_4q_avg": 16.37,
            "equity": 554489,
            "current_ratio": 174.95,
            "debt_ratio": 41.33,
            "inventory_turnover_ratio": 1.58,
            "account_receivable_turnover_ratio": 1.56,
            "reinvestment_rate": null,
            "research_to_sale_ratio": null,
            "price_fair": 0,
            "eps_avg_yearly": 0,
            "eps_latest_yearly": 0,
            "eps_growth_yearly": 0
        },
        "20113": {
            "year_quarter": 20113,
            "year": 2011,
            "quarter": 3,
            "eps": 0.94,
            "eps_growth_year": null,
            "eps_4q": 1.73,
            "eps_4q_growth_year": null,
            "roe": 5.66,
            "roe_4q": 10.629999999999999,
            "gross_profit": 74399,
            "gross_margin": 26.44,
            "gross_margin_4q_avg": 14.1,
            "net_income": 32953,
            "revenue": 281407,
            "common_shares": 351034,
            "book_valuer_per_share": 17.36,
            "book_valuer_per_share_4q_avg": 16.67,
            "equity": 609351,
            "current_ratio": 176.06,
            "debt_ratio": 40.7,
            "inventory_turnover_ratio": 1.25,
            "account_receivable_turnover_ratio": 0.69,
            "reinvestment_rate": null,
            "research_to_sale_ratio": null,
            "price_fair": 131.6,
            "eps_avg_yearly": 3.76,
            "eps_latest_yearly": 3.76,
            "eps_growth_yearly": 82.05
        },
        "20114": {
            "year_quarter": 20114,
            "year": 2011,
            "quarter": 4,
            "eps": 0.33,
            "eps_growth_year": null,
            "eps_4q": 2.05,
            "eps_4q_growth_year": null,
            "roe": 1.87,
            "roe_4q": 12.5,
            "gross_profit": 82563,
            "gross_margin": 29.05,
            "gross_margin_4q_avg": 21.37,
            "net_income": 11491,
            "revenue": 284225,
            "common_shares": 351034,
            "book_valuer_per_share": 17.71,
            "book_valuer_per_share_4q_avg": 17.16,
            "equity": 621696,
            "current_ratio": 189.31,
            "debt_ratio": 37.52,
            "inventory_turnover_ratio": 1.03,
            "account_receivable_turnover_ratio": 0.76,
            "reinvestment_rate": null,
            "research_to_sale_ratio": null,
            "price_fair": 7.62,
            "eps_avg_yearly": 2.54,
            "eps_latest_yearly": 1.32,
            "eps_growth_yearly": -88.76
        },
        "20121": {
            "year_quarter": 20121,
            "year": 2012,
            "quarter": 1,
            "eps": -0.5,
            "eps_growth_year": null,
            "eps_4q": 1.42,
            "eps_4q_growth_year": null,
            "roe": -2.7,
            "roe_4q": 9.8,
            "gross_profit": 57531,
            "gross_margin": 20.32,
            "gross_margin_4q_avg": 26.45,
            "net_income": -17528,
            "revenue": 283061,
            "common_shares": 384514,
            "book_valuer_per_share": 17.63,
            "book_valuer_per_share_4q_avg": 17.36,
            "equity": 677891,
            "current_ratio": 213.57,
            "debt_ratio": 34.84,
            "inventory_turnover_ratio": 1.16,
            "account_receivable_turnover_ratio": 0.85,
            "reinvestment_rate": null,
            "research_to_sale_ratio": null,
            "price_fair": 7.62,
            "eps_avg_yearly": 2.54,
            "eps_latest_yearly": 1.32,
            "eps_growth_yearly": -88.76
        },
        "20122": {
            "year_quarter": 20122,
            "year": 2012,
            "quarter": 2,
            "eps": -0.37,
            "eps_growth_year": -147.71,
            "eps_4q": 0.33,
            "eps_4q_growth_year": -58.44,
            "roe": -2.27,
            "roe_4q": 2.5599999999999996,
            "gross_profit": 36148,
            "gross_margin": 12.85,
            "gross_margin_4q_avg": 22.17,
            "net_income": -14386,
            "revenue": 281235,
            "common_shares": 384514,
            "book_valuer_per_share": 15.35,
            "book_valuer_per_share_4q_avg": 17.01,
            "equity": 590154,
            "current_ratio": 160.43,
            "debt_ratio": 45.82,
            "inventory_turnover_ratio": 1.25,
            "account_receivable_turnover_ratio": 0.79,
            "reinvestment_rate": null,
            "research_to_sale_ratio": null,
            "price_fair": 7.62,
            "eps_avg_yearly": 2.54,
            "eps_latest_yearly": 1.32,
            "eps_growth_yearly": -88.76
        },
        "20123": {
            "year_quarter": 20123,
            "year": 2012,
            "quarter": 3,
            "eps": 0.15,
            "eps_growth_year": -83.71,
            "eps_4q": -0.38,
            "eps_4q_growth_year": -121.91,
            "roe": 0.99,
            "roe_4q": -2.1100000000000003,
            "gross_profit": 62413,
            "gross_margin": 22.15,
            "gross_margin_4q_avg": 21.09,
            "net_income": 5879,
            "revenue": 281808,
            "common_shares": 384514,
            "book_valuer_per_share": 15.4,
            "book_valuer_per_share_4q_avg": 16.52,
            "equity": 592145,
            "current_ratio": 182.37,
            "debt_ratio": 40.43,
            "inventory_turnover_ratio": 1.11,
            "account_receivable_turnover_ratio": 0.52,
            "reinvestment_rate": null,
            "research_to_sale_ratio": null,
            "price_fair": 7.62,
            "eps_avg_yearly": 2.54,
            "eps_latest_yearly": 1.32,
            "eps_growth_yearly": -88.76
        },
        "20124": {
            "year_quarter": 20124,
            "year": 2012,
            "quarter": 4,
            "eps": 0.15,
            "eps_growth_year": -52.99,
            "eps_4q": -0.52,
            "eps_4q_growth_year": -125.48,
            "roe": 0.99,
            "roe_4q": -2.99,
            "gross_profit": 56342,
            "gross_margin": 19.95,
            "gross_margin_4q_avg": 18.82,
            "net_income": 5917,
            "revenue": 282443,
            "common_shares": 384514,
            "book_valuer_per_share": 15.54,
            "book_valuer_per_share_4q_avg": 15.98,
            "equity": 597599,
            "current_ratio": 205.99,
            "debt_ratio": 36.08,
            "inventory_turnover_ratio": 1.36,
            "account_receivable_turnover_ratio": 0.51,
            "reinvestment_rate": null,
            "research_to_sale_ratio": null,
            "price_fair": 5.68,
            "eps_avg_yearly": 1.89,
            "eps_latest_yearly": 0.6,
            "eps_growth_yearly": -59.17
        },
        "20131": {
            "year_quarter": 20131,
            "year": 2013,
            "quarter": 1,
            "eps": 0.18,
            "eps_growth_year": null,
            "eps_4q": 0.11,
            "eps_4q_growth_year": -91.92,
            "roe": 1.16,
            "roe_4q": 0.8699999999999997,
            "gross_profit": 42163,
            "gross_margin": 19.19,
            "gross_margin_4q_avg": 18.54,
            "net_income": 7000,
            "revenue": 219762,
            "common_shares": 384514,
            "book_valuer_per_share": 15.87,
            "book_valuer_per_share_4q_avg": 15.54,
            "equity": 610043,
            "current_ratio": 229.76,
            "debt_ratio": 32.78,
            "inventory_turnover_ratio": 1.25,
            "account_receivable_turnover_ratio": 0.59,
            "reinvestment_rate": null,
            "research_to_sale_ratio": 2.57,
            "price_fair": 4.8,
            "eps_avg_yearly": 1.6,
            "eps_latest_yearly": 0.72,
            "eps_growth_yearly": -24.38
        },
        "20132": {
            "year_quarter": 20132,
            "year": 2013,
            "quarter": 2,
            "eps": 0.03,
            "eps_growth_year": null,
            "eps_4q": 0.52,
            "eps_4q_growth_year": 58.56,
            "roe": 0.18,
            "roe_4q": 3.3200000000000003,
            "gross_profit": 56797,
            "gross_margin": 22.65,
            "gross_margin_4q_avg": 20.99,
            "net_income": 1072,
            "revenue": 250784,
            "common_shares": 384514,
            "book_valuer_per_share": 15.12,
            "book_valuer_per_share_4q_avg": 15.48,
            "equity": 581242,
            "current_ratio": 198.14,
            "debt_ratio": 39.24,
            "inventory_turnover_ratio": 1.33,
            "account_receivable_turnover_ratio": 0.73,
            "reinvestment_rate": null,
            "research_to_sale_ratio": 2.55,
            "price_fair": 3.91,
            "eps_avg_yearly": 1.3,
            "eps_latest_yearly": 0.12,
            "eps_growth_yearly": -86.17
        },
        "20133": {
            "year_quarter": 20133,
            "year": 2013,
            "quarter": 3,
            "eps": 0.4,
            "eps_growth_year": 161.62,
            "eps_4q": 0.77,
            "eps_4q_growth_year": null,
            "roe": 2.64,
            "roe_4q": 4.970000000000001,
            "gross_profit": 80886,
            "gross_margin": 27.02,
            "gross_margin_4q_avg": 22.2,
            "net_income": 15545,
            "revenue": 299385,
            "common_shares": 384514,
            "book_valuer_per_share": 15.48,
            "book_valuer_per_share_4q_avg": 15.5,
            "equity": 595883,
            "current_ratio": 219.37,
            "debt_ratio": 36.52,
            "inventory_turnover_ratio": 1.42,
            "account_receivable_turnover_ratio": 0.84,
            "reinvestment_rate": null,
            "research_to_sale_ratio": 2.22,
            "price_fair": 47.37,
            "eps_avg_yearly": 1.35,
            "eps_latest_yearly": 1.6,
            "eps_growth_yearly": 750.41
        },
        "20134": {
            "year_quarter": 20134,
            "year": 2013,
            "quarter": 4,
            "eps": -0.1,
            "eps_growth_year": -163.15,
            "eps_4q": 0.52,
            "eps_4q_growth_year": null,
            "roe": -0.63,
            "roe_4q": 3.3500000000000005,
            "gross_profit": 39448,
            "gross_margin": 19.56,
            "gross_margin_4q_avg": 22.11,
            "net_income": -3747,
            "revenue": 201674,
            "common_shares": 384984,
            "book_valuer_per_share": 15.51,
            "book_valuer_per_share_4q_avg": 15.5,
            "equity": 598106,
            "current_ratio": 235.01,
            "debt_ratio": 34.37,
            "inventory_turnover_ratio": 1.04,
            "account_receivable_turnover_ratio": 0.61,
            "reinvestment_rate": null,
            "research_to_sale_ratio": 3.38,
            "price_fair": 47.37,
            "eps_avg_yearly": 1.35,
            "eps_latest_yearly": 1.6,
            "eps_growth_yearly": 750.41
        },
        "20141": {
            "year_quarter": 20141,
            "year": 2014,
            "quarter": 1,
            "eps": -0.2,
            "eps_growth_year": -211.11,
            "eps_4q": 0.14,
            "eps_4q_growth_year": 20.05,
            "roe": -1.27,
            "roe_4q": 0.9200000000000002,
            "gross_profit": 30899,
            "gross_margin": 18.51,
            "gross_margin_4q_avg": 21.94,
            "net_income": -7558,
            "revenue": 166960,
            "common_shares": 384984,
            "book_valuer_per_share": 15.43,
            "book_valuer_per_share_4q_avg": 15.39,
            "equity": 595168,
            "current_ratio": 283.41,
            "debt_ratio": 28.64,
            "inventory_turnover_ratio": 0.92,
            "account_receivable_turnover_ratio": 0.65,
            "reinvestment_rate": null,
            "research_to_sale_ratio": 3.46,
            "price_fair": 47.37,
            "eps_avg_yearly": 1.35,
            "eps_latest_yearly": 1.6,
            "eps_growth_yearly": 750.41
        },
        "20142": {
            "year_quarter": 20142,
            "year": 2014,
            "quarter": 2,
            "eps": 0,
            "eps_growth_year": -100,
            "eps_4q": 0.11,
            "eps_4q_growth_year": -78.88,
            "roe": -0.01,
            "roe_4q": 0.73,
            "gross_profit": 47062,
            "gross_margin": 24.15,
            "gross_margin_4q_avg": 22.31,
            "net_income": -30,
            "revenue": 194859,
            "common_shares": 385804,
            "book_valuer_per_share": 13.81,
            "book_valuer_per_share_4q_avg": 15.06,
            "equity": 532633,
            "current_ratio": 235.54,
            "debt_ratio": 35.11,
            "inventory_turnover_ratio": 1.12,
            "account_receivable_turnover_ratio": 0.93,
            "reinvestment_rate": -114.58,
            "research_to_sale_ratio": 2.1,
            "price_fair": 47.37,
            "eps_avg_yearly": 1.35,
            "eps_latest_yearly": 1.6,
            "eps_growth_yearly": 750.41
        },
        "20143": {
            "year_quarter": 20143,
            "year": 2014,
            "quarter": 3,
            "eps": -0.1,
            "eps_growth_year": -125,
            "eps_4q": -0.39,
            "eps_4q_growth_year": -151.2,
            "roe": -0.72,
            "roe_4q": -2.63,
            "gross_profit": 36322,
            "gross_margin": 24.11,
            "gross_margin_4q_avg": 21.58,
            "net_income": -3818,
            "revenue": 150670,
            "common_shares": 385804,
            "book_valuer_per_share": 13.84,
            "book_valuer_per_share_4q_avg": 14.65,
            "equity": 534058,
            "current_ratio": 283.56,
            "debt_ratio": 29.28,
            "inventory_turnover_ratio": 0.91,
            "account_receivable_turnover_ratio": 0.89,
            "reinvestment_rate": 82.33,
            "research_to_sale_ratio": 2.67,
            "price_fair": 47.37,
            "eps_avg_yearly": 1.35,
            "eps_latest_yearly": 1.6,
            "eps_growth_yearly": 750.41
        },
        "20144": {
            "year_quarter": 20144,
            "year": 2014,
            "quarter": 4,
            "eps": -0.4,
            "eps_growth_year": null,
            "eps_4q": -0.7,
            "eps_4q_growth_year": -235.19,
            "roe": -2.9,
            "roe_4q": -4.9,
            "gross_profit": 18141,
            "gross_margin": 14.05,
            "gross_margin_4q_avg": 20.21,
            "net_income": -15471,
            "revenue": 129094,
            "common_shares": 385804,
            "book_valuer_per_share": 13.78,
            "book_valuer_per_share_4q_avg": 14.22,
            "equity": 531643,
            "current_ratio": 298.31,
            "debt_ratio": 28.01,
            "inventory_turnover_ratio": 0.88,
            "account_receivable_turnover_ratio": 0.93,
            "reinvestment_rate": -351.16,
            "research_to_sale_ratio": 3.93,
            "price_fair": 47.37,
            "eps_avg_yearly": 1.35,
            "eps_latest_yearly": 1.6,
            "eps_growth_yearly": 750.41
        },
        "20151": {
            "year_quarter": 20151,
            "year": 2015,
            "quarter": 1,
            "eps": -0.18,
            "eps_growth_year": null,
            "eps_4q": -0.68,
            "eps_4q_growth_year": -597.47,
            "roe": -1.35,
            "roe_4q": -4.9799999999999995,
            "gross_profit": 29073,
            "gross_margin": 22.02,
            "gross_margin_4q_avg": 21.08,
            "net_income": -7109,
            "revenue": 132016,
            "common_shares": 385844,
            "book_valuer_per_share": 13.5,
            "book_valuer_per_share_4q_avg": 13.73,
            "equity": 521079,
            "current_ratio": 331.84,
            "debt_ratio": 25.2,
            "inventory_turnover_ratio": 0.84,
            "account_receivable_turnover_ratio": 1.06,
            "reinvestment_rate": -357.67,
            "research_to_sale_ratio": 2.18,
            "price_fair": 47.37,
            "eps_avg_yearly": 1.35,
            "eps_latest_yearly": 1.6,
            "eps_growth_yearly": 750.41
        },
        "20152": {
            "year_quarter": 20152,
            "year": 2015,
            "quarter": 2,
            "eps": -0.14,
            "eps_growth_year": null,
            "eps_4q": -0.82,
            "eps_4q_growth_year": -855.41,
            "roe": -1.09,
            "roe_4q": -6.06,
            "gross_profit": 34316,
            "gross_margin": 21.21,
            "gross_margin_4q_avg": 20.35,
            "net_income": -5408,
            "revenue": 161758,
            "common_shares": 385844,
            "book_valuer_per_share": 12.3,
            "book_valuer_per_share_4q_avg": 13.36,
            "equity": 474520,
            "current_ratio": 263.29,
            "debt_ratio": 31.84,
            "inventory_turnover_ratio": 1.13,
            "account_receivable_turnover_ratio": 1.26,
            "reinvestment_rate": -7308.37,
            "research_to_sale_ratio": 2.03,
            "price_fair": 47.37,
            "eps_avg_yearly": 1.35,
            "eps_latest_yearly": 1.6,
            "eps_growth_yearly": 750.41
        },
        "20153": {
            "year_quarter": 20153,
            "year": 2015,
            "quarter": 3,
            "eps": 0.57,
            "eps_growth_year": null,
            "eps_4q": -0.15,
            "eps_4q_growth_year": null,
            "roe": 4.52,
            "roe_4q": -0.8200000000000003,
            "gross_profit": 40867,
            "gross_margin": 25.72,
            "gross_margin_4q_avg": 20.75,
            "net_income": 22129,
            "revenue": 158905,
            "common_shares": 385844,
            "book_valuer_per_share": 13.06,
            "book_valuer_per_share_4q_avg": 13.16,
            "equity": 503911,
            "current_ratio": 291.28,
            "debt_ratio": 29.69,
            "inventory_turnover_ratio": 1.08,
            "account_receivable_turnover_ratio": 1.16,
            "reinvestment_rate": null,
            "research_to_sale_ratio": 2.79,
            "price_fair": 30.52,
            "eps_avg_yearly": 0.87,
            "eps_latest_yearly": 1.6,
            "eps_growth_yearly": 884.09
        },
        "20154": {
            "year_quarter": 20154,
            "year": 2015,
            "quarter": 4,
            "eps": -0.13,
            "eps_growth_year": null,
            "eps_4q": 0.12,
            "eps_4q_growth_year": null,
            "roe": -0.98,
            "roe_4q": 1.0999999999999992,
            "gross_profit": 30179,
            "gross_margin": 23.11,
            "gross_margin_4q_avg": 23.02,
            "net_income": -4908,
            "revenue": 130603,
            "common_shares": 385844,
            "book_valuer_per_share": 12.84,
            "book_valuer_per_share_4q_avg": 12.93,
            "equity": 495508,
            "current_ratio": 340.56,
            "debt_ratio": 25.26,
            "inventory_turnover_ratio": 0.89,
            "account_receivable_turnover_ratio": 1.07,
            "reinvestment_rate": null,
            "research_to_sale_ratio": 2.64,
            "price_fair": 26.6,
            "eps_avg_yearly": 0.76,
            "eps_latest_yearly": 1.6,
            "eps_growth_yearly": 1170
        },
        "20161": {
            "year_quarter": 20161,
            "year": 2016,
            "quarter": 1,
            "eps": 0.07,
            "eps_growth_year": null,
            "eps_4q": 0.37,
            "eps_4q_growth_year": null,
            "roe": 0.52,
            "roe_4q": 2.9699999999999998,
            "gross_profit": 34249,
            "gross_margin": 24.2,
            "gross_margin_4q_avg": 23.56,
            "net_income": 2592,
            "revenue": 141521,
            "common_shares": 385844,
            "book_valuer_per_share": 12.87,
            "book_valuer_per_share_4q_avg": 12.77,
            "equity": 496550,
            "current_ratio": 358.59,
            "debt_ratio": 23.64,
            "inventory_turnover_ratio": 1.08,
            "account_receivable_turnover_ratio": 1.27,
            "reinvestment_rate": null,
            "research_to_sale_ratio": 1.88,
            "price_fair": 26.6,
            "eps_avg_yearly": 0.76,
            "eps_latest_yearly": 1.6,
            "eps_growth_yearly": 1170
        },
        "20162": {
            "year_quarter": 20162,
            "year": 2016,
            "quarter": 2,
            "eps": 0.46,
            "eps_growth_year": null,
            "eps_4q": 0.97,
            "eps_4q_growth_year": null,
            "roe": 3.66,
            "roe_4q": 7.719999999999999,
            "gross_profit": 37804,
            "gross_margin": 29.69,
            "gross_margin_4q_avg": 25.68,
            "net_income": 17659,
            "revenue": 127312,
            "common_shares": 385844,
            "book_valuer_per_share": 12.17,
            "book_valuer_per_share_4q_avg": 12.74,
            "equity": 469706,
            "current_ratio": 328.46,
            "debt_ratio": 25.44,
            "inventory_turnover_ratio": 1.12,
            "account_receivable_turnover_ratio": 1.21,
            "reinvestment_rate": -1393.61,
            "research_to_sale_ratio": 1.69,
            "price_fair": 34.16,
            "eps_avg_yearly": 0.98,
            "eps_latest_yearly": 1.84,
            "eps_growth_yearly": 1381.71
        },
        "20163": {
            "year_quarter": 20163,
            "year": 2016,
            "quarter": 3,
            "eps": 0.34,
            "eps_growth_year": -40.35,
            "eps_4q": 0.74,
            "eps_4q_growth_year": null,
            "roe": 2.81,
            "roe_4q": 6.01,
            "gross_profit": 52557,
            "gross_margin": 36.21,
            "gross_margin_4q_avg": 28.3,
            "net_income": 13238,
            "revenue": 145141,
            "common_shares": 385844,
            "book_valuer_per_share": 12.27,
            "book_valuer_per_share_4q_avg": 12.54,
            "equity": 474019,
            "current_ratio": 400.67,
            "debt_ratio": 21.08,
            "inventory_turnover_ratio": 1.33,
            "account_receivable_turnover_ratio": 1.34,
            "reinvestment_rate": -1118.22,
            "research_to_sale_ratio": 1.21,
            "price_fair": 36.4,
            "eps_avg_yearly": 1.04,
            "eps_latest_yearly": 1.36,
            "eps_growth_yearly": 1134.04
        },
        "20164": {
            "year_quarter": 20164,
            "year": 2016,
            "quarter": 4,
            "eps": 0.25,
            "eps_growth_year": null,
            "eps_4q": 1.12,
            "eps_4q_growth_year": 815.11,
            "roe": 2.01,
            "roe_4q": 9,
            "gross_profit": 56970,
            "gross_margin": 45.66,
            "gross_margin_4q_avg": 33.94,
            "net_income": 9607,
            "revenue": 124769,
            "common_shares": 386284,
            "book_valuer_per_share": 12.47,
            "book_valuer_per_share_4q_avg": 12.45,
            "equity": 481638,
            "current_ratio": 357.61,
            "debt_ratio": 23.9,
            "inventory_turnover_ratio": 0.95,
            "account_receivable_turnover_ratio": 1.08,
            "reinvestment_rate": -997.61,
            "research_to_sale_ratio": 1.67,
            "price_fair": 38.73,
            "eps_avg_yearly": 1.11,
            "eps_latest_yearly": 1,
            "eps_growth_yearly": 1116.39
        },
        "20171": {
            "year_quarter": 20171,
            "year": 2017,
            "quarter": 1,
            "eps": 0.2,
            "eps_growth_year": 185.71,
            "eps_4q": 1.24,
            "eps_4q_growth_year": 232.86,
            "roe": 1.61,
            "roe_4q": 10.09,
            "gross_profit": 49182,
            "gross_margin": 39.58,
            "gross_margin_4q_avg": 37.79,
            "net_income": 7713,
            "revenue": 124274,
            "common_shares": 386284,
            "book_valuer_per_share": 12.25,
            "book_valuer_per_share_4q_avg": 12.29,
            "equity": 474696,
            "current_ratio": 441.61,
            "debt_ratio": 19.47,
            "inventory_turnover_ratio": 1.07,
            "account_receivable_turnover_ratio": 1.34,
            "reinvestment_rate": -312.36,
            "research_to_sale_ratio": 1.87,
            "price_fair": 39.2,
            "eps_avg_yearly": 1.12,
            "eps_latest_yearly": 0.8,
            "eps_growth_yearly": 1089.72
        },
        "20172": {
            "year_quarter": 20172,
            "year": 2017,
            "quarter": 2,
            "eps": -0.06,
            "eps_growth_year": -113.04,
            "eps_4q": 0.72,
            "eps_4q_growth_year": -25.45,
            "roe": -0.49,
            "roe_4q": 5.9399999999999995,
            "gross_profit": 33811,
            "gross_margin": 32.43,
            "gross_margin_4q_avg": 38.47,
            "net_income": -2276,
            "revenue": 104272,
            "common_shares": 390614,
            "book_valuer_per_share": 11.41,
            "book_valuer_per_share_4q_avg": 12.1,
            "equity": 445601,
            "current_ratio": 314.22,
            "debt_ratio": 26.71,
            "inventory_turnover_ratio": 1.17,
            "account_receivable_turnover_ratio": 1.35,
            "reinvestment_rate": -296.49,
            "research_to_sale_ratio": 3.45,
            "price_fair": 46.2,
            "eps_avg_yearly": 1.32,
            "eps_latest_yearly": 0.8,
            "eps_growth_yearly": 1374.33
        },
        "20173": {
            "year_quarter": 20173,
            "year": 2017,
            "quarter": 3,
            "eps": 0.15,
            "eps_growth_year": -55.88,
            "eps_4q": 0.54,
            "eps_4q_growth_year": -26.97,
            "roe": 1.34,
            "roe_4q": 4.47,
            "gross_profit": 50916,
            "gross_margin": 38.58,
            "gross_margin_4q_avg": 39.06,
            "net_income": 6052,
            "revenue": 131981,
            "common_shares": 390614,
            "book_valuer_per_share": 11.68,
            "book_valuer_per_share_4q_avg": 11.95,
            "equity": 456278,
            "current_ratio": 361.01,
            "debt_ratio": 23.33,
            "inventory_turnover_ratio": 1.37,
            "account_receivable_turnover_ratio": 1.45,
            "reinvestment_rate": -325.2,
            "research_to_sale_ratio": 2.97,
            "price_fair": 43.75,
            "eps_avg_yearly": 1.25,
            "eps_latest_yearly": 0.8,
            "eps_growth_yearly": 484.59
        },
        "20174": {
            "year_quarter": 20174,
            "year": 2017,
            "quarter": 4,
            "eps": 0.47,
            "eps_growth_year": 88.32,
            "eps_4q": 0.76,
            "eps_4q_growth_year": -31.66,
            "roe": 3.94,
            "roe_4q": 6.4,
            "gross_profit": 56983,
            "gross_margin": 41.8,
            "gross_margin_4q_avg": 38.1,
            "net_income": 18295,
            "revenue": 136317,
            "common_shares": 390614,
            "book_valuer_per_share": 12.09,
            "book_valuer_per_share_4q_avg": 11.86,
            "equity": 472288,
            "current_ratio": 369.59,
            "debt_ratio": 23.24,
            "inventory_turnover_ratio": 1.21,
            "account_receivable_turnover_ratio": 1.27,
            "reinvestment_rate": -177.75,
            "research_to_sale_ratio": 2.93,
            "price_fair": 48.16,
            "eps_avg_yearly": 1.38,
            "eps_latest_yearly": 1.88,
            "eps_growth_yearly": 558.33
        },
        "20181": {
            "year_quarter": 20181,
            "year": 2018,
            "quarter": 1,
            "eps": 0.03,
            "eps_growth_year": -85,
            "eps_4q": 0.59,
            "eps_4q_growth_year": -52.28,
            "roe": 0.23,
            "roe_4q": 5.02,
            "gross_profit": 47821,
            "gross_margin": 39.36,
            "gross_margin_4q_avg": 38.04,
            "net_income": 1095,
            "revenue": 121497,
            "common_shares": 390614,
            "book_valuer_per_share": 12.3,
            "book_valuer_per_share_4q_avg": 11.87,
            "equity": 480551,
            "current_ratio": 377.56,
            "debt_ratio": 22.51,
            "inventory_turnover_ratio": 0.94,
            "account_receivable_turnover_ratio": 1.15,
            "reinvestment_rate": -115.58,
            "research_to_sale_ratio": 3.24,
            "price_fair": 40.83,
            "eps_avg_yearly": 1.17,
            "eps_latest_yearly": 0.12,
            "eps_growth_yearly": 402.87
        },
        "20182": {
            "year_quarter": 20182,
            "year": 2018,
            "quarter": 2,
            "eps": 0.53,
            "eps_growth_year": null,
            "eps_4q": 1.18,
            "eps_4q_growth_year": 62.61,
            "roe": 4.37,
            "roe_4q": 9.88,
            "gross_profit": 41458,
            "gross_margin": 30.99,
            "gross_margin_4q_avg": 37.68,
            "net_income": 20547,
            "revenue": 133772,
            "common_shares": 390614,
            "book_valuer_per_share": 11.75,
            "book_valuer_per_share_4q_avg": 11.96,
            "equity": 459090,
            "current_ratio": 296.94,
            "debt_ratio": 28.3,
            "inventory_turnover_ratio": 1.09,
            "account_receivable_turnover_ratio": 1.23,
            "reinvestment_rate": -66.6,
            "research_to_sale_ratio": 2.65,
            "price_fair": 45.6,
            "eps_avg_yearly": 1.3,
            "eps_latest_yearly": 2.12,
            "eps_growth_yearly": 1297.7
        },
        "20183": {
            "year_quarter": 20183,
            "year": 2018,
            "quarter": 3,
            "eps": 0.52,
            "eps_growth_year": 246.67,
            "eps_4q": 1.54,
            "eps_4q_growth_year": 184.48,
            "roe": 4.35,
            "roe_4q": 12.889999999999999,
            "gross_profit": 48966,
            "gross_margin": 34.67,
            "gross_margin_4q_avg": 36.71,
            "net_income": 20148,
            "revenue": 141241,
            "common_shares": 390614,
            "book_valuer_per_share": 11.95,
            "book_valuer_per_share_4q_avg": 12.02,
            "equity": 467336,
            "current_ratio": 354.85,
            "debt_ratio": 23.61,
            "inventory_turnover_ratio": 1.15,
            "account_receivable_turnover_ratio": 1.16,
            "reinvestment_rate": -46.44,
            "research_to_sale_ratio": 3.11,
            "price_fair": 49,
            "eps_avg_yearly": 1.4,
            "eps_latest_yearly": 2.08,
            "eps_growth_yearly": 1134.54
        },
        "20184": {
            "year_quarter": 20184,
            "year": 2018,
            "quarter": 4,
            "eps": 0.16,
            "eps_growth_year": -65.51,
            "eps_4q": 1.23,
            "eps_4q_growth_year": 61.02,
            "roe": 1.34,
            "roe_4q": 10.29,
            "gross_profit": 48217,
            "gross_margin": 36,
            "gross_margin_4q_avg": 35.26,
            "net_income": 6332,
            "revenue": 133921,
            "common_shares": 391474,
            "book_valuer_per_share": 12.18,
            "book_valuer_per_share_4q_avg": 12.05,
            "equity": 477391,
            "current_ratio": 332.71,
            "debt_ratio": 25.32,
            "inventory_turnover_ratio": 1.09,
            "account_receivable_turnover_ratio": 1.09,
            "reinvestment_rate": -32.76,
            "research_to_sale_ratio": 3.78,
            "price_fair": 46.04,
            "eps_avg_yearly": 1.32,
            "eps_latest_yearly": 0.64,
            "eps_growth_yearly": 977.71
        },
        "20191": {
            "year_quarter": 20191,
            "year": 2019,
            "quarter": 1,
            "eps": -0.21,
            "eps_growth_year": -800,
            "eps_4q": 0.99,
            "eps_4q_growth_year": 67.24,
            "roe": -1.71,
            "roe_4q": 8.35,
            "gross_profit": 35528,
            "gross_margin": 31.39,
            "gross_margin_4q_avg": 33.26,
            "net_income": -8152,
            "revenue": 113167,
            "common_shares": 391474,
            "book_valuer_per_share": 12.2,
            "book_valuer_per_share_4q_avg": 12.02,
            "equity": 478024,
            "current_ratio": 345.36,
            "debt_ratio": 24.89,
            "inventory_turnover_ratio": 1.02,
            "account_receivable_turnover_ratio": 0.93,
            "reinvestment_rate": -21.89,
            "research_to_sale_ratio": 4.09,
            "price_fair": 46.04,
            "eps_avg_yearly": 1.32,
            "eps_latest_yearly": 0.64,
            "eps_growth_yearly": 977.71
        },
        "20192": {
            "year_quarter": 20192,
            "year": 2019,
            "quarter": 2,
            "eps": 0.22,
            "eps_growth_year": -58.49,
            "eps_4q": 0.68,
            "eps_4q_growth_year": -42.16,
            "roe": 1.81,
            "roe_4q": 5.79,
            "gross_profit": 44283,
            "gross_margin": 33.49,
            "gross_margin_4q_avg": 33.89,
            "net_income": 8357,
            "revenue": 132229,
            "common_shares": 391874,
            "book_valuer_per_share": 11.3,
            "book_valuer_per_share_4q_avg": 11.91,
            "equity": 442914,
            "current_ratio": 269.46,
            "debt_ratio": 31.21,
            "inventory_turnover_ratio": 1.19,
            "account_receivable_turnover_ratio": 1.05,
            "reinvestment_rate": -16.74,
            "research_to_sale_ratio": 4.25,
            "price_fair": 46.04,
            "eps_avg_yearly": 1.32,
            "eps_latest_yearly": 0.64,
            "eps_growth_yearly": 977.71
        },
        "20193": {
            "year_quarter": 20193,
            "year": 2019,
            "quarter": 3,
            "eps": 0.43,
            "eps_growth_year": -17.31,
            "eps_4q": 0.59,
            "eps_4q_growth_year": -61.52,
            "roe": 3.75,
            "roe_4q": 5.19,
            "gross_profit": 57005,
            "gross_margin": 37.34,
            "gross_margin_4q_avg": 34.56,
            "net_income": 16697,
            "revenue": 152647,
            "common_shares": 392974,
            "book_valuer_per_share": 11.4,
            "book_valuer_per_share_4q_avg": 11.77,
            "equity": 448014,
            "current_ratio": 254.69,
            "debt_ratio": 33.25,
            "inventory_turnover_ratio": 1.21,
            "account_receivable_turnover_ratio": 1.11,
            "reinvestment_rate": -13.85,
            "research_to_sale_ratio": 3.34,
            "price_fair": 47.46,
            "eps_avg_yearly": 1.36,
            "eps_latest_yearly": 1.72,
            "eps_growth_yearly": 918.12
        },
        "20194": {
            "year_quarter": 20194,
            "year": 2019,
            "quarter": 4,
            "eps": 0.7,
            "eps_growth_year": 330.28,
            "eps_4q": 1.13,
            "eps_4q_growth_year": -8.35,
            "roe": 5.97,
            "roe_4q": 9.82,
            "gross_profit": 56363,
            "gross_margin": 38.79,
            "gross_margin_4q_avg": 35.25,
            "net_income": 27316,
            "revenue": 145302,
            "common_shares": 392974,
            "book_valuer_per_share": 11.87,
            "book_valuer_per_share_4q_avg": 11.69,
            "equity": 466404,
            "current_ratio": 274.43,
            "debt_ratio": 30.15,
            "inventory_turnover_ratio": 1.06,
            "account_receivable_turnover_ratio": 1.08,
            "reinvestment_rate": -9.02,
            "research_to_sale_ratio": 3.19,
            "price_fair": 52.05,
            "eps_avg_yearly": 1.49,
            "eps_latest_yearly": 2.8,
            "eps_growth_yearly": 857.49
        },
        "20201": {
            "year_quarter": 20201,
            "year": 2020,
            "quarter": 1,
            "eps": 0.03,
            "eps_growth_year": null,
            "eps_4q": 1.36,
            "eps_4q_growth_year": 36.97,
            "roe": 0.22,
            "roe_4q": 11.75,
            "gross_profit": 30754,
            "gross_margin": 30.17,
            "gross_margin_4q_avg": 34.95,
            "net_income": 1016,
            "revenue": 101940,
            "common_shares": 392974,
            "book_valuer_per_share": 11.45,
            "book_valuer_per_share_4q_avg": 11.51,
            "equity": 449778,
            "current_ratio": 269.89,
            "debt_ratio": 31.03,
            "inventory_turnover_ratio": 0.81,
            "account_receivable_turnover_ratio": 0.91,
            "reinvestment_rate": -6.08,
            "research_to_sale_ratio": 3.85,
            "price_fair": 48.07,
            "eps_avg_yearly": 1.37,
            "eps_latest_yearly": 0.12,
            "eps_growth_yearly": 754.13
        },
        "20202": {
            "year_quarter": 20202,
            "year": 2020,
            "quarter": 2,
            "eps": 0.56,
            "eps_growth_year": 154.55,
            "eps_4q": 1.7,
            "eps_4q_growth_year": 149.91,
            "roe": 4.98,
            "roe_4q": 14.92,
            "gross_profit": 55437,
            "gross_margin": 36.43,
            "gross_margin_4q_avg": 35.68,
            "net_income": 21848,
            "revenue": 152178,
            "common_shares": 392974,
            "book_valuer_per_share": 10.88,
            "book_valuer_per_share_4q_avg": 11.4,
            "equity": 427574,
            "current_ratio": 224.53,
            "debt_ratio": 36.82,
            "inventory_turnover_ratio": 0.96,
            "account_receivable_turnover_ratio": 1.3,
            "reinvestment_rate": -5.65,
            "research_to_sale_ratio": 3.22,
            "price_fair": 49.23,
            "eps_avg_yearly": 1.41,
            "eps_latest_yearly": 2.24,
            "eps_growth_yearly": 1157.3
        },
        "20203": {
            "year_quarter": 20203,
            "year": 2020,
            "quarter": 3,
            "eps": 0.48,
            "eps_growth_year": 11.63,
            "eps_4q": 1.76,
            "eps_4q_growth_year": 197.29,
            "roe": 4.29,
            "roe_4q": 15.46,
            "gross_profit": 62062,
            "gross_margin": 36.58,
            "gross_margin_4q_avg": 35.49,
            "net_income": 18892,
            "revenue": 169677,
            "common_shares": 392974,
            "book_valuer_per_share": 11.56,
            "book_valuer_per_share_4q_avg": 11.44,
            "equity": 454145,
            "current_ratio": 244.96,
            "debt_ratio": 34.6,
            "inventory_turnover_ratio": 1.04,
            "account_receivable_turnover_ratio": 1.27,
            "reinvestment_rate": 0.33,
            "research_to_sale_ratio": 1.96,
            "price_fair": 50.87,
            "eps_avg_yearly": 1.45,
            "eps_latest_yearly": 1.92,
            "eps_growth_yearly": 1161.24
        },
        "20204": {
            "year_quarter": 20204,
            "year": 2020,
            "quarter": 4,
            "eps": 0.1,
            "eps_growth_year": -85.96,
            "eps_4q": 1.16,
            "eps_4q_growth_year": 3.1,
            "roe": 0.83,
            "roe_4q": 10.320000000000002,
            "gross_profit": 54676,
            "gross_margin": 34.21,
            "gross_margin_4q_avg": 34.35,
            "net_income": 3834,
            "revenue": 159830,
            "common_shares": 392974,
            "book_valuer_per_share": 12.06,
            "book_valuer_per_share_4q_avg": 11.49,
            "equity": 473821,
            "current_ratio": 243.1,
            "debt_ratio": 34.95,
            "inventory_turnover_ratio": 1.01,
            "account_receivable_turnover_ratio": 1.19,
            "reinvestment_rate": 4.29,
            "research_to_sale_ratio": 3.47,
            "price_fair": 49.12,
            "eps_avg_yearly": 1.4,
            "eps_latest_yearly": 0.4,
            "eps_growth_yearly": 1143.67
        },
        "20211": {
            "year_quarter": 20211,
            "year": 2021,
            "quarter": 1,
            "eps": 0.34,
            "eps_growth_year": 1033.33,
            "eps_4q": 1.47,
            "eps_4q_growth_year": 8.48,
            "roe": 2.79,
            "roe_4q": 12.89,
            "gross_profit": 56654,
            "gross_margin": 32.1,
            "gross_margin_4q_avg": 34.83,
            "net_income": 13341,
            "revenue": 176518,
            "common_shares": 392974,
            "book_valuer_per_share": 12.26,
            "book_valuer_per_share_4q_avg": 11.69,
            "equity": 481623,
            "current_ratio": 225.52,
            "debt_ratio": 36.3,
            "inventory_turnover_ratio": 0.99,
            "account_receivable_turnover_ratio": 1.23,
            "reinvestment_rate": 21.71,
            "research_to_sale_ratio": 2.82,
            "price_fair": 50.75,
            "eps_avg_yearly": 1.45,
            "eps_latest_yearly": 1.36,
            "eps_growth_yearly": 1230.34
        },
        "20212": {
            "year_quarter": 20212,
            "year": 2021,
            "quarter": 2,
            "eps": 0.43,
            "eps_growth_year": -23.21,
            "eps_4q": 1.35,
            "eps_4q_growth_year": -20.69,
            "roe": 3.47,
            "roe_4q": 11.379999999999999,
            "gross_profit": 70715,
            "gross_margin": 30.54,
            "gross_margin_4q_avg": 33.36,
            "net_income": 16974,
            "revenue": 231531,
            "common_shares": 392974,
            "book_valuer_per_share": 12.62,
            "book_valuer_per_share_4q_avg": 12.13,
            "equity": 496120,
            "current_ratio": 221.48,
            "debt_ratio": 36.92,
            "inventory_turnover_ratio": 1.12,
            "account_receivable_turnover_ratio": 1.39,
            "reinvestment_rate": 20.32,
            "research_to_sale_ratio": 2.25,
            "price_fair": 51.48,
            "eps_avg_yearly": 1.47,
            "eps_latest_yearly": 1.72,
            "eps_growth_yearly": 1143.84
        },
        "20213": {
            "year_quarter": 20213,
            "year": 2021,
            "quarter": 3,
            "eps": 0.95,
            "eps_growth_year": 97.92,
            "eps_4q": 1.82,
            "eps_4q_growth_year": 3.43,
            "roe": 7.55,
            "roe_4q": 14.639999999999999,
            "gross_profit": 76882,
            "gross_margin": 30.9,
            "gross_margin_4q_avg": 31.94,
            "net_income": 37289,
            "revenue": 248848,
            "common_shares": 392974,
            "book_valuer_per_share": 12.51,
            "book_valuer_per_share_4q_avg": 12.36,
            "equity": 491679,
            "current_ratio": 204.22,
            "debt_ratio": 41.48,
            "inventory_turnover_ratio": 1.08,
            "account_receivable_turnover_ratio": 1.25,
            "reinvestment_rate": 16.86,
            "research_to_sale_ratio": 2.14,
            "price_fair": 57.3,
            "eps_avg_yearly": 1.64,
            "eps_latest_yearly": 3.8,
            "eps_growth_yearly": 1096.69
        },
        "20214": {
            "year_quarter": 20214,
            "year": 2021,
            "quarter": 4,
            "eps": 0.45,
            "eps_growth_year": 362.6,
            "eps_4q": 2.17,
            "eps_4q_growth_year": 87.19,
            "roe": 3.53,
            "roe_4q": 17.34,
            "gross_profit": 60786,
            "gross_margin": 30.32,
            "gross_margin_4q_avg": 30.97,
            "net_income": 17736,
            "revenue": 200473,
            "common_shares": 392974,
            "book_valuer_per_share": 13.03,
            "book_valuer_per_share_4q_avg": 12.61,
            "equity": 512030,
            "current_ratio": 214.09,
            "debt_ratio": 39.88,
            "inventory_turnover_ratio": 0.82,
            "account_receivable_turnover_ratio": 0.99,
            "reinvestment_rate": 23.17,
            "research_to_sale_ratio": 2.46,
            "price_fair": 57.1,
            "eps_avg_yearly": 1.63,
            "eps_latest_yearly": 1.8,
            "eps_growth_yearly": 1020.7
        },
        "20221": {
            "year_quarter": 20221,
            "year": 2022,
            "quarter": 1,
            "eps": 0.45,
            "eps_growth_year": 32.35,
            "eps_4q": 2.28,
            "eps_4q_growth_year": 54.83,
            "roe": 3.32,
            "roe_4q": 17.869999999999997,
            "gross_profit": 54230,
            "gross_margin": 29.83,
            "gross_margin_4q_avg": 30.4,
            "net_income": 17669,
            "revenue": 181777,
            "common_shares": 392974,
            "book_valuer_per_share": 14.03,
            "book_valuer_per_share_4q_avg": 13.05,
            "equity": 551351,
            "current_ratio": 242.68,
            "debt_ratio": 35.21,
            "inventory_turnover_ratio": 0.68,
            "account_receivable_turnover_ratio": 1.03,
            "reinvestment_rate": 20.11,
            "research_to_sale_ratio": 2.72,
            "price_fair": 61.3,
            "eps_avg_yearly": 1.75,
            "eps_latest_yearly": 1.8,
            "eps_growth_yearly": 1047.45
        },
        "20222": {
            "year_quarter": 20222,
            "year": 2022,
            "quarter": 2,
            "eps": 0.75,
            "eps_growth_year": 74.42,
            "eps_4q": 2.6,
            "eps_4q_growth_year": 92.76,
            "roe": 5.57,
            "roe_4q": 19.97,
            "gross_profit": 67572,
            "gross_margin": 29.48,
            "gross_margin_4q_avg": 30.13,
            "net_income": 29546,
            "revenue": 229236,
            "common_shares": 392974,
            "book_valuer_per_share": 12.95,
            "book_valuer_per_share_4q_avg": 13.13,
            "equity": 508816,
            "current_ratio": 179.49,
            "debt_ratio": 48.19,
            "inventory_turnover_ratio": 0.82,
            "account_receivable_turnover_ratio": 1.22,
            "reinvestment_rate": 18.83,
            "research_to_sale_ratio": 2.13,
            "price_fair": 63.5,
            "eps_avg_yearly": 1.81,
            "eps_latest_yearly": 3,
            "eps_growth_yearly": 590.3
        },
        "20223": {
            "year_quarter": 20223,
            "year": 2022,
            "quarter": 3,
            "eps": 0.83,
            "eps_growth_year": -12.63,
            "eps_4q": 2.48,
            "eps_4q_growth_year": 36.39,
            "roe": 6.12,
            "roe_4q": 18.540000000000003,
            "gross_profit": 65316,
            "gross_margin": 29.68,
            "gross_margin_4q_avg": 29.83,
            "net_income": 32485,
            "revenue": 220101,
            "common_shares": 392974,
            "book_valuer_per_share": 14.05,
            "book_valuer_per_share_4q_avg": 13.52,
            "equity": 552042,
            "current_ratio": 204.37,
            "debt_ratio": 41.7,
            "inventory_turnover_ratio": 0.82,
            "account_receivable_turnover_ratio": 1.06,
            "reinvestment_rate": 26.7,
            "research_to_sale_ratio": 2.34,
            "price_fair": 66.6,
            "eps_avg_yearly": 1.9,
            "eps_latest_yearly": 3.32,
            "eps_growth_yearly": 593.89
        },
        "20224": {
            "year_quarter": 20224,
            "year": 2022,
            "quarter": 4,
            "eps": 0.26,
            "eps_growth_year": -43.22,
            "eps_4q": 2.28,
            "eps_4q_growth_year": 5.19,
            "roe": 1.81,
            "roe_4q": 16.82,
            "gross_profit": 62820,
            "gross_margin": 31.57,
            "gross_margin_4q_avg": 30.14,
            "net_income": 10071,
            "revenue": 199011,
            "common_shares": 392974,
            "book_valuer_per_share": 14.2,
            "book_valuer_per_share_4q_avg": 13.81,
            "equity": 557875,
            "current_ratio": 200.76,
            "debt_ratio": 42.35,
            "inventory_turnover_ratio": 0.74,
            "account_receivable_turnover_ratio": 1.01,
            "reinvestment_rate": 23.91,
            "research_to_sale_ratio": 2.75,
            "price_fair": 67.6,
            "eps_avg_yearly": 1.93,
            "eps_latest_yearly": 1.04,
            "eps_growth_yearly": 594.05
        },
        "20231": {
            "year_quarter": 20231,
            "year": 2023,
            "quarter": 1,
            "eps": 0.19,
            "eps_growth_year": -57.78,
            "eps_4q": 2.03,
            "eps_4q_growth_year": -11.17,
            "roe": 1.33,
            "roe_4q": 14.83,
            "gross_profit": 51876,
            "gross_margin": 27.94,
            "gross_margin_4q_avg": 29.67,
            "net_income": 7547,
            "revenue": 185695,
            "common_shares": 392974,
            "book_valuer_per_share": 14.62,
            "book_valuer_per_share_4q_avg": 13.96,
            "equity": 574405,
            "current_ratio": 215.81,
            "debt_ratio": 39.37,
            "inventory_turnover_ratio": 0.75,
            "account_receivable_turnover_ratio": 1.03,
            "reinvestment_rate": 22.3,
            "research_to_sale_ratio": 2.62,
            "price_fair": 64.87,
            "eps_avg_yearly": 1.85,
            "eps_latest_yearly": 0.76,
            "eps_growth_yearly": 547.27
        }
    },
    "months": {
        "2010-04": {
            "month": "2010-04",
            "price": "23.88",
            "revenue": 82512
        },
        "2010-05": {
            "month": "2010-05",
            "price": "21.52",
            "revenue": 98165
        },
        "2010-06": {
            "month": "2010-06",
            "price": "20.72",
            "revenue": 108722
        },
        "2010-07": {
            "month": "2010-07",
            "price": "19.61",
            "revenue": 94565
        },
        "2010-08": {
            "month": "2010-08",
            "price": "17.15",
            "revenue": 89436
        },
        "2010-09": {
            "month": "2010-09",
            "price": "15.36",
            "revenue": 106640
        },
        "2010-10": {
            "month": "2010-10",
            "price": "15.64",
            "revenue": 85750
        },
        "2010-11": {
            "month": "2010-11",
            "price": "17.24",
            "revenue": 86616
        },
        "2010-12": {
            "month": "2010-12",
            "price": "20.14",
            "revenue": 88054
        },
        "2011-01": {
            "month": "2011-01",
            "price": "20.49",
            "revenue": 107343
        },
        "2011-02": {
            "month": "2011-02",
            "price": "22.56",
            "revenue": 67674
        },
        "2011-03": {
            "month": "2011-03",
            "price": "30.33",
            "revenue": 110820
        },
        "2011-04": {
            "month": "2011-04",
            "price": "33.86",
            "revenue": 108637
        },
        "2011-05": {
            "month": "2011-05",
            "price": "34.70",
            "revenue": 100578
        },
        "2011-06": {
            "month": "2011-06",
            "price": "33.73",
            "revenue": 96154
        },
        "2011-07": {
            "month": "2011-07",
            "price": "34.94",
            "revenue": 88732
        },
        "2011-08": {
            "month": "2011-08",
            "price": "31.90",
            "revenue": 91858
        },
        "2011-09": {
            "month": "2011-09",
            "price": "29.11",
            "revenue": 101248
        },
        "2011-10": {
            "month": "2011-10",
            "price": "26.21",
            "revenue": 107255
        },
        "2011-11": {
            "month": "2011-11",
            "price": "27.72",
            "revenue": 81905
        },
        "2011-12": {
            "month": "2011-12",
            "price": "24.58",
            "revenue": 85840
        },
        "2012-01": {
            "month": "2012-01",
            "price": "23.57",
            "revenue": 76687
        },
        "2012-02": {
            "month": "2012-02",
            "price": "27.18",
            "revenue": 97722
        },
        "2012-03": {
            "month": "2012-03",
            "price": "35.30",
            "revenue": 100526
        },
        "2012-04": {
            "month": "2012-04",
            "price": "30.44",
            "revenue": 85105
        },
        "2012-05": {
            "month": "2012-05",
            "price": "27.06",
            "revenue": 105372
        },
        "2012-06": {
            "month": "2012-06",
            "price": "26.77",
            "revenue": 81977
        },
        "2012-07": {
            "month": "2012-07",
            "price": "25.31",
            "revenue": 71115
        },
        "2012-08": {
            "month": "2012-08",
            "price": "28.22",
            "revenue": 86836
        },
        "2012-09": {
            "month": "2012-09",
            "price": "32.16",
            "revenue": 121181
        },
        "2012-10": {
            "month": "2012-10",
            "price": "33.75",
            "revenue": 100900
        },
        "2012-11": {
            "month": "2012-11",
            "price": "32.53",
            "revenue": 100515
        },
        "2012-12": {
            "month": "2012-12",
            "price": "32.78",
            "revenue": 83855
        },
        "2013-01": {
            "month": "2013-01",
            "price": "33.66",
            "revenue": 84533
        },
        "2013-02": {
            "month": "2013-02",
            "price": "33.57",
            "revenue": 54944
        },
        "2013-03": {
            "month": "2013-03",
            "price": "32.63",
            "revenue": 81952
        },
        "2013-04": {
            "month": "2013-04",
            "price": "32.01",
            "revenue": 73947
        },
        "2013-05": {
            "month": "2013-05",
            "price": "34.80",
            "revenue": 78146
        },
        "2013-06": {
            "month": "2013-06",
            "price": "41.85",
            "revenue": 97243
        },
        "2013-07": {
            "month": "2013-07",
            "price": "42.64",
            "revenue": 89011
        },
        "2013-08": {
            "month": "2013-08",
            "price": "39.71",
            "revenue": 99987
        },
        "2013-09": {
            "month": "2013-09",
            "price": "35.78",
            "revenue": 103687
        },
        "2013-10": {
            "month": "2013-10",
            "price": "35.53",
            "revenue": 75658
        },
        "2013-11": {
            "month": "2013-11",
            "price": "31.31",
            "revenue": 82093
        },
        "2013-12": {
            "month": "2013-12",
            "price": "29.60",
            "revenue": 54992
        },
        "2014-01": {
            "month": "2014-01",
            "price": "29.76",
            "revenue": 52533
        },
        "2014-02": {
            "month": "2014-02",
            "price": "30.05",
            "revenue": 50822
        },
        "2014-03": {
            "month": "2014-03",
            "price": "29.12",
            "revenue": 64135
        },
        "2014-04": {
            "month": "2014-04",
            "price": "28.76",
            "revenue": 63333
        },
        "2014-05": {
            "month": "2014-05",
            "price": "28.04",
            "revenue": 64832
        },
        "2014-06": {
            "month": "2014-06",
            "price": "26.38",
            "revenue": 66862
        },
        "2014-07": {
            "month": "2014-07",
            "price": "23.56",
            "revenue": 54529
        },
        "2014-08": {
            "month": "2014-08",
            "price": "18.95",
            "revenue": 49469
        },
        "2014-09": {
            "month": "2014-09",
            "price": "14.88",
            "revenue": 46548
        },
        "2014-10": {
            "month": "2014-10",
            "price": "14.87",
            "revenue": 32370
        },
        "2014-11": {
            "month": "2014-11",
            "price": "14.65",
            "revenue": 39716
        },
        "2014-12": {
            "month": "2014-12",
            "price": "15.40",
            "revenue": 50484
        },
        "2015-01": {
            "month": "2015-01",
            "price": "18.21",
            "revenue": 49238
        },
        "2015-02": {
            "month": "2015-02",
            "price": "17.90",
            "revenue": 33204
        },
        "2015-03": {
            "month": "2015-03",
            "price": "18.22",
            "revenue": 48338
        },
        "2015-04": {
            "month": "2015-04",
            "price": "19.44",
            "revenue": 51000
        },
        "2015-05": {
            "month": "2015-05",
            "price": "17.94",
            "revenue": 55220
        },
        "2015-06": {
            "month": "2015-06",
            "price": "17.71",
            "revenue": 52684
        },
        "2015-07": {
            "month": "2015-07",
            "price": "16.61",
            "revenue": 56410
        },
        "2015-08": {
            "month": "2015-08",
            "price": "11.90",
            "revenue": 55931
        },
        "2015-09": {
            "month": "2015-09",
            "price": "11.86",
            "revenue": 45190
        },
        "2015-10": {
            "month": "2015-10",
            "price": "13.12",
            "revenue": 49263
        },
        "2015-11": {
            "month": "2015-11",
            "price": "13.03",
            "revenue": 40163
        },
        "2015-12": {
            "month": "2015-12",
            "price": "13.13",
            "revenue": 40572
        },
        "2016-01": {
            "month": "2016-01",
            "price": "11.85",
            "revenue": 52665
        },
        "2016-02": {
            "month": "2016-02",
            "price": "12.45",
            "revenue": 34433
        },
        "2016-03": {
            "month": "2016-03",
            "price": "12.99",
            "revenue": 53287
        },
        "2016-04": {
            "month": "2016-04",
            "price": "12.71",
            "revenue": 47772
        },
        "2016-05": {
            "month": "2016-05",
            "price": "12.50",
            "revenue": 42563
        },
        "2016-06": {
            "month": "2016-06",
            "price": "13.54",
            "revenue": 37621
        },
        "2016-07": {
            "month": "2016-07",
            "price": "16.86",
            "revenue": 45653
        },
        "2016-08": {
            "month": "2016-08",
            "price": "17.21",
            "revenue": 46728
        },
        "2016-09": {
            "month": "2016-09",
            "price": "17.78",
            "revenue": 53102
        },
        "2016-10": {
            "month": "2016-10",
            "price": "16.48",
            "revenue": 43066
        },
        "2016-11": {
            "month": "2016-11",
            "price": "17.00",
            "revenue": 41308
        },
        "2016-12": {
            "month": "2016-12",
            "price": "19.26",
            "revenue": 41272
        },
        "2017-01": {
            "month": "2017-01",
            "price": "23.57",
            "revenue": 49225
        },
        "2017-02": {
            "month": "2017-02",
            "price": "23.74",
            "revenue": 32726
        },
        "2017-03": {
            "month": "2017-03",
            "price": "25.65",
            "revenue": 42181
        },
        "2017-04": {
            "month": "2017-04",
            "price": "24.64",
            "revenue": 31539
        },
        "2017-05": {
            "month": "2017-05",
            "price": "25.45",
            "revenue": 38177
        },
        "2017-06": {
            "month": "2017-06",
            "price": "24.34",
            "revenue": 34621
        },
        "2017-07": {
            "month": "2017-07",
            "price": "22.99",
            "revenue": 43223
        },
        "2017-08": {
            "month": "2017-08",
            "price": "21.04",
            "revenue": 43144
        },
        "2017-09": {
            "month": "2017-09",
            "price": "20.54",
            "revenue": 45208
        },
        "2017-10": {
            "month": "2017-10",
            "price": "19.76",
            "revenue": 40394
        },
        "2017-11": {
            "month": "2017-11",
            "price": "18.87",
            "revenue": 50258
        },
        "2017-12": {
            "month": "2017-12",
            "price": "17.62",
            "revenue": 45679
        },
        "2018-01": {
            "month": "2018-01",
            "price": "17.41",
            "revenue": 44220
        },
        "2018-02": {
            "month": "2018-02",
            "price": "16.18",
            "revenue": 30436
        },
        "2018-03": {
            "month": "2018-03",
            "price": "15.70",
            "revenue": 47185
        },
        "2018-04": {
            "month": "2018-04",
            "price": "23.19",
            "revenue": 46650
        },
        "2018-05": {
            "month": "2018-05",
            "price": "23.44",
            "revenue": 44250
        },
        "2018-06": {
            "month": "2018-06",
            "price": "22.33",
            "revenue": 42036
        },
        "2018-07": {
            "month": "2018-07",
            "price": "20.06",
            "revenue": 48614
        },
        "2018-08": {
            "month": "2018-08",
            "price": "19.36",
            "revenue": 49620
        },
        "2018-09": {
            "month": "2018-09",
            "price": "18.21",
            "revenue": 44718
        },
        "2018-10": {
            "month": "2018-10",
            "price": "15.96",
            "revenue": 43405
        },
        "2018-11": {
            "month": "2018-11",
            "price": "15.98",
            "revenue": 47409
        },
        "2018-12": {
            "month": "2018-12",
            "price": "17.53",
            "revenue": 43955
        },
        "2019-01": {
            "month": "2019-01",
            "price": "17.59",
            "revenue": 41388
        },
        "2019-02": {
            "month": "2019-02",
            "price": "19.30",
            "revenue": 30256
        },
        "2019-03": {
            "month": "2019-03",
            "price": "20.41",
            "revenue": 41141
        },
        "2019-04": {
            "month": "2019-04",
            "price": "19.79",
            "revenue": 40703
        },
        "2019-05": {
            "month": "2019-05",
            "price": "18.86",
            "revenue": 45401
        },
        "2019-06": {
            "month": "2019-06",
            "price": "18.21",
            "revenue": 46070
        },
        "2019-07": {
            "month": "2019-07",
            "price": "17.89",
            "revenue": 51725
        },
        "2019-08": {
            "month": "2019-08",
            "price": "18.05",
            "revenue": 52563
        },
        "2019-09": {
            "month": "2019-09",
            "price": "17.75",
            "revenue": 51235
        },
        "2019-10": {
            "month": "2019-10",
            "price": "17.20",
            "revenue": 47413
        },
        "2019-11": {
            "month": "2019-11",
            "price": "17.06",
            "revenue": 47915
        },
        "2019-12": {
            "month": "2019-12",
            "price": "16.90",
            "revenue": 48792
        },
        "2020-01": {
            "month": "2020-01",
            "price": "16.79",
            "revenue": 32859
        },
        "2020-02": {
            "month": "2020-02",
            "price": "16.14",
            "revenue": 21992
        },
        "2020-03": {
            "month": "2020-03",
            "price": "14.15",
            "revenue": 47275
        },
        "2020-04": {
            "month": "2020-04",
            "price": "14.03",
            "revenue": 48847
        },
        "2020-05": {
            "month": "2020-05",
            "price": "15.49",
            "revenue": 50513
        },
        "2020-06": {
            "month": "2020-06",
            "price": "16.26",
            "revenue": 52237
        },
        "2020-07": {
            "month": "2020-07",
            "price": "16.62",
            "revenue": 55215
        },
        "2020-08": {
            "month": "2020-08",
            "price": "17.10",
            "revenue": 56801
        },
        "2020-09": {
            "month": "2020-09",
            "price": "20.22",
            "revenue": 57870
        },
        "2020-10": {
            "month": "2020-10",
            "price": "21.92",
            "revenue": 51747
        },
        "2020-11": {
            "month": "2020-11",
            "price": "20.57",
            "revenue": 55676
        },
        "2020-12": {
            "month": "2020-12",
            "price": "21.03",
            "revenue": 53155
        },
        "2021-01": {
            "month": "2021-01",
            "price": "22.54",
            "revenue": 59947
        },
        "2021-02": {
            "month": "2021-02",
            "price": "25.20",
            "revenue": 53571
        },
        "2021-03": {
            "month": "2021-03",
            "price": "26.12",
            "revenue": 63129
        },
        "2021-04": {
            "month": "2021-04",
            "price": "26.20",
            "revenue": 74823
        },
        "2021-05": {
            "month": "2021-05",
            "price": "23.55",
            "revenue": 76401
        },
        "2021-06": {
            "month": "2021-06",
            "price": "25.21",
            "revenue": 80456
        },
        "2021-07": {
            "month": "2021-07",
            "price": "29.55",
            "revenue": 83784
        },
        "2021-08": {
            "month": "2021-08",
            "price": "26.88",
            "revenue": 84540
        },
        "2021-09": {
            "month": "2021-09",
            "price": "26.82",
            "revenue": 81611
        },
        "2021-10": {
            "month": "2021-10",
            "price": "26.02",
            "revenue": 70082
        },
        "2021-11": {
            "month": "2021-11",
            "price": "26.47",
            "revenue": 66416
        },
        "2021-12": {
            "month": "2021-12",
            "price": "27.19",
            "revenue": 64201
        },
        "2022-01": {
            "month": "2022-01",
            "price": "27.69",
            "revenue": 60719
        },
        "2022-02": {
            "month": "2022-02",
            "price": "28.04",
            "revenue": 55684
        },
        "2022-03": {
            "month": "2022-03",
            "price": "27.01",
            "revenue": 65004
        },
        "2022-04": {
            "month": "2022-04",
            "price": "26.79",
            "revenue": 76207
        },
        "2022-05": {
            "month": "2022-05",
            "price": "26.19",
            "revenue": 77934
        },
        "2022-06": {
            "month": "2022-06",
            "price": "26.24",
            "revenue": 75518
        },
        "2022-07": {
            "month": "2022-07",
            "price": "25.63",
            "revenue": 75775
        },
        "2022-08": {
            "month": "2022-08",
            "price": "26.01",
            "revenue": 73245
        },
        "2022-09": {
            "month": "2022-09",
            "price": "24.73",
            "revenue": 71019
        },
        "2022-10": {
            "month": "2022-10",
            "price": "21.05",
            "revenue": 68134
        },
        "2022-11": {
            "month": "2022-11",
            "price": "22.48",
            "revenue": 68488
        },
        "2022-12": {
            "month": "2022-12",
            "price": "23.19",
            "revenue": 61602
        },
        "2023-01": {
            "month": "2023-01",
            "price": "23.32",
            "revenue": 62091
        },
        "2023-02": {
            "month": "2023-02",
            "price": "25.01",
            "revenue": 58768
        },
        "2023-03": {
            "month": "2023-03",
            "price": "26.65",
            "revenue": 64947
        },
        "2023-04": {
            "month": "2023-04",
            "price": "28.41",
            "revenue": 63162
        },
        "2023-05": {
            "month": "2023-05",
            "price": "30.95",
            "revenue": 68046
        }
    }
}
