{
    "summary": {
        "stock_name": "精聯",
        "stock_id": "3652",
        "category": "電腦及週邊設備",
        "main_business": "自動辯識資料收集產品研發、設計、製造、全球銷售",
        "website_url": "http://www.ute.com/",
        "ceo": "徐志達",
        "pe_ratio": 44,
        "report_year_from": 2008,
        "report_year_to": 2023,
        "age": 16,
        "eps_negative_percentage": 0,
        "eps_growth_avg": {
            "last_all": 4.65,
            "last_2y": 17.83,
            "last_4y": 18.19,
            "last_8y": 4.4,
            "last_12y": 3.8,
            "last_16y": null,
            "last_20y": null,
            "at_2006_last_3y": null,
            "at_2007_last_3y": null,
            "at_2008_last_3y": null,
            "at_2009_last_3y": null,
            "at_2010_last_3y": null,
            "at_2011_last_3y": null,
            "at_2012_last_3y": -31.29,
            "at_2013_last_3y": 8.61,
            "at_2014_last_3y": 2.44,
            "at_2015_last_3y": 20.5,
            "at_2016_last_3y": 39.51,
            "at_2017_last_3y": 18.51,
            "at_2018_last_3y": -12.84,
            "at_2019_last_3y": -4.19,
            "at_2020_last_3y": -4.16,
            "at_2021_last_3y": 16.84,
            "at_2022_last_3y": 36.38,
            "at_2023_last_3y": 14.09,
            "at_2024_last_3y": 14.09,
            "at_2006_last_all": null,
            "at_2007_last_all": null,
            "at_2008_last_all": null,
            "at_2009_last_all": null,
            "at_2010_last_all": 10.2,
            "at_2011_last_all": -17.27,
            "at_2012_last_all": -31.29,
            "at_2013_last_all": -5.03,
            "at_2014_last_all": 5.03,
            "at_2015_last_all": 4.31,
            "at_2016_last_all": 4.11,
            "at_2017_last_all": 5.43,
            "at_2018_last_all": -2.12,
            "at_2019_last_all": 1.22,
            "at_2020_last_all": 1.36,
            "at_2021_last_all": 8.94,
            "at_2022_last_all": 8.88,
            "at_2023_last_all": 4.65,
            "at_2024_last_all": 4.65
        },
        "latest_eps": 0.67,
        "latest_price": 29.7,
        "latest_roe": 2.79,
        "latest_gross_margin": 34.86,
        "latest_equity": 1822974,
        "latest_revenue": 518106,
        "latest_gross_profit": 180625,
        "latest_net_income": 19250,
        "latest_debt_ratio": 24.84,
        "latest_current_ratio": 375.59,
        "latest_account_receivable_turnover_ratio": 1.1,
        "latest_inventory_turnover_ratio": 0.77,
        "latest_reinvestment_rate": -2.72,
        "latest_research_to_sale_ratio": 7.84
    },
    "eps_dividends": {
        "2001": {
            "cash": 0,
            "stock": 0,
            "eps": 0
        },
        "2002": {
            "cash": 0,
            "stock": 0,
            "eps": 0
        },
        "2003": {
            "cash": 0,
            "stock": 0,
            "eps": 0
        },
        "2004": {
            "cash": 0,
            "stock": 0,
            "eps": 0
        },
        "2005": {
            "cash": 0,
            "stock": 0,
            "eps": 0
        },
        "2006": {
            "cash": 0,
            "stock": 0,
            "eps": 0
        },
        "2007": {
            "cash": 0,
            "stock": 0,
            "eps": 0
        },
        "2008": {
            "cash": 0,
            "stock": 0,
            "eps": 2.97
        },
        "2009": {
            "cash": 2.6,
            "stock": 0,
            "eps": 1.2
        },
        "2010": {
            "cash": 1,
            "stock": 0,
            "eps": 2.16
        },
        "2011": {
            "cash": 1.15,
            "stock": 0,
            "eps": 0.6
        },
        "2012": {
            "cash": 0.93,
            "stock": 0,
            "eps": 0.16
        },
        "2013": {
            "cash": 0,
            "stock": 0,
            "eps": 0.47
        },
        "2014": {
            "cash": 0.5,
            "stock": 0,
            "eps": 0.73
        },
        "2015": {
            "cash": 0.8,
            "stock": 0,
            "eps": 0.73
        },
        "2016": {
            "cash": 0.7,
            "stock": 0,
            "eps": 0.75
        },
        "2017": {
            "cash": 0.7,
            "stock": 0,
            "eps": 0.87
        },
        "2018": {
            "cash": 0.7,
            "stock": 0,
            "eps": 0.26
        },
        "2019": {
            "cash": 0.7,
            "stock": 0,
            "eps": 0.35
        },
        "2020": {
            "cash": 0.14,
            "stock": 0,
            "eps": 0.36
        },
        "2021": {
            "cash": 0.15,
            "stock": 0,
            "eps": 1.12
        },
        "2022": {
            "cash": 0.41,
            "stock": 0,
            "eps": 1.21
        },
        "2023": {
            "cash": 0.67,
            "stock": 0,
            "eps": 0.55
        }
    },
    "dividends": {
        "2009-03-30": {
            "cash": 2.6,
            "stock": 0
        },
        "2010-03-30": {
            "cash": 1,
            "stock": 0
        },
        "2011-03-24": {
            "cash": 1.15,
            "stock": 0
        },
        "2012-06-15": {
            "cash": 0.93,
            "stock": 0
        },
        "2014-08-08": {
            "cash": 0.5,
            "stock": 0
        },
        "2015-08-12": {
            "cash": 0.8,
            "stock": 0
        },
        "2016-08-10": {
            "cash": 0.7,
            "stock": 0
        },
        "2017-08-09": {
            "cash": 0.7,
            "stock": 0
        },
        "2018-08-08": {
            "cash": 0.7,
            "stock": 0
        },
        "2019-08-07": {
            "cash": 0.7,
            "stock": 0
        },
        "2020-08-05": {
            "cash": 0.14,
            "stock": 0
        },
        "2021-10-08": {
            "cash": 0.15,
            "stock": 0
        },
        "2022-07-27": {
            "cash": 0.41,
            "stock": 0
        },
        "2023-08-09": {
            "cash": 0.67,
            "stock": 0
        }
    },
    "prices": {
        "200101": "無",
        "200102": "無",
        "200103": "無",
        "200104": "無",
        "200105": "無",
        "200106": "無",
        "200107": "無",
        "200108": "無",
        "200109": "無",
        "200110": "無",
        "200111": "無",
        "200112": "無",
        "200201": "無",
        "200202": "無",
        "200203": "無",
        "200204": "無",
        "200205": "無",
        "200206": "無",
        "200207": "無",
        "200208": "無",
        "200209": "無",
        "200210": "無",
        "200211": "無",
        "200212": "無",
        "200301": "無",
        "200302": "無",
        "200303": "無",
        "200304": "無",
        "200305": "無",
        "200306": "無",
        "200307": "無",
        "200308": "無",
        "200309": "無",
        "200310": "無",
        "200311": "無",
        "200312": "無",
        "200401": "無",
        "200402": "無",
        "200403": "無",
        "200404": "無",
        "200405": "無",
        "200406": "無",
        "200407": "無",
        "200408": "無",
        "200409": "無",
        "200410": "無",
        "200411": "無",
        "200412": "無",
        "200501": "無",
        "200502": "無",
        "200503": "無",
        "200504": "無",
        "200505": "無",
        "200506": "無",
        "200507": "無",
        "200508": "無",
        "200509": "無",
        "200510": "無",
        "200511": "無",
        "200512": "無",
        "200601": "無",
        "200602": "無",
        "200603": "無",
        "200604": "無",
        "200605": "無",
        "200606": "無",
        "200607": "無",
        "200608": "無",
        "200609": "無",
        "200610": "無",
        "200611": "無",
        "200612": "無",
        "200701": "無",
        "200702": "無",
        "200703": "無",
        "200704": "無",
        "200705": "無",
        "200706": "無",
        "200707": "無",
        "200708": "無",
        "200709": "無",
        "200710": "無",
        "200711": "無",
        "200712": "無",
        "200801": "無",
        "200802": "無",
        "200803": "無",
        "200804": "無",
        "200805": "無",
        "200806": "無",
        "200807": "無",
        "200808": "無",
        "200809": "無",
        "200810": "無",
        "200811": "無",
        "200812": "無",
        "200901": "無",
        "200902": "無",
        "200903": "無",
        "200904": "無",
        "200905": "無",
        "200906": "無",
        "200907": "無",
        "200908": "33.97",
        "200909": "33.35",
        "200910": "33.73",
        "200911": "32.88",
        "200912": "38.18",
        "201001": "39.19",
        "201002": "37.68",
        "201003": "41.39",
        "201004": "43.58",
        "201005": "42.06",
        "201006": "40.07",
        "201007": "39.91",
        "201008": "39.23",
        "201009": "38.36",
        "201010": "38.40",
        "201011": "35.43",
        "201012": "35.27",
        "201101": "36.75",
        "201102": "37.00",
        "201103": "35.89",
        "201104": "34.18",
        "201105": "33.59",
        "201106": "33.06",
        "201107": "29.99",
        "201108": "25.38",
        "201109": "22.15",
        "201110": "21.35",
        "201111": "20.78",
        "201112": "20.18",
        "201201": "19.92",
        "201202": "22.88",
        "201203": "22.05",
        "201204": "19.86",
        "201205": "18.56",
        "201206": "18.01",
        "201207": "17.88",
        "201208": "17.34",
        "201209": "18.05",
        "201210": "16.99",
        "201211": "16.02",
        "201212": "17.52",
        "201301": "18.79",
        "201302": "18.05",
        "201303": "18.16",
        "201304": "17.00",
        "201305": "17.48",
        "201306": "17.20",
        "201307": "16.72",
        "201308": "17.46",
        "201309": "18.36",
        "201310": "18.98",
        "201311": "19.98",
        "201312": "21.49",
        "201401": "26.59",
        "201402": "29.62",
        "201403": "30.10",
        "201404": "29.50",
        "201405": "28.00",
        "201406": "31.05",
        "201407": "27.17",
        "201408": "25.97",
        "201409": "25.71",
        "201410": "23.97",
        "201411": "22.71",
        "201412": "23.53",
        "201501": "25.25",
        "201502": "24.02",
        "201503": "24.06",
        "201504": "23.84",
        "201505": "21.53",
        "201506": "19.33",
        "201507": "17.51",
        "201508": "15.34",
        "201509": "16.52",
        "201510": "17.34",
        "201511": "17.84",
        "201512": "16.76",
        "201601": "15.98",
        "201602": "16.30",
        "201603": "17.01",
        "201604": "17.19",
        "201605": "16.57",
        "201606": "17.49",
        "201607": "19.35",
        "201608": "19.71",
        "201609": "21.34",
        "201610": "22.01",
        "201611": "21.77",
        "201612": "27.15",
        "201701": "29.73",
        "201702": "26.52",
        "201703": "25.54",
        "201704": "24.68",
        "201705": "22.68",
        "201706": "21.05",
        "201707": "21.12",
        "201708": "20.09",
        "201709": "20.72",
        "201710": "21.86",
        "201711": "24.61",
        "201712": "21.62",
        "201801": "22.53",
        "201802": "22.63",
        "201803": "29.08",
        "201804": "28.51",
        "201805": "23.51",
        "201806": "23.12",
        "201807": "20.88",
        "201808": "19.78",
        "201809": "18.62",
        "201810": "16.00",
        "201811": "15.61",
        "201812": "16.98",
        "201901": "16.18",
        "201902": "16.78",
        "201903": "17.36",
        "201904": "17.78",
        "201905": "16.54",
        "201906": "16.19",
        "201907": "16.20",
        "201908": "15.75",
        "201909": "15.85",
        "201910": "16.07",
        "201911": "16.31",
        "201912": "18.57",
        "202001": "17.75",
        "202002": "17.24",
        "202003": "14.44",
        "202004": "14.17",
        "202005": "14.86",
        "202006": "16.07",
        "202007": "20.89",
        "202008": "20.12",
        "202009": "19.75",
        "202010": "19.71",
        "202011": "19.74",
        "202012": "20.99",
        "202101": "20.16",
        "202102": "20.27",
        "202103": "20.33",
        "202104": "22.34",
        "202105": "20.88",
        "202106": "20.29",
        "202107": "20.45",
        "202108": "23.72",
        "202109": "26.19",
        "202110": "25.61",
        "202111": "24.82",
        "202112": "22.09",
        "202201": "21.33",
        "202202": "20.82",
        "202203": "20.71",
        "202204": "20.45",
        "202205": "20.62",
        "202206": "20.87",
        "202207": "21.16",
        "202208": "23.23",
        "202209": "23.44",
        "202210": "21.59",
        "202211": "22.57",
        "202212": "23.25",
        "202301": "22.62",
        "202302": "23.71",
        "202303": "30.83",
        "202304": "31.99",
        "202305": "29.65",
        "202306": "35.72",
        "202307": "34.45",
        "202308": "28.57",
        "202309": "28.13",
        "202310": "27.54",
        "202311": "27.16",
        "202312": "28.58"
    },
    "quarters": {
        "20011": {
            "year_quarter": 20011,
            "year": 2001,
            "quarter": 1,
            "eps": null,
            "eps_growth_year": null,
            "eps_4q": null,
            "eps_4q_growth_year": null,
            "roe": null,
            "roe_4q": 0,
            "gross_profit": null,
            "gross_margin": null,
            "gross_margin_4q_avg": 0,
            "net_income": null,
            "net_income_4q": null,
            "revenue": null,
            "revenue_4q": null,
            "common_shares": null,
            "book_valuer_per_share": null,
            "book_valuer_per_share_4q_avg": 0,
            "equity": null,
            "current_ratio": null,
            "debt_ratio": null,
            "inventory_turnover_ratio": null,
            "account_receivable_turnover_ratio": null,
            "reinvestment_rate": null,
            "research_to_sale_ratio": null,
            "price_fair": 0,
            "eps_avg_yearly": 0,
            "eps_latest_yearly": 0,
            "eps_growth_yearly": 0
        },
        "20012": {
            "year_quarter": 20012,
            "year": 2001,
            "quarter": 2,
            "eps": null,
            "eps_growth_year": null,
            "eps_4q": null,
            "eps_4q_growth_year": null,
            "roe": null,
            "roe_4q": 0,
            "gross_profit": null,
            "gross_margin": null,
            "gross_margin_4q_avg": 0,
            "net_income": null,
            "net_income_4q": null,
            "revenue": null,
            "revenue_4q": null,
            "common_shares": null,
            "book_valuer_per_share": null,
            "book_valuer_per_share_4q_avg": 0,
            "equity": null,
            "current_ratio": null,
            "debt_ratio": null,
            "inventory_turnover_ratio": null,
            "account_receivable_turnover_ratio": null,
            "reinvestment_rate": null,
            "research_to_sale_ratio": null,
            "price_fair": 0,
            "eps_avg_yearly": 0,
            "eps_latest_yearly": 0,
            "eps_growth_yearly": 0
        },
        "20013": {
            "year_quarter": 20013,
            "year": 2001,
            "quarter": 3,
            "eps": null,
            "eps_growth_year": null,
            "eps_4q": null,
            "eps_4q_growth_year": null,
            "roe": null,
            "roe_4q": 0,
            "gross_profit": null,
            "gross_margin": null,
            "gross_margin_4q_avg": 0,
            "net_income": null,
            "net_income_4q": null,
            "revenue": null,
            "revenue_4q": null,
            "common_shares": null,
            "book_valuer_per_share": null,
            "book_valuer_per_share_4q_avg": 0,
            "equity": null,
            "current_ratio": null,
            "debt_ratio": null,
            "inventory_turnover_ratio": null,
            "account_receivable_turnover_ratio": null,
            "reinvestment_rate": null,
            "research_to_sale_ratio": null,
            "price_fair": 0,
            "eps_avg_yearly": 0,
            "eps_latest_yearly": 0,
            "eps_growth_yearly": 0
        },
        "20014": {
            "year_quarter": 20014,
            "year": 2001,
            "quarter": 4,
            "eps": null,
            "eps_growth_year": null,
            "eps_4q": null,
            "eps_4q_growth_year": null,
            "roe": null,
            "roe_4q": 0,
            "gross_profit": null,
            "gross_margin": null,
            "gross_margin_4q_avg": 0,
            "net_income": null,
            "net_income_4q": null,
            "revenue": null,
            "revenue_4q": null,
            "common_shares": null,
            "book_valuer_per_share": null,
            "book_valuer_per_share_4q_avg": 0,
            "equity": null,
            "current_ratio": null,
            "debt_ratio": null,
            "inventory_turnover_ratio": null,
            "account_receivable_turnover_ratio": null,
            "reinvestment_rate": null,
            "research_to_sale_ratio": null,
            "price_fair": 0,
            "eps_avg_yearly": 0,
            "eps_latest_yearly": 0,
            "eps_growth_yearly": 0
        },
        "20021": {
            "year_quarter": 20021,
            "year": 2002,
            "quarter": 1,
            "eps": null,
            "eps_growth_year": null,
            "eps_4q": null,
            "eps_4q_growth_year": null,
            "roe": null,
            "roe_4q": 0,
            "gross_profit": null,
            "gross_margin": null,
            "gross_margin_4q_avg": 0,
            "net_income": null,
            "net_income_4q": null,
            "revenue": null,
            "revenue_4q": null,
            "common_shares": null,
            "book_valuer_per_share": null,
            "book_valuer_per_share_4q_avg": 0,
            "equity": null,
            "current_ratio": null,
            "debt_ratio": null,
            "inventory_turnover_ratio": null,
            "account_receivable_turnover_ratio": null,
            "reinvestment_rate": null,
            "research_to_sale_ratio": null,
            "price_fair": 0,
            "eps_avg_yearly": 0,
            "eps_latest_yearly": 0,
            "eps_growth_yearly": 0
        },
        "20022": {
            "year_quarter": 20022,
            "year": 2002,
            "quarter": 2,
            "eps": null,
            "eps_growth_year": null,
            "eps_4q": null,
            "eps_4q_growth_year": null,
            "roe": null,
            "roe_4q": 0,
            "gross_profit": null,
            "gross_margin": null,
            "gross_margin_4q_avg": 0,
            "net_income": null,
            "net_income_4q": null,
            "revenue": null,
            "revenue_4q": null,
            "common_shares": null,
            "book_valuer_per_share": null,
            "book_valuer_per_share_4q_avg": 0,
            "equity": null,
            "current_ratio": null,
            "debt_ratio": null,
            "inventory_turnover_ratio": null,
            "account_receivable_turnover_ratio": null,
            "reinvestment_rate": null,
            "research_to_sale_ratio": null,
            "price_fair": 0,
            "eps_avg_yearly": 0,
            "eps_latest_yearly": 0,
            "eps_growth_yearly": 0
        },
        "20023": {
            "year_quarter": 20023,
            "year": 2002,
            "quarter": 3,
            "eps": null,
            "eps_growth_year": null,
            "eps_4q": null,
            "eps_4q_growth_year": null,
            "roe": null,
            "roe_4q": 0,
            "gross_profit": null,
            "gross_margin": null,
            "gross_margin_4q_avg": 0,
            "net_income": null,
            "net_income_4q": null,
            "revenue": null,
            "revenue_4q": null,
            "common_shares": null,
            "book_valuer_per_share": null,
            "book_valuer_per_share_4q_avg": 0,
            "equity": null,
            "current_ratio": null,
            "debt_ratio": null,
            "inventory_turnover_ratio": null,
            "account_receivable_turnover_ratio": null,
            "reinvestment_rate": null,
            "research_to_sale_ratio": null,
            "price_fair": 0,
            "eps_avg_yearly": 0,
            "eps_latest_yearly": 0,
            "eps_growth_yearly": 0
        },
        "20024": {
            "year_quarter": 20024,
            "year": 2002,
            "quarter": 4,
            "eps": null,
            "eps_growth_year": null,
            "eps_4q": null,
            "eps_4q_growth_year": null,
            "roe": null,
            "roe_4q": 0,
            "gross_profit": null,
            "gross_margin": null,
            "gross_margin_4q_avg": 0,
            "net_income": null,
            "net_income_4q": null,
            "revenue": null,
            "revenue_4q": null,
            "common_shares": null,
            "book_valuer_per_share": null,
            "book_valuer_per_share_4q_avg": 0,
            "equity": null,
            "current_ratio": null,
            "debt_ratio": null,
            "inventory_turnover_ratio": null,
            "account_receivable_turnover_ratio": null,
            "reinvestment_rate": null,
            "research_to_sale_ratio": null,
            "price_fair": 0,
            "eps_avg_yearly": 0,
            "eps_latest_yearly": 0,
            "eps_growth_yearly": 0
        },
        "20031": {
            "year_quarter": 20031,
            "year": 2003,
            "quarter": 1,
            "eps": null,
            "eps_growth_year": null,
            "eps_4q": null,
            "eps_4q_growth_year": null,
            "roe": null,
            "roe_4q": 0,
            "gross_profit": null,
            "gross_margin": null,
            "gross_margin_4q_avg": 0,
            "net_income": null,
            "net_income_4q": null,
            "revenue": null,
            "revenue_4q": null,
            "common_shares": null,
            "book_valuer_per_share": null,
            "book_valuer_per_share_4q_avg": 0,
            "equity": null,
            "current_ratio": null,
            "debt_ratio": null,
            "inventory_turnover_ratio": null,
            "account_receivable_turnover_ratio": null,
            "reinvestment_rate": null,
            "research_to_sale_ratio": null,
            "price_fair": 0,
            "eps_avg_yearly": 0,
            "eps_latest_yearly": 0,
            "eps_growth_yearly": 0
        },
        "20032": {
            "year_quarter": 20032,
            "year": 2003,
            "quarter": 2,
            "eps": null,
            "eps_growth_year": null,
            "eps_4q": null,
            "eps_4q_growth_year": null,
            "roe": null,
            "roe_4q": 0,
            "gross_profit": null,
            "gross_margin": null,
            "gross_margin_4q_avg": 0,
            "net_income": null,
            "net_income_4q": null,
            "revenue": null,
            "revenue_4q": null,
            "common_shares": null,
            "book_valuer_per_share": null,
            "book_valuer_per_share_4q_avg": 0,
            "equity": null,
            "current_ratio": null,
            "debt_ratio": null,
            "inventory_turnover_ratio": null,
            "account_receivable_turnover_ratio": null,
            "reinvestment_rate": null,
            "research_to_sale_ratio": null,
            "price_fair": 0,
            "eps_avg_yearly": 0,
            "eps_latest_yearly": 0,
            "eps_growth_yearly": 0
        },
        "20033": {
            "year_quarter": 20033,
            "year": 2003,
            "quarter": 3,
            "eps": null,
            "eps_growth_year": null,
            "eps_4q": null,
            "eps_4q_growth_year": null,
            "roe": null,
            "roe_4q": 0,
            "gross_profit": null,
            "gross_margin": null,
            "gross_margin_4q_avg": 0,
            "net_income": null,
            "net_income_4q": null,
            "revenue": null,
            "revenue_4q": null,
            "common_shares": null,
            "book_valuer_per_share": null,
            "book_valuer_per_share_4q_avg": 0,
            "equity": null,
            "current_ratio": null,
            "debt_ratio": null,
            "inventory_turnover_ratio": null,
            "account_receivable_turnover_ratio": null,
            "reinvestment_rate": null,
            "research_to_sale_ratio": null,
            "price_fair": 0,
            "eps_avg_yearly": 0,
            "eps_latest_yearly": 0,
            "eps_growth_yearly": 0
        },
        "20034": {
            "year_quarter": 20034,
            "year": 2003,
            "quarter": 4,
            "eps": null,
            "eps_growth_year": null,
            "eps_4q": null,
            "eps_4q_growth_year": null,
            "roe": null,
            "roe_4q": 0,
            "gross_profit": null,
            "gross_margin": null,
            "gross_margin_4q_avg": 0,
            "net_income": null,
            "net_income_4q": null,
            "revenue": null,
            "revenue_4q": null,
            "common_shares": null,
            "book_valuer_per_share": null,
            "book_valuer_per_share_4q_avg": 0,
            "equity": null,
            "current_ratio": null,
            "debt_ratio": null,
            "inventory_turnover_ratio": null,
            "account_receivable_turnover_ratio": null,
            "reinvestment_rate": null,
            "research_to_sale_ratio": null,
            "price_fair": 0,
            "eps_avg_yearly": 0,
            "eps_latest_yearly": 0,
            "eps_growth_yearly": 0
        },
        "20041": {
            "year_quarter": 20041,
            "year": 2004,
            "quarter": 1,
            "eps": null,
            "eps_growth_year": null,
            "eps_4q": null,
            "eps_4q_growth_year": null,
            "roe": null,
            "roe_4q": 0,
            "gross_profit": null,
            "gross_margin": null,
            "gross_margin_4q_avg": 0,
            "net_income": null,
            "net_income_4q": null,
            "revenue": null,
            "revenue_4q": null,
            "common_shares": null,
            "book_valuer_per_share": null,
            "book_valuer_per_share_4q_avg": 0,
            "equity": null,
            "current_ratio": null,
            "debt_ratio": null,
            "inventory_turnover_ratio": null,
            "account_receivable_turnover_ratio": null,
            "reinvestment_rate": null,
            "research_to_sale_ratio": null,
            "price_fair": 0,
            "eps_avg_yearly": 0,
            "eps_latest_yearly": 0,
            "eps_growth_yearly": 0
        },
        "20042": {
            "year_quarter": 20042,
            "year": 2004,
            "quarter": 2,
            "eps": null,
            "eps_growth_year": null,
            "eps_4q": null,
            "eps_4q_growth_year": null,
            "roe": null,
            "roe_4q": 0,
            "gross_profit": null,
            "gross_margin": null,
            "gross_margin_4q_avg": 0,
            "net_income": null,
            "net_income_4q": null,
            "revenue": null,
            "revenue_4q": null,
            "common_shares": null,
            "book_valuer_per_share": null,
            "book_valuer_per_share_4q_avg": 0,
            "equity": null,
            "current_ratio": null,
            "debt_ratio": null,
            "inventory_turnover_ratio": null,
            "account_receivable_turnover_ratio": null,
            "reinvestment_rate": null,
            "research_to_sale_ratio": null,
            "price_fair": 0,
            "eps_avg_yearly": 0,
            "eps_latest_yearly": 0,
            "eps_growth_yearly": 0
        },
        "20043": {
            "year_quarter": 20043,
            "year": 2004,
            "quarter": 3,
            "eps": null,
            "eps_growth_year": null,
            "eps_4q": null,
            "eps_4q_growth_year": null,
            "roe": null,
            "roe_4q": 0,
            "gross_profit": null,
            "gross_margin": null,
            "gross_margin_4q_avg": 0,
            "net_income": null,
            "net_income_4q": null,
            "revenue": null,
            "revenue_4q": null,
            "common_shares": null,
            "book_valuer_per_share": null,
            "book_valuer_per_share_4q_avg": 0,
            "equity": null,
            "current_ratio": null,
            "debt_ratio": null,
            "inventory_turnover_ratio": null,
            "account_receivable_turnover_ratio": null,
            "reinvestment_rate": null,
            "research_to_sale_ratio": null,
            "price_fair": 0,
            "eps_avg_yearly": 0,
            "eps_latest_yearly": 0,
            "eps_growth_yearly": 0
        },
        "20044": {
            "year_quarter": 20044,
            "year": 2004,
            "quarter": 4,
            "eps": null,
            "eps_growth_year": null,
            "eps_4q": null,
            "eps_4q_growth_year": null,
            "roe": null,
            "roe_4q": 0,
            "gross_profit": null,
            "gross_margin": null,
            "gross_margin_4q_avg": 0,
            "net_income": null,
            "net_income_4q": null,
            "revenue": null,
            "revenue_4q": null,
            "common_shares": null,
            "book_valuer_per_share": null,
            "book_valuer_per_share_4q_avg": 0,
            "equity": null,
            "current_ratio": null,
            "debt_ratio": null,
            "inventory_turnover_ratio": null,
            "account_receivable_turnover_ratio": null,
            "reinvestment_rate": null,
            "research_to_sale_ratio": null,
            "price_fair": 0,
            "eps_avg_yearly": 0,
            "eps_latest_yearly": 0,
            "eps_growth_yearly": 0
        },
        "20051": {
            "year_quarter": 20051,
            "year": 2005,
            "quarter": 1,
            "eps": null,
            "eps_growth_year": null,
            "eps_4q": null,
            "eps_4q_growth_year": null,
            "roe": null,
            "roe_4q": 0,
            "gross_profit": null,
            "gross_margin": null,
            "gross_margin_4q_avg": 0,
            "net_income": null,
            "net_income_4q": null,
            "revenue": null,
            "revenue_4q": null,
            "common_shares": null,
            "book_valuer_per_share": null,
            "book_valuer_per_share_4q_avg": 0,
            "equity": null,
            "current_ratio": null,
            "debt_ratio": null,
            "inventory_turnover_ratio": null,
            "account_receivable_turnover_ratio": null,
            "reinvestment_rate": null,
            "research_to_sale_ratio": null,
            "price_fair": 0,
            "eps_avg_yearly": 0,
            "eps_latest_yearly": 0,
            "eps_growth_yearly": 0
        },
        "20052": {
            "year_quarter": 20052,
            "year": 2005,
            "quarter": 2,
            "eps": null,
            "eps_growth_year": null,
            "eps_4q": null,
            "eps_4q_growth_year": null,
            "roe": null,
            "roe_4q": 0,
            "gross_profit": null,
            "gross_margin": null,
            "gross_margin_4q_avg": 0,
            "net_income": null,
            "net_income_4q": null,
            "revenue": null,
            "revenue_4q": null,
            "common_shares": null,
            "book_valuer_per_share": null,
            "book_valuer_per_share_4q_avg": 0,
            "equity": null,
            "current_ratio": null,
            "debt_ratio": null,
            "inventory_turnover_ratio": null,
            "account_receivable_turnover_ratio": null,
            "reinvestment_rate": null,
            "research_to_sale_ratio": null,
            "price_fair": 0,
            "eps_avg_yearly": 0,
            "eps_latest_yearly": 0,
            "eps_growth_yearly": 0
        },
        "20053": {
            "year_quarter": 20053,
            "year": 2005,
            "quarter": 3,
            "eps": null,
            "eps_growth_year": null,
            "eps_4q": null,
            "eps_4q_growth_year": null,
            "roe": null,
            "roe_4q": 0,
            "gross_profit": null,
            "gross_margin": null,
            "gross_margin_4q_avg": 0,
            "net_income": null,
            "net_income_4q": null,
            "revenue": null,
            "revenue_4q": null,
            "common_shares": null,
            "book_valuer_per_share": null,
            "book_valuer_per_share_4q_avg": 0,
            "equity": null,
            "current_ratio": null,
            "debt_ratio": null,
            "inventory_turnover_ratio": null,
            "account_receivable_turnover_ratio": null,
            "reinvestment_rate": null,
            "research_to_sale_ratio": null,
            "price_fair": 0,
            "eps_avg_yearly": 0,
            "eps_latest_yearly": 0,
            "eps_growth_yearly": 0
        },
        "20054": {
            "year_quarter": 20054,
            "year": 2005,
            "quarter": 4,
            "eps": null,
            "eps_growth_year": null,
            "eps_4q": null,
            "eps_4q_growth_year": null,
            "roe": null,
            "roe_4q": 0,
            "gross_profit": null,
            "gross_margin": null,
            "gross_margin_4q_avg": 0,
            "net_income": null,
            "net_income_4q": null,
            "revenue": null,
            "revenue_4q": null,
            "common_shares": null,
            "book_valuer_per_share": null,
            "book_valuer_per_share_4q_avg": 0,
            "equity": null,
            "current_ratio": null,
            "debt_ratio": null,
            "inventory_turnover_ratio": null,
            "account_receivable_turnover_ratio": null,
            "reinvestment_rate": null,
            "research_to_sale_ratio": null,
            "price_fair": 0,
            "eps_avg_yearly": 0,
            "eps_latest_yearly": 0,
            "eps_growth_yearly": 0
        },
        "20061": {
            "year_quarter": 20061,
            "year": 2006,
            "quarter": 1,
            "eps": null,
            "eps_growth_year": null,
            "eps_4q": null,
            "eps_4q_growth_year": null,
            "roe": null,
            "roe_4q": 0,
            "gross_profit": null,
            "gross_margin": null,
            "gross_margin_4q_avg": 0,
            "net_income": null,
            "net_income_4q": null,
            "revenue": null,
            "revenue_4q": null,
            "common_shares": null,
            "book_valuer_per_share": null,
            "book_valuer_per_share_4q_avg": 0,
            "equity": null,
            "current_ratio": null,
            "debt_ratio": null,
            "inventory_turnover_ratio": null,
            "account_receivable_turnover_ratio": null,
            "reinvestment_rate": null,
            "research_to_sale_ratio": null,
            "price_fair": 0,
            "eps_avg_yearly": 0,
            "eps_latest_yearly": 0,
            "eps_growth_yearly": 0
        },
        "20062": {
            "year_quarter": 20062,
            "year": 2006,
            "quarter": 2,
            "eps": null,
            "eps_growth_year": null,
            "eps_4q": null,
            "eps_4q_growth_year": null,
            "roe": null,
            "roe_4q": 0,
            "gross_profit": null,
            "gross_margin": null,
            "gross_margin_4q_avg": 0,
            "net_income": null,
            "net_income_4q": null,
            "revenue": null,
            "revenue_4q": null,
            "common_shares": null,
            "book_valuer_per_share": null,
            "book_valuer_per_share_4q_avg": 0,
            "equity": null,
            "current_ratio": null,
            "debt_ratio": null,
            "inventory_turnover_ratio": null,
            "account_receivable_turnover_ratio": null,
            "reinvestment_rate": null,
            "research_to_sale_ratio": null,
            "price_fair": 0,
            "eps_avg_yearly": 0,
            "eps_latest_yearly": 0,
            "eps_growth_yearly": 0
        },
        "20063": {
            "year_quarter": 20063,
            "year": 2006,
            "quarter": 3,
            "eps": null,
            "eps_growth_year": null,
            "eps_4q": null,
            "eps_4q_growth_year": null,
            "roe": null,
            "roe_4q": 0,
            "gross_profit": null,
            "gross_margin": null,
            "gross_margin_4q_avg": 0,
            "net_income": null,
            "net_income_4q": null,
            "revenue": null,
            "revenue_4q": null,
            "common_shares": null,
            "book_valuer_per_share": null,
            "book_valuer_per_share_4q_avg": 0,
            "equity": null,
            "current_ratio": null,
            "debt_ratio": null,
            "inventory_turnover_ratio": null,
            "account_receivable_turnover_ratio": null,
            "reinvestment_rate": null,
            "research_to_sale_ratio": null,
            "price_fair": 0,
            "eps_avg_yearly": 0,
            "eps_latest_yearly": 0,
            "eps_growth_yearly": 0
        },
        "20064": {
            "year_quarter": 20064,
            "year": 2006,
            "quarter": 4,
            "eps": null,
            "eps_growth_year": null,
            "eps_4q": null,
            "eps_4q_growth_year": null,
            "roe": null,
            "roe_4q": 0,
            "gross_profit": null,
            "gross_margin": null,
            "gross_margin_4q_avg": 0,
            "net_income": null,
            "net_income_4q": null,
            "revenue": null,
            "revenue_4q": null,
            "common_shares": 400000,
            "book_valuer_per_share": 22.5,
            "book_valuer_per_share_4q_avg": 5.63,
            "equity": 903031,
            "current_ratio": 184.2,
            "debt_ratio": 39.59,
            "inventory_turnover_ratio": null,
            "account_receivable_turnover_ratio": null,
            "reinvestment_rate": null,
            "research_to_sale_ratio": null,
            "price_fair": 0,
            "eps_avg_yearly": 0,
            "eps_latest_yearly": 0,
            "eps_growth_yearly": 0
        },
        "20071": {
            "year_quarter": 20071,
            "year": 2007,
            "quarter": 1,
            "eps": null,
            "eps_growth_year": null,
            "eps_4q": null,
            "eps_4q_growth_year": null,
            "roe": null,
            "roe_4q": 0,
            "gross_profit": null,
            "gross_margin": null,
            "gross_margin_4q_avg": 0,
            "net_income": null,
            "net_income_4q": null,
            "revenue": null,
            "revenue_4q": null,
            "common_shares": null,
            "book_valuer_per_share": null,
            "book_valuer_per_share_4q_avg": 5.63,
            "equity": null,
            "current_ratio": null,
            "debt_ratio": null,
            "inventory_turnover_ratio": null,
            "account_receivable_turnover_ratio": null,
            "reinvestment_rate": null,
            "research_to_sale_ratio": null,
            "price_fair": 0,
            "eps_avg_yearly": 0,
            "eps_latest_yearly": 0,
            "eps_growth_yearly": 0
        },
        "20072": {
            "year_quarter": 20072,
            "year": 2007,
            "quarter": 2,
            "eps": null,
            "eps_growth_year": null,
            "eps_4q": null,
            "eps_4q_growth_year": null,
            "roe": null,
            "roe_4q": 0,
            "gross_profit": null,
            "gross_margin": null,
            "gross_margin_4q_avg": 0,
            "net_income": null,
            "net_income_4q": null,
            "revenue": null,
            "revenue_4q": null,
            "common_shares": null,
            "book_valuer_per_share": null,
            "book_valuer_per_share_4q_avg": 5.63,
            "equity": null,
            "current_ratio": null,
            "debt_ratio": null,
            "inventory_turnover_ratio": null,
            "account_receivable_turnover_ratio": null,
            "reinvestment_rate": null,
            "research_to_sale_ratio": null,
            "price_fair": 0,
            "eps_avg_yearly": 0,
            "eps_latest_yearly": 0,
            "eps_growth_yearly": 0
        },
        "20073": {
            "year_quarter": 20073,
            "year": 2007,
            "quarter": 3,
            "eps": null,
            "eps_growth_year": null,
            "eps_4q": null,
            "eps_4q_growth_year": null,
            "roe": null,
            "roe_4q": 0,
            "gross_profit": null,
            "gross_margin": null,
            "gross_margin_4q_avg": 0,
            "net_income": null,
            "net_income_4q": null,
            "revenue": null,
            "revenue_4q": null,
            "common_shares": null,
            "book_valuer_per_share": null,
            "book_valuer_per_share_4q_avg": 5.63,
            "equity": null,
            "current_ratio": null,
            "debt_ratio": null,
            "inventory_turnover_ratio": null,
            "account_receivable_turnover_ratio": null,
            "reinvestment_rate": null,
            "research_to_sale_ratio": null,
            "price_fair": 0,
            "eps_avg_yearly": 0,
            "eps_latest_yearly": 0,
            "eps_growth_yearly": 0
        },
        "20074": {
            "year_quarter": 20074,
            "year": 2007,
            "quarter": 4,
            "eps": null,
            "eps_growth_year": null,
            "eps_4q": null,
            "eps_4q_growth_year": null,
            "roe": null,
            "roe_4q": 0,
            "gross_profit": null,
            "gross_margin": null,
            "gross_margin_4q_avg": 0,
            "net_income": null,
            "net_income_4q": null,
            "revenue": null,
            "revenue_4q": null,
            "common_shares": 400000,
            "book_valuer_per_share": 22.5,
            "book_valuer_per_share_4q_avg": 5.63,
            "equity": 902263,
            "current_ratio": 177.26,
            "debt_ratio": 44.13,
            "inventory_turnover_ratio": null,
            "account_receivable_turnover_ratio": null,
            "reinvestment_rate": null,
            "research_to_sale_ratio": null,
            "price_fair": 0,
            "eps_avg_yearly": 0,
            "eps_latest_yearly": 0,
            "eps_growth_yearly": 0
        },
        "20081": {
            "year_quarter": 20081,
            "year": 2008,
            "quarter": 1,
            "eps": 1.92,
            "eps_growth_year": null,
            "eps_4q": null,
            "eps_4q_growth_year": null,
            "roe": 8.23,
            "roe_4q": 8.23,
            "gross_profit": 260922,
            "gross_margin": 43.3,
            "gross_margin_4q_avg": 10.83,
            "net_income": 76945,
            "net_income_4q": null,
            "revenue": 602592,
            "revenue_4q": null,
            "common_shares": 400000,
            "book_valuer_per_share": 24.18,
            "book_valuer_per_share_4q_avg": 11.67,
            "equity": 967282,
            "current_ratio": 225.67,
            "debt_ratio": 38.07,
            "inventory_turnover_ratio": 0.74,
            "account_receivable_turnover_ratio": null,
            "reinvestment_rate": null,
            "research_to_sale_ratio": null,
            "price_fair": 0,
            "eps_avg_yearly": 0,
            "eps_latest_yearly": 0,
            "eps_growth_yearly": 0
        },
        "20082": {
            "year_quarter": 20082,
            "year": 2008,
            "quarter": 2,
            "eps": 1.05,
            "eps_growth_year": null,
            "eps_4q": null,
            "eps_4q_growth_year": null,
            "roe": 4.25,
            "roe_4q": 12.48,
            "gross_profit": 230268,
            "gross_margin": 36.78,
            "gross_margin_4q_avg": 20.02,
            "net_income": 42039,
            "net_income_4q": null,
            "revenue": 626075,
            "revenue_4q": null,
            "common_shares": 400000,
            "book_valuer_per_share": 25.24,
            "book_valuer_per_share_4q_avg": 17.98,
            "equity": 1011972,
            "current_ratio": 246.61,
            "debt_ratio": 38.98,
            "inventory_turnover_ratio": 0.94,
            "account_receivable_turnover_ratio": null,
            "reinvestment_rate": null,
            "research_to_sale_ratio": null,
            "price_fair": 12.6,
            "eps_avg_yearly": 4.2,
            "eps_latest_yearly": 4.2,
            "eps_growth_yearly": -181.25
        },
        "20083": {
            "year_quarter": 20083,
            "year": 2008,
            "quarter": 3,
            "eps": 0.2,
            "eps_growth_year": null,
            "eps_4q": null,
            "eps_4q_growth_year": null,
            "roe": 0.75,
            "roe_4q": 13.23,
            "gross_profit": 187710,
            "gross_margin": 37.62,
            "gross_margin_4q_avg": 29.43,
            "net_income": 7679,
            "net_income_4q": null,
            "revenue": 498941,
            "revenue_4q": null,
            "common_shares": 400000,
            "book_valuer_per_share": 25.75,
            "book_valuer_per_share_4q_avg": 24.42,
            "equity": 1032074,
            "current_ratio": 261.13,
            "debt_ratio": 37.23,
            "inventory_turnover_ratio": 0.77,
            "account_receivable_turnover_ratio": null,
            "reinvestment_rate": null,
            "research_to_sale_ratio": null,
            "price_fair": 7.5,
            "eps_avg_yearly": 2.5,
            "eps_latest_yearly": 0.8,
            "eps_growth_yearly": -252.53
        },
        "20084": {
            "year_quarter": 20084,
            "year": 2008,
            "quarter": 4,
            "eps": -0.2,
            "eps_growth_year": null,
            "eps_4q": 2.98,
            "eps_4q_growth_year": null,
            "roe": -0.75,
            "roe_4q": 12.48,
            "gross_profit": 142669,
            "gross_margin": 38.15,
            "gross_margin_4q_avg": 38.96,
            "net_income": -7717,
            "net_income_4q": null,
            "revenue": 374007,
            "revenue_4q": null,
            "common_shares": 400000,
            "book_valuer_per_share": 25.85,
            "book_valuer_per_share_4q_avg": 25.26,
            "equity": 1036587,
            "current_ratio": 248.8,
            "debt_ratio": 33.86,
            "inventory_turnover_ratio": 0.57,
            "account_receivable_turnover_ratio": 2.32,
            "reinvestment_rate": null,
            "research_to_sale_ratio": null,
            "price_fair": 7.5,
            "eps_avg_yearly": 2.5,
            "eps_latest_yearly": 0.8,
            "eps_growth_yearly": -252.53
        },
        "20091": {
            "year_quarter": 20091,
            "year": 2009,
            "quarter": 1,
            "eps": -0.25,
            "eps_growth_year": -113.02,
            "eps_4q": 0.8,
            "eps_4q_growth_year": null,
            "roe": -0.96,
            "roe_4q": 3.29,
            "gross_profit": 135467,
            "gross_margin": 41.41,
            "gross_margin_4q_avg": 38.49,
            "net_income": -9929,
            "net_income_4q": null,
            "revenue": 327107,
            "revenue_4q": null,
            "common_shares": 400000,
            "book_valuer_per_share": 25.83,
            "book_valuer_per_share_4q_avg": 25.67,
            "equity": 1035725,
            "current_ratio": 349.76,
            "debt_ratio": 25.38,
            "inventory_turnover_ratio": 0.5,
            "account_receivable_turnover_ratio": 1.12,
            "reinvestment_rate": null,
            "research_to_sale_ratio": null,
            "price_fair": 7.5,
            "eps_avg_yearly": 2.5,
            "eps_latest_yearly": 0.8,
            "eps_growth_yearly": -252.53
        },
        "20092": {
            "year_quarter": 20092,
            "year": 2009,
            "quarter": 2,
            "eps": 0.35,
            "eps_growth_year": -66.67,
            "eps_4q": 0.11,
            "eps_4q_growth_year": null,
            "roe": 1.42,
            "roe_4q": 0.45999999999999996,
            "gross_profit": 149998,
            "gross_margin": 33.82,
            "gross_margin_4q_avg": 37.75,
            "net_income": 14036,
            "net_income_4q": null,
            "revenue": 443473,
            "revenue_4q": null,
            "common_shares": 400000,
            "book_valuer_per_share": 23.37,
            "book_valuer_per_share_4q_avg": 25.2,
            "equity": 937208,
            "current_ratio": 222.77,
            "debt_ratio": 35.86,
            "inventory_turnover_ratio": 0.9,
            "account_receivable_turnover_ratio": 1.4,
            "reinvestment_rate": null,
            "research_to_sale_ratio": null,
            "price_fair": 7.5,
            "eps_avg_yearly": 2.5,
            "eps_latest_yearly": 0.8,
            "eps_growth_yearly": -252.53
        },
        "20093": {
            "year_quarter": 20093,
            "year": 2009,
            "quarter": 3,
            "eps": 0.63,
            "eps_growth_year": 215,
            "eps_4q": 0.53,
            "eps_4q_growth_year": null,
            "roe": 2.49,
            "roe_4q": 2.2,
            "gross_profit": 167313,
            "gross_margin": 40.72,
            "gross_margin_4q_avg": 38.53,
            "net_income": 26675,
            "net_income_4q": null,
            "revenue": 410932,
            "revenue_4q": null,
            "common_shares": 476000,
            "book_valuer_per_share": 25.22,
            "book_valuer_per_share_4q_avg": 25.07,
            "equity": 1203622,
            "current_ratio": 327.48,
            "debt_ratio": 23.3,
            "inventory_turnover_ratio": 0.78,
            "account_receivable_turnover_ratio": 1.05,
            "reinvestment_rate": null,
            "research_to_sale_ratio": null,
            "price_fair": 7.52,
            "eps_avg_yearly": 2.51,
            "eps_latest_yearly": 2.52,
            "eps_growth_yearly": -61.69
        },
        "20094": {
            "year_quarter": 20094,
            "year": 2009,
            "quarter": 4,
            "eps": 0.47,
            "eps_growth_year": null,
            "eps_4q": 1.05,
            "eps_4q_growth_year": -64.77,
            "roe": 1.63,
            "roe_4q": 4.58,
            "gross_profit": 184069,
            "gross_margin": 38.21,
            "gross_margin_4q_avg": 38.54,
            "net_income": 19796,
            "net_income_4q": null,
            "revenue": 481745,
            "revenue_4q": null,
            "common_shares": 476000,
            "book_valuer_per_share": 25.57,
            "book_valuer_per_share_4q_avg": 25,
            "equity": 1220106,
            "current_ratio": 315.34,
            "debt_ratio": 24.71,
            "inventory_turnover_ratio": 0.86,
            "account_receivable_turnover_ratio": 2.71,
            "reinvestment_rate": null,
            "research_to_sale_ratio": null,
            "price_fair": 7.05,
            "eps_avg_yearly": 2.35,
            "eps_latest_yearly": 1.88,
            "eps_growth_yearly": -71.66
        },
        "20101": {
            "year_quarter": 20101,
            "year": 2010,
            "quarter": 1,
            "eps": 0.23,
            "eps_growth_year": null,
            "eps_4q": 1.52,
            "eps_4q_growth_year": 89.1,
            "roe": 0.91,
            "roe_4q": 6.45,
            "gross_profit": 156406,
            "gross_margin": 38.33,
            "gross_margin_4q_avg": 37.77,
            "net_income": 10865,
            "net_income_4q": null,
            "revenue": 408091,
            "revenue_4q": null,
            "common_shares": 476000,
            "book_valuer_per_share": 25.24,
            "book_valuer_per_share_4q_avg": 24.85,
            "equity": 1179044,
            "current_ratio": 309.14,
            "debt_ratio": 24.96,
            "inventory_turnover_ratio": 0.63,
            "account_receivable_turnover_ratio": 1.24,
            "reinvestment_rate": null,
            "research_to_sale_ratio": 6.54,
            "price_fair": 6.19,
            "eps_avg_yearly": 2.06,
            "eps_latest_yearly": 0.92,
            "eps_growth_yearly": -98.18
        },
        "20102": {
            "year_quarter": 20102,
            "year": 2010,
            "quarter": 2,
            "eps": 0.95,
            "eps_growth_year": 171.67,
            "eps_4q": 2.17,
            "eps_4q_growth_year": 1928.78,
            "roe": 3.76,
            "roe_4q": 8.79,
            "gross_profit": 219810,
            "gross_margin": 40.03,
            "gross_margin_4q_avg": 39.32,
            "net_income": 44252,
            "net_income_4q": null,
            "revenue": 549148,
            "revenue_4q": null,
            "common_shares": 476000,
            "book_valuer_per_share": 25.17,
            "book_valuer_per_share_4q_avg": 25.3,
            "equity": 1175808,
            "current_ratio": 258.43,
            "debt_ratio": 33.96,
            "inventory_turnover_ratio": 0.71,
            "account_receivable_turnover_ratio": 1.6,
            "reinvestment_rate": null,
            "research_to_sale_ratio": 5.4,
            "price_fair": 82.37,
            "eps_avg_yearly": 2.35,
            "eps_latest_yearly": 3.8,
            "eps_growth_yearly": 126.88
        },
        "20103": {
            "year_quarter": 20103,
            "year": 2010,
            "quarter": 3,
            "eps": 0.37,
            "eps_growth_year": -42,
            "eps_4q": 1.98,
            "eps_4q_growth_year": 275.97,
            "roe": 1.45,
            "roe_4q": 7.75,
            "gross_profit": 181246,
            "gross_margin": 35.7,
            "gross_margin_4q_avg": 38.07,
            "net_income": 17112,
            "net_income_4q": null,
            "revenue": 507736,
            "revenue_4q": null,
            "common_shares": 476000,
            "book_valuer_per_share": 25.5,
            "book_valuer_per_share_4q_avg": 25.37,
            "equity": 1192433,
            "current_ratio": 309.06,
            "debt_ratio": 32.05,
            "inventory_turnover_ratio": 0.64,
            "account_receivable_turnover_ratio": 1.29,
            "reinvestment_rate": null,
            "research_to_sale_ratio": 5.83,
            "price_fair": 78,
            "eps_avg_yearly": 2.23,
            "eps_latest_yearly": 1.48,
            "eps_growth_yearly": 73.87
        },
        "20104": {
            "year_quarter": 20104,
            "year": 2010,
            "quarter": 4,
            "eps": 0.61,
            "eps_growth_year": 29.96,
            "eps_4q": 2.16,
            "eps_4q_growth_year": 105.76,
            "roe": 2.42,
            "roe_4q": 8.54,
            "gross_profit": 198425,
            "gross_margin": 31.23,
            "gross_margin_4q_avg": 36.32,
            "net_income": 28812,
            "net_income_4q": null,
            "revenue": 635322,
            "revenue_4q": null,
            "common_shares": 476000,
            "book_valuer_per_share": 25.5,
            "book_valuer_per_share_4q_avg": 25.35,
            "equity": 1192508,
            "current_ratio": 284.04,
            "debt_ratio": 34.1,
            "inventory_turnover_ratio": 0.84,
            "account_receivable_turnover_ratio": 1.28,
            "reinvestment_rate": null,
            "research_to_sale_ratio": 4.89,
            "price_fair": 78.93,
            "eps_avg_yearly": 2.26,
            "eps_latest_yearly": 2.44,
            "eps_growth_yearly": 97.07
        },
        "20111": {
            "year_quarter": 20111,
            "year": 2011,
            "quarter": 1,
            "eps": 0.24,
            "eps_growth_year": 4.35,
            "eps_4q": 2.16,
            "eps_4q_growth_year": 42.23,
            "roe": 1.05,
            "roe_4q": 8.68,
            "gross_profit": 164406,
            "gross_margin": 35.11,
            "gross_margin_4q_avg": 35.52,
            "net_income": 12620,
            "net_income_4q": null,
            "revenue": 468268,
            "revenue_4q": null,
            "common_shares": 476000,
            "book_valuer_per_share": 25.94,
            "book_valuer_per_share_4q_avg": 25.53,
            "equity": 1214454,
            "current_ratio": 312.1,
            "debt_ratio": 31.49,
            "inventory_turnover_ratio": 0.55,
            "account_receivable_turnover_ratio": 0.97,
            "reinvestment_rate": null,
            "research_to_sale_ratio": 6,
            "price_fair": 73.89,
            "eps_avg_yearly": 2.11,
            "eps_latest_yearly": 0.96,
            "eps_growth_yearly": 59.32
        },
        "20112": {
            "year_quarter": 20112,
            "year": 2011,
            "quarter": 2,
            "eps": 0,
            "eps_growth_year": -99.91,
            "eps_4q": 1.22,
            "eps_4q_growth_year": -43.97,
            "roe": -0.01,
            "roe_4q": 4.91,
            "gross_profit": 194834,
            "gross_margin": 36.91,
            "gross_margin_4q_avg": 34.74,
            "net_income": -115,
            "net_income_4q": null,
            "revenue": 527912,
            "revenue_4q": null,
            "common_shares": 476000,
            "book_valuer_per_share": 24.65,
            "book_valuer_per_share_4q_avg": 25.4,
            "equity": 1154425,
            "current_ratio": 259.61,
            "debt_ratio": 37.96,
            "inventory_turnover_ratio": 0.52,
            "account_receivable_turnover_ratio": 1.44,
            "reinvestment_rate": null,
            "research_to_sale_ratio": 12.32,
            "price_fair": 73.89,
            "eps_avg_yearly": 2.11,
            "eps_latest_yearly": 0.96,
            "eps_growth_yearly": 59.32
        },
        "20113": {
            "year_quarter": 20113,
            "year": 2011,
            "quarter": 3,
            "eps": 0.28,
            "eps_growth_year": -22.91,
            "eps_4q": 1.13,
            "eps_4q_growth_year": -42.76,
            "roe": 1.13,
            "roe_4q": 4.59,
            "gross_profit": 172552,
            "gross_margin": 27.87,
            "gross_margin_4q_avg": 32.78,
            "net_income": 13221,
            "net_income_4q": null,
            "revenue": 619212,
            "revenue_4q": null,
            "common_shares": 476000,
            "book_valuer_per_share": 25.39,
            "book_valuer_per_share_4q_avg": 25.37,
            "equity": 1188616,
            "current_ratio": 307.34,
            "debt_ratio": 37.41,
            "inventory_turnover_ratio": 0.67,
            "account_receivable_turnover_ratio": 1.45,
            "reinvestment_rate": null,
            "research_to_sale_ratio": 4.99,
            "price_fair": 73.89,
            "eps_avg_yearly": 2.11,
            "eps_latest_yearly": 0.96,
            "eps_growth_yearly": 59.32
        },
        "20114": {
            "year_quarter": 20114,
            "year": 2011,
            "quarter": 4,
            "eps": 0.08,
            "eps_growth_year": -86.38,
            "eps_4q": 0.6,
            "eps_4q_growth_year": -72.07,
            "roe": 0.28,
            "roe_4q": 2.45,
            "gross_profit": 160868,
            "gross_margin": 31.59,
            "gross_margin_4q_avg": 32.87,
            "net_income": 3365,
            "net_income_4q": null,
            "revenue": 509310,
            "revenue_4q": null,
            "common_shares": 476000,
            "book_valuer_per_share": 25.34,
            "book_valuer_per_share_4q_avg": 25.33,
            "equity": 1185564,
            "current_ratio": 356.57,
            "debt_ratio": 33.3,
            "inventory_turnover_ratio": 0.57,
            "account_receivable_turnover_ratio": 1.13,
            "reinvestment_rate": 2.81,
            "research_to_sale_ratio": 5.39,
            "price_fair": 67.27,
            "eps_avg_yearly": 1.93,
            "eps_latest_yearly": 0.32,
            "eps_growth_yearly": 24.82
        },
        "20121": {
            "year_quarter": 20121,
            "year": 2012,
            "quarter": 1,
            "eps": -0.74,
            "eps_growth_year": -408.33,
            "eps_4q": -0.38,
            "eps_4q_growth_year": -117.36,
            "roe": -2.99,
            "roe_4q": -1.59,
            "gross_profit": 123233,
            "gross_margin": 30.11,
            "gross_margin_4q_avg": 31.62,
            "net_income": -34764,
            "net_income_4q": null,
            "revenue": 409222,
            "revenue_4q": null,
            "common_shares": 476000,
            "book_valuer_per_share": 24.41,
            "book_valuer_per_share_4q_avg": 24.95,
            "equity": 1141617,
            "current_ratio": 376.17,
            "debt_ratio": 29.8,
            "inventory_turnover_ratio": 0.52,
            "account_receivable_turnover_ratio": 1.08,
            "reinvestment_rate": 201.86,
            "research_to_sale_ratio": 8.23,
            "price_fair": 67.27,
            "eps_avg_yearly": 1.93,
            "eps_latest_yearly": 0.32,
            "eps_growth_yearly": 24.82
        },
        "20122": {
            "year_quarter": 20122,
            "year": 2012,
            "quarter": 2,
            "eps": 0.19,
            "eps_growth_year": 22998.4,
            "eps_4q": -0.19,
            "eps_4q_growth_year": -115.49,
            "roe": 0.8,
            "roe_4q": -0.7800000000000005,
            "gross_profit": 158358,
            "gross_margin": 34.05,
            "gross_margin_4q_avg": 30.91,
            "net_income": 8954,
            "net_income_4q": null,
            "revenue": 465142,
            "revenue_4q": null,
            "common_shares": 476000,
            "book_valuer_per_share": 23.7,
            "book_valuer_per_share_4q_avg": 24.71,
            "equity": 1108756,
            "current_ratio": 300.2,
            "debt_ratio": 34.32,
            "inventory_turnover_ratio": 0.58,
            "account_receivable_turnover_ratio": 1.39,
            "reinvestment_rate": 236.83,
            "research_to_sale_ratio": 5.74,
            "price_fair": 58.8,
            "eps_avg_yearly": 1.68,
            "eps_latest_yearly": 0.32,
            "eps_growth_yearly": 47.71
        },
        "20123": {
            "year_quarter": 20123,
            "year": 2012,
            "quarter": 3,
            "eps": 0.08,
            "eps_growth_year": -71.84,
            "eps_4q": -0.39,
            "eps_4q_growth_year": -134.52,
            "roe": 0.34,
            "roe_4q": -1.57,
            "gross_profit": 151831,
            "gross_margin": 31.35,
            "gross_margin_4q_avg": 31.78,
            "net_income": 3734,
            "net_income_4q": null,
            "revenue": 484271,
            "revenue_4q": null,
            "common_shares": 476000,
            "book_valuer_per_share": 23.7,
            "book_valuer_per_share_4q_avg": 24.29,
            "equity": 1108784,
            "current_ratio": 280.09,
            "debt_ratio": 35.55,
            "inventory_turnover_ratio": 0.58,
            "account_receivable_turnover_ratio": 1.39,
            "reinvestment_rate": 232.41,
            "research_to_sale_ratio": 5.29,
            "price_fair": 56.93,
            "eps_avg_yearly": 1.63,
            "eps_latest_yearly": 0.32,
            "eps_growth_yearly": 57.96
        },
        "20124": {
            "year_quarter": 20124,
            "year": 2012,
            "quarter": 4,
            "eps": 0.63,
            "eps_growth_year": 651.68,
            "eps_4q": 0.15,
            "eps_4q_growth_year": -74.9,
            "roe": 2.57,
            "roe_4q": 0.7199999999999998,
            "gross_profit": 182038,
            "gross_margin": 30.14,
            "gross_margin_4q_avg": 31.41,
            "net_income": 28772,
            "net_income_4q": null,
            "revenue": 603881,
            "revenue_4q": null,
            "common_shares": 476000,
            "book_valuer_per_share": 24.25,
            "book_valuer_per_share_4q_avg": 24.02,
            "equity": 1133742,
            "current_ratio": 273.94,
            "debt_ratio": 35.7,
            "inventory_turnover_ratio": 0.7,
            "account_receivable_turnover_ratio": 1.52,
            "reinvestment_rate": 177.9,
            "research_to_sale_ratio": 4.76,
            "price_fair": 60.06,
            "eps_avg_yearly": 1.72,
            "eps_latest_yearly": 2.52,
            "eps_growth_yearly": 327.17
        },
        "20131": {
            "year_quarter": 20131,
            "year": 2013,
            "quarter": 1,
            "eps": -0.45,
            "eps_growth_year": null,
            "eps_4q": 0.45,
            "eps_4q_growth_year": null,
            "roe": -1.86,
            "roe_4q": 1.8499999999999999,
            "gross_profit": 127575,
            "gross_margin": 34.27,
            "gross_margin_4q_avg": 32.45,
            "net_income": -20548,
            "net_income_4q": null,
            "revenue": 372225,
            "revenue_4q": null,
            "common_shares": 466290,
            "book_valuer_per_share": 23.07,
            "book_valuer_per_share_4q_avg": 23.68,
            "equity": 1078725,
            "current_ratio": 318.13,
            "debt_ratio": 35.36,
            "inventory_turnover_ratio": 0.39,
            "account_receivable_turnover_ratio": 1.04,
            "reinvestment_rate": -6.88,
            "research_to_sale_ratio": 10.12,
            "price_fair": 60.06,
            "eps_avg_yearly": 1.72,
            "eps_latest_yearly": 2.52,
            "eps_growth_yearly": 327.17
        },
        "20132": {
            "year_quarter": 20132,
            "year": 2013,
            "quarter": 2,
            "eps": 0.29,
            "eps_growth_year": 54.05,
            "eps_4q": 0.55,
            "eps_4q_growth_year": null,
            "roe": 1.26,
            "roe_4q": 2.3099999999999996,
            "gross_profit": 150944,
            "gross_margin": 32.57,
            "gross_margin_4q_avg": 32.08,
            "net_income": 13687,
            "net_income_4q": null,
            "revenue": 463496,
            "revenue_4q": null,
            "common_shares": 466290,
            "book_valuer_per_share": 23.41,
            "book_valuer_per_share_4q_avg": 23.61,
            "equity": 1094534,
            "current_ratio": 296.92,
            "debt_ratio": 36.15,
            "inventory_turnover_ratio": 0.49,
            "account_receivable_turnover_ratio": 1.39,
            "reinvestment_rate": -16.95,
            "research_to_sale_ratio": 6.23,
            "price_fair": 60.06,
            "eps_avg_yearly": 1.72,
            "eps_latest_yearly": 2.52,
            "eps_growth_yearly": 327.17
        },
        "20133": {
            "year_quarter": 20133,
            "year": 2013,
            "quarter": 3,
            "eps": 0.28,
            "eps_growth_year": 253.06,
            "eps_4q": 0.75,
            "eps_4q_growth_year": null,
            "roe": 1.16,
            "roe_4q": 3.13,
            "gross_profit": 157097,
            "gross_margin": 29.61,
            "gross_margin_4q_avg": 31.65,
            "net_income": 12786,
            "net_income_4q": null,
            "revenue": 530473,
            "revenue_4q": null,
            "common_shares": 466290,
            "book_valuer_per_share": 23.65,
            "book_valuer_per_share_4q_avg": 23.6,
            "equity": 1106069,
            "current_ratio": 282.38,
            "debt_ratio": 38.01,
            "inventory_turnover_ratio": 0.63,
            "account_receivable_turnover_ratio": 1.25,
            "reinvestment_rate": -16.34,
            "research_to_sale_ratio": 4.32,
            "price_fair": 55.16,
            "eps_avg_yearly": 1.58,
            "eps_latest_yearly": 1.12,
            "eps_growth_yearly": 293.79
        },
        "20134": {
            "year_quarter": 20134,
            "year": 2013,
            "quarter": 4,
            "eps": 0.35,
            "eps_growth_year": -43.5,
            "eps_4q": 0.47,
            "eps_4q_growth_year": 212.19,
            "roe": 1.49,
            "roe_4q": 2.05,
            "gross_profit": 169840,
            "gross_margin": 28.39,
            "gross_margin_4q_avg": 31.21,
            "net_income": 16623,
            "net_income_4q": null,
            "revenue": 598138,
            "revenue_4q": null,
            "common_shares": 466290,
            "book_valuer_per_share": 24.07,
            "book_valuer_per_share_4q_avg": 23.55,
            "equity": 1125449,
            "current_ratio": 303.18,
            "debt_ratio": 35.27,
            "inventory_turnover_ratio": 0.8,
            "account_receivable_turnover_ratio": 1.26,
            "reinvestment_rate": -12.52,
            "research_to_sale_ratio": 4.13,
            "price_fair": 53.48,
            "eps_avg_yearly": 1.53,
            "eps_latest_yearly": 1.4,
            "eps_growth_yearly": 313.95
        },
        "20141": {
            "year_quarter": 20141,
            "year": 2014,
            "quarter": 1,
            "eps": 0.08,
            "eps_growth_year": null,
            "eps_4q": 0.99,
            "eps_4q_growth_year": 122.19,
            "roe": 0.33,
            "roe_4q": 4.24,
            "gross_profit": 139758,
            "gross_margin": 31.52,
            "gross_margin_4q_avg": 30.52,
            "net_income": 3758,
            "net_income_4q": null,
            "revenue": 443327,
            "revenue_4q": null,
            "common_shares": 466290,
            "book_valuer_per_share": 24.25,
            "book_valuer_per_share_4q_avg": 23.85,
            "equity": 1136172,
            "current_ratio": 302.82,
            "debt_ratio": 34.19,
            "inventory_turnover_ratio": 0.56,
            "account_receivable_turnover_ratio": 1,
            "reinvestment_rate": -19.32,
            "research_to_sale_ratio": 4.63,
            "price_fair": 51.38,
            "eps_avg_yearly": 1.47,
            "eps_latest_yearly": 0.32,
            "eps_growth_yearly": 303.51
        },
        "20142": {
            "year_quarter": 20142,
            "year": 2014,
            "quarter": 2,
            "eps": 0.29,
            "eps_growth_year": 0,
            "eps_4q": 0.99,
            "eps_4q_growth_year": 81.02,
            "roe": 1.19,
            "roe_4q": 4.17,
            "gross_profit": 175920,
            "gross_margin": 34.17,
            "gross_margin_4q_avg": 30.92,
            "net_income": 13427,
            "net_income_4q": null,
            "revenue": 514807,
            "revenue_4q": null,
            "common_shares": 467110,
            "book_valuer_per_share": 23.92,
            "book_valuer_per_share_4q_avg": 23.97,
            "equity": 1120981,
            "current_ratio": 297.26,
            "debt_ratio": 33.87,
            "inventory_turnover_ratio": 0.63,
            "account_receivable_turnover_ratio": 1.19,
            "reinvestment_rate": -29.37,
            "research_to_sale_ratio": 4.48,
            "price_fair": 42.14,
            "eps_avg_yearly": 1.2,
            "eps_latest_yearly": 1.16,
            "eps_growth_yearly": 283.3
        },
        "20143": {
            "year_quarter": 20143,
            "year": 2014,
            "quarter": 3,
            "eps": 0.18,
            "eps_growth_year": -35.71,
            "eps_4q": 0.9,
            "eps_4q_growth_year": 20.2,
            "roe": 0.73,
            "roe_4q": 3.74,
            "gross_profit": 153644,
            "gross_margin": 34.88,
            "gross_margin_4q_avg": 32.24,
            "net_income": 8188,
            "net_income_4q": null,
            "revenue": 440512,
            "revenue_4q": null,
            "common_shares": 467350,
            "book_valuer_per_share": 24.12,
            "book_valuer_per_share_4q_avg": 24.09,
            "equity": 1130368,
            "current_ratio": 318.5,
            "debt_ratio": 32.54,
            "inventory_turnover_ratio": 0.54,
            "account_receivable_turnover_ratio": 1.04,
            "reinvestment_rate": -33.7,
            "research_to_sale_ratio": 5.33,
            "price_fair": 39.48,
            "eps_avg_yearly": 1.13,
            "eps_latest_yearly": 0.72,
            "eps_growth_yearly": 292.55
        },
        "20144": {
            "year_quarter": 20144,
            "year": 2014,
            "quarter": 4,
            "eps": 0.18,
            "eps_growth_year": -49.9,
            "eps_4q": 0.72,
            "eps_4q_growth_year": 52.19,
            "roe": 0.74,
            "roe_4q": 2.99,
            "gross_profit": 166489,
            "gross_margin": 31.02,
            "gross_margin_4q_avg": 32.9,
            "net_income": 8435,
            "net_income_4q": null,
            "revenue": 536724,
            "revenue_4q": null,
            "common_shares": 467480,
            "book_valuer_per_share": 24.47,
            "book_valuer_per_share_4q_avg": 24.19,
            "equity": 1147359,
            "current_ratio": 343.79,
            "debt_ratio": 28.24,
            "inventory_turnover_ratio": 0.71,
            "account_receivable_turnover_ratio": 1.27,
            "reinvestment_rate": -46,
            "research_to_sale_ratio": 5.12,
            "price_fair": 33.46,
            "eps_avg_yearly": 0.96,
            "eps_latest_yearly": 0.72,
            "eps_growth_yearly": 266.6
        },
        "20151": {
            "year_quarter": 20151,
            "year": 2015,
            "quarter": 1,
            "eps": 0.15,
            "eps_growth_year": 87.5,
            "eps_4q": 0.79,
            "eps_4q_growth_year": -20.48,
            "roe": 0.6,
            "roe_4q": 3.26,
            "gross_profit": 153286,
            "gross_margin": 32.28,
            "gross_margin_4q_avg": 33.09,
            "net_income": 6872,
            "net_income_4q": null,
            "revenue": 474848,
            "revenue_4q": null,
            "common_shares": 467665,
            "book_valuer_per_share": 24.45,
            "book_valuer_per_share_4q_avg": 24.24,
            "equity": 1146329,
            "current_ratio": 292.95,
            "debt_ratio": 28.76,
            "inventory_turnover_ratio": 0.69,
            "account_receivable_turnover_ratio": 1.06,
            "reinvestment_rate": -52.72,
            "research_to_sale_ratio": 5.29,
            "price_fair": 32.2,
            "eps_avg_yearly": 0.92,
            "eps_latest_yearly": 0.6,
            "eps_growth_yearly": 284.2
        },
        "20152": {
            "year_quarter": 20152,
            "year": 2015,
            "quarter": 2,
            "eps": 0.02,
            "eps_growth_year": -93.1,
            "eps_4q": 0.52,
            "eps_4q_growth_year": -47.19,
            "roe": 0.09,
            "roe_4q": 2.16,
            "gross_profit": 156703,
            "gross_margin": 31.09,
            "gross_margin_4q_avg": 32.32,
            "net_income": 1067,
            "net_income_4q": null,
            "revenue": 504055,
            "revenue_4q": null,
            "common_shares": 467690,
            "book_valuer_per_share": 23.58,
            "book_valuer_per_share_4q_avg": 24.16,
            "equity": 1106259,
            "current_ratio": 266.4,
            "debt_ratio": 30.91,
            "inventory_turnover_ratio": 0.78,
            "account_receivable_turnover_ratio": 1.11,
            "reinvestment_rate": -42.88,
            "research_to_sale_ratio": 6.18,
            "price_fair": 29.53,
            "eps_avg_yearly": 0.84,
            "eps_latest_yearly": 0.08,
            "eps_growth_yearly": 226.84
        },
        "20153": {
            "year_quarter": 20153,
            "year": 2015,
            "quarter": 3,
            "eps": 0.03,
            "eps_growth_year": -83.33,
            "eps_4q": 0.38,
            "eps_4q_growth_year": -57.75,
            "roe": 0.15,
            "roe_4q": 1.58,
            "gross_profit": 162392,
            "gross_margin": 34.07,
            "gross_margin_4q_avg": 32.12,
            "net_income": 1678,
            "net_income_4q": null,
            "revenue": 476704,
            "revenue_4q": null,
            "common_shares": 467960,
            "book_valuer_per_share": 23.99,
            "book_valuer_per_share_4q_avg": 24.12,
            "equity": 1125703,
            "current_ratio": 253.24,
            "debt_ratio": 32.56,
            "inventory_turnover_ratio": 0.65,
            "account_receivable_turnover_ratio": 1.05,
            "reinvestment_rate": -51.64,
            "research_to_sale_ratio": 6.62,
            "price_fair": 27.42,
            "eps_avg_yearly": 0.78,
            "eps_latest_yearly": 0.12,
            "eps_growth_yearly": 224.61
        },
        "20154": {
            "year_quarter": 20154,
            "year": 2015,
            "quarter": 4,
            "eps": 0.53,
            "eps_growth_year": 198.54,
            "eps_4q": 0.73,
            "eps_4q_growth_year": 1.39,
            "roe": 2.18,
            "roe_4q": 3.02,
            "gross_profit": 207121,
            "gross_margin": 35.11,
            "gross_margin_4q_avg": 33.14,
            "net_income": 24843,
            "net_income_4q": null,
            "revenue": 589853,
            "revenue_4q": null,
            "common_shares": 467960,
            "book_valuer_per_share": 24.49,
            "book_valuer_per_share_4q_avg": 24.13,
            "equity": 1149335,
            "current_ratio": 274.3,
            "debt_ratio": 30.13,
            "inventory_turnover_ratio": 0.8,
            "account_receivable_turnover_ratio": 1.26,
            "reinvestment_rate": -39.66,
            "research_to_sale_ratio": 5.38,
            "price_fair": 32.67,
            "eps_avg_yearly": 0.93,
            "eps_latest_yearly": 2.12,
            "eps_growth_yearly": 803.97
        },
        "20161": {
            "year_quarter": 20161,
            "year": 2016,
            "quarter": 1,
            "eps": -0.16,
            "eps_growth_year": -206.67,
            "eps_4q": 0.42,
            "eps_4q_growth_year": -46.99,
            "roe": -0.64,
            "roe_4q": 1.78,
            "gross_profit": 159869,
            "gross_margin": 35.63,
            "gross_margin_4q_avg": 33.98,
            "net_income": -7367,
            "net_income_4q": null,
            "revenue": 448679,
            "revenue_4q": null,
            "common_shares": 467960,
            "book_valuer_per_share": 24.28,
            "book_valuer_per_share_4q_avg": 24.09,
            "equity": 1140139,
            "current_ratio": 251.21,
            "debt_ratio": 31.18,
            "inventory_turnover_ratio": 0.65,
            "account_receivable_turnover_ratio": 1.03,
            "reinvestment_rate": -327.74,
            "research_to_sale_ratio": 8.35,
            "price_fair": 32.67,
            "eps_avg_yearly": 0.93,
            "eps_latest_yearly": 2.12,
            "eps_growth_yearly": 803.97
        },
        "20162": {
            "year_quarter": 20162,
            "year": 2016,
            "quarter": 2,
            "eps": 0.22,
            "eps_growth_year": 1000,
            "eps_4q": 0.62,
            "eps_4q_growth_year": 18.37,
            "roe": 0.92,
            "roe_4q": 2.61,
            "gross_profit": 179012,
            "gross_margin": 34.43,
            "gross_margin_4q_avg": 34.81,
            "net_income": 10408,
            "net_income_4q": null,
            "revenue": 519972,
            "revenue_4q": null,
            "common_shares": 467960,
            "book_valuer_per_share": 23.83,
            "book_valuer_per_share_4q_avg": 24.15,
            "equity": 1119080,
            "current_ratio": 215.76,
            "debt_ratio": 37.32,
            "inventory_turnover_ratio": 0.74,
            "account_receivable_turnover_ratio": 1.2,
            "reinvestment_rate": -311.17,
            "research_to_sale_ratio": 6.04,
            "price_fair": 32.67,
            "eps_avg_yearly": 0.93,
            "eps_latest_yearly": 2.12,
            "eps_growth_yearly": 803.97
        },
        "20163": {
            "year_quarter": 20163,
            "year": 2016,
            "quarter": 3,
            "eps": 0.41,
            "eps_growth_year": 1266.67,
            "eps_4q": 1,
            "eps_4q_growth_year": 164.11,
            "roe": 1.73,
            "roe_4q": 4.1899999999999995,
            "gross_profit": 184934,
            "gross_margin": 33.71,
            "gross_margin_4q_avg": 34.72,
            "net_income": 19423,
            "net_income_4q": null,
            "revenue": 548530,
            "revenue_4q": null,
            "common_shares": 467960,
            "book_valuer_per_share": 24.07,
            "book_valuer_per_share_4q_avg": 24.17,
            "equity": 1132492,
            "current_ratio": 212.28,
            "debt_ratio": 37.98,
            "inventory_turnover_ratio": 0.73,
            "account_receivable_turnover_ratio": 1.15,
            "reinvestment_rate": -261.21,
            "research_to_sale_ratio": 5.08,
            "price_fair": 36.52,
            "eps_avg_yearly": 1.04,
            "eps_latest_yearly": 1.64,
            "eps_growth_yearly": 852.06
        },
        "20164": {
            "year_quarter": 20164,
            "year": 2016,
            "quarter": 4,
            "eps": 0.28,
            "eps_growth_year": -47.69,
            "eps_4q": 0.75,
            "eps_4q_growth_year": 2.23,
            "roe": 1.15,
            "roe_4q": 3.1599999999999997,
            "gross_profit": 178957,
            "gross_margin": 29.77,
            "gross_margin_4q_avg": 33.39,
            "net_income": 13162,
            "net_income_4q": null,
            "revenue": 601176,
            "revenue_4q": null,
            "common_shares": 468715,
            "book_valuer_per_share": 24.37,
            "book_valuer_per_share_4q_avg": 24.14,
            "equity": 1150592,
            "current_ratio": 227.57,
            "debt_ratio": 35.34,
            "inventory_turnover_ratio": 0.84,
            "account_receivable_turnover_ratio": 1.25,
            "reinvestment_rate": -286.57,
            "research_to_sale_ratio": 4.85,
            "price_fair": 32.43,
            "eps_avg_yearly": 0.93,
            "eps_latest_yearly": 1.12,
            "eps_growth_yearly": 612.32
        },
        "20171": {
            "year_quarter": 20171,
            "year": 2017,
            "quarter": 1,
            "eps": -0.16,
            "eps_growth_year": null,
            "eps_4q": 0.75,
            "eps_4q_growth_year": 79.19,
            "roe": -0.62,
            "roe_4q": 3.1799999999999997,
            "gross_profit": 149625,
            "gross_margin": 28.5,
            "gross_margin_4q_avg": 31.6,
            "net_income": -7049,
            "net_income_4q": null,
            "revenue": 525072,
            "revenue_4q": null,
            "common_shares": 470750,
            "book_valuer_per_share": 23.9,
            "book_valuer_per_share_4q_avg": 24.04,
            "equity": 1129034,
            "current_ratio": 265.82,
            "debt_ratio": 29.78,
            "inventory_turnover_ratio": 0.84,
            "account_receivable_turnover_ratio": 1.13,
            "reinvestment_rate": -7.14,
            "research_to_sale_ratio": 5,
            "price_fair": 32.43,
            "eps_avg_yearly": 0.93,
            "eps_latest_yearly": 1.12,
            "eps_growth_yearly": 612.32
        },
        "20172": {
            "year_quarter": 20172,
            "year": 2017,
            "quarter": 2,
            "eps": 0.19,
            "eps_growth_year": -13.64,
            "eps_4q": 0.72,
            "eps_4q_growth_year": 16.78,
            "roe": 0.84,
            "roe_4q": 3.0999999999999996,
            "gross_profit": 178790,
            "gross_margin": 30.71,
            "gross_margin_4q_avg": 30.67,
            "net_income": 9389,
            "net_income_4q": null,
            "revenue": 582112,
            "revenue_4q": null,
            "common_shares": 470750,
            "book_valuer_per_share": 23.45,
            "book_valuer_per_share_4q_avg": 23.95,
            "equity": 1108349,
            "current_ratio": 210.42,
            "debt_ratio": 37.9,
            "inventory_turnover_ratio": 0.97,
            "account_receivable_turnover_ratio": 1.24,
            "reinvestment_rate": -1.01,
            "research_to_sale_ratio": 5.78,
            "price_fair": 32.43,
            "eps_avg_yearly": 0.93,
            "eps_latest_yearly": 1.12,
            "eps_growth_yearly": 612.32
        },
        "20173": {
            "year_quarter": 20173,
            "year": 2017,
            "quarter": 3,
            "eps": 0.74,
            "eps_growth_year": 80.49,
            "eps_4q": 1.05,
            "eps_4q_growth_year": 5.3,
            "roe": 3.14,
            "roe_4q": 4.51,
            "gross_profit": 212507,
            "gross_margin": 29.66,
            "gross_margin_4q_avg": 29.66,
            "net_income": 35361,
            "net_income_4q": null,
            "revenue": 716437,
            "revenue_4q": null,
            "common_shares": 470750,
            "book_valuer_per_share": 24.19,
            "book_valuer_per_share_4q_avg": 23.98,
            "equity": 1144197,
            "current_ratio": 223.83,
            "debt_ratio": 34.79,
            "inventory_turnover_ratio": 1.19,
            "account_receivable_turnover_ratio": 1.42,
            "reinvestment_rate": 21.06,
            "research_to_sale_ratio": 4.77,
            "price_fair": 37.8,
            "eps_avg_yearly": 1.08,
            "eps_latest_yearly": 2.96,
            "eps_growth_yearly": 709.96
        },
        "20174": {
            "year_quarter": 20174,
            "year": 2017,
            "quarter": 4,
            "eps": 0.1,
            "eps_growth_year": -65.34,
            "eps_4q": 0.87,
            "eps_4q_growth_year": 16.84,
            "roe": 0.39,
            "roe_4q": 3.75,
            "gross_profit": 190408,
            "gross_margin": 33.98,
            "gross_margin_4q_avg": 30.71,
            "net_income": 4507,
            "net_income_4q": null,
            "revenue": 560354,
            "revenue_4q": null,
            "common_shares": 470975,
            "book_valuer_per_share": 24.2,
            "book_valuer_per_share_4q_avg": 23.94,
            "equity": 1144570,
            "current_ratio": 256.47,
            "debt_ratio": 30.27,
            "inventory_turnover_ratio": 0.91,
            "account_receivable_turnover_ratio": 1.19,
            "reinvestment_rate": 16.95,
            "research_to_sale_ratio": 5.78,
            "price_fair": 34.88,
            "eps_avg_yearly": 1,
            "eps_latest_yearly": 0.4,
            "eps_growth_yearly": 672.8
        },
        "20181": {
            "year_quarter": 20181,
            "year": 2018,
            "quarter": 1,
            "eps": -0.11,
            "eps_growth_year": null,
            "eps_4q": 0.92,
            "eps_4q_growth_year": 22.8,
            "roe": -0.44,
            "roe_4q": 3.93,
            "gross_profit": 152078,
            "gross_margin": 33.19,
            "gross_margin_4q_avg": 31.89,
            "net_income": -4957,
            "net_income_4q": null,
            "revenue": 458233,
            "revenue_4q": null,
            "common_shares": 470975,
            "book_valuer_per_share": 24.01,
            "book_valuer_per_share_4q_avg": 23.96,
            "equity": 1132017,
            "current_ratio": 272.99,
            "debt_ratio": 28.12,
            "inventory_turnover_ratio": 0.73,
            "account_receivable_turnover_ratio": 1.12,
            "reinvestment_rate": -3.07,
            "research_to_sale_ratio": 5.77,
            "price_fair": 37.04,
            "eps_avg_yearly": 1.06,
            "eps_latest_yearly": 0.4,
            "eps_growth_yearly": 762.02
        },
        "20182": {
            "year_quarter": 20182,
            "year": 2018,
            "quarter": 2,
            "eps": 0.06,
            "eps_growth_year": -68.42,
            "eps_4q": 0.79,
            "eps_4q_growth_year": 8.36,
            "roe": 0.25,
            "roe_4q": 3.3400000000000003,
            "gross_profit": 164601,
            "gross_margin": 33.33,
            "gross_margin_4q_avg": 32.54,
            "net_income": 2769,
            "net_income_4q": null,
            "revenue": 493860,
            "revenue_4q": null,
            "common_shares": 470975,
            "book_valuer_per_share": 23.56,
            "book_valuer_per_share_4q_avg": 23.99,
            "equity": 1110831,
            "current_ratio": 249.16,
            "debt_ratio": 30.53,
            "inventory_turnover_ratio": 0.75,
            "account_receivable_turnover_ratio": 1.2,
            "reinvestment_rate": 2.47,
            "research_to_sale_ratio": 4.81,
            "price_fair": 36.68,
            "eps_avg_yearly": 1.05,
            "eps_latest_yearly": 0.4,
            "eps_growth_yearly": 733.22
        },
        "20183": {
            "year_quarter": 20183,
            "year": 2018,
            "quarter": 3,
            "eps": 0.08,
            "eps_growth_year": -89.19,
            "eps_4q": 0.13,
            "eps_4q_growth_year": -87.88,
            "roe": 0.34,
            "roe_4q": 0.54,
            "gross_profit": 162226,
            "gross_margin": 31.96,
            "gross_margin_4q_avg": 33.12,
            "net_income": 3803,
            "net_income_4q": null,
            "revenue": 507636,
            "revenue_4q": null,
            "common_shares": 470975,
            "book_valuer_per_share": 23.62,
            "book_valuer_per_share_4q_avg": 23.85,
            "equity": 1113844,
            "current_ratio": 258.85,
            "debt_ratio": 31.19,
            "inventory_turnover_ratio": 0.78,
            "account_receivable_turnover_ratio": 1.15,
            "reinvestment_rate": 2.7,
            "research_to_sale_ratio": 5.75,
            "price_fair": 35.28,
            "eps_avg_yearly": 1.01,
            "eps_latest_yearly": 0.32,
            "eps_growth_yearly": 761.72
        },
        "20184": {
            "year_quarter": 20184,
            "year": 2018,
            "quarter": 4,
            "eps": 0.23,
            "eps_growth_year": 136.13,
            "eps_4q": 0.26,
            "eps_4q_growth_year": -70.41,
            "roe": 0.95,
            "roe_4q": 1.1,
            "gross_profit": 182944,
            "gross_margin": 31.82,
            "gross_margin_4q_avg": 32.58,
            "net_income": 10667,
            "net_income_4q": null,
            "revenue": 574983,
            "revenue_4q": null,
            "common_shares": 470975,
            "book_valuer_per_share": 23.88,
            "book_valuer_per_share_4q_avg": 23.77,
            "equity": 1125937,
            "current_ratio": 281.94,
            "debt_ratio": 28.46,
            "inventory_turnover_ratio": 0.93,
            "account_receivable_turnover_ratio": 1.22,
            "reinvestment_rate": 7.73,
            "research_to_sale_ratio": 5.8,
            "price_fair": 35.98,
            "eps_avg_yearly": 1.03,
            "eps_latest_yearly": 0.92,
            "eps_growth_yearly": 836.72
        },
        "20191": {
            "year_quarter": 20191,
            "year": 2019,
            "quarter": 1,
            "eps": -0.34,
            "eps_growth_year": null,
            "eps_4q": 0.02,
            "eps_4q_growth_year": -97.34,
            "roe": -1.42,
            "roe_4q": 0.12000000000000005,
            "gross_profit": 145294,
            "gross_margin": 32.14,
            "gross_margin_4q_avg": 32.31,
            "net_income": -15929,
            "net_income_4q": null,
            "revenue": 451996,
            "revenue_4q": null,
            "common_shares": 470975,
            "book_valuer_per_share": 23.55,
            "book_valuer_per_share_4q_avg": 23.65,
            "equity": 1110480,
            "current_ratio": 289.89,
            "debt_ratio": 28.27,
            "inventory_turnover_ratio": 0.77,
            "account_receivable_turnover_ratio": 1.03,
            "reinvestment_rate": 9.19,
            "research_to_sale_ratio": 7.64,
            "price_fair": 37.64,
            "eps_avg_yearly": 1.08,
            "eps_latest_yearly": 0.92,
            "eps_growth_yearly": 937.1
        },
        "20192": {
            "year_quarter": 20192,
            "year": 2019,
            "quarter": 2,
            "eps": -0.02,
            "eps_growth_year": -133.33,
            "eps_4q": -0.05,
            "eps_4q_growth_year": -106.59,
            "roe": -0.08,
            "roe_4q": -0.21000000000000002,
            "gross_profit": 162429,
            "gross_margin": 32.55,
            "gross_margin_4q_avg": 32.12,
            "net_income": -863,
            "net_income_4q": null,
            "revenue": 499041,
            "revenue_4q": null,
            "common_shares": 470975,
            "book_valuer_per_share": 22.91,
            "book_valuer_per_share_4q_avg": 23.49,
            "equity": 1080393,
            "current_ratio": 231.7,
            "debt_ratio": 33.66,
            "inventory_turnover_ratio": 0.83,
            "account_receivable_turnover_ratio": 1.19,
            "reinvestment_rate": -8.25,
            "research_to_sale_ratio": 6.62,
            "price_fair": 42,
            "eps_avg_yearly": 1.2,
            "eps_latest_yearly": 0.92,
            "eps_growth_yearly": 1097.57
        },
        "20193": {
            "year_quarter": 20193,
            "year": 2019,
            "quarter": 3,
            "eps": 0.24,
            "eps_growth_year": 200,
            "eps_4q": 0.11,
            "eps_4q_growth_year": -13.81,
            "roe": 1.05,
            "roe_4q": 0.5000000000000001,
            "gross_profit": 175663,
            "gross_margin": 33.57,
            "gross_margin_4q_avg": 32.52,
            "net_income": 11417,
            "net_income_4q": null,
            "revenue": 523266,
            "revenue_4q": null,
            "common_shares": 470975,
            "book_valuer_per_share": 23.08,
            "book_valuer_per_share_4q_avg": 23.36,
            "equity": 1088630,
            "current_ratio": 221.52,
            "debt_ratio": 35.02,
            "inventory_turnover_ratio": 0.81,
            "account_receivable_turnover_ratio": 1.15,
            "reinvestment_rate": 9.53,
            "research_to_sale_ratio": 4.86,
            "price_fair": 47.4,
            "eps_avg_yearly": 1.35,
            "eps_latest_yearly": 0.92,
            "eps_growth_yearly": 1225.8
        },
        "20194": {
            "year_quarter": 20194,
            "year": 2019,
            "quarter": 4,
            "eps": 0.47,
            "eps_growth_year": 108.2,
            "eps_4q": 0.35,
            "eps_4q_growth_year": 37.5,
            "roe": 2.03,
            "roe_4q": 1.58,
            "gross_profit": 181471,
            "gross_margin": 30.05,
            "gross_margin_4q_avg": 32.08,
            "net_income": 22212,
            "net_income_4q": null,
            "revenue": 603926,
            "revenue_4q": null,
            "common_shares": 470975,
            "book_valuer_per_share": 23.35,
            "book_valuer_per_share_4q_avg": 23.22,
            "equity": 1101294,
            "current_ratio": 215.65,
            "debt_ratio": 36.26,
            "inventory_turnover_ratio": 0.97,
            "account_receivable_turnover_ratio": 1.27,
            "reinvestment_rate": 10.02,
            "research_to_sale_ratio": 5.41,
            "price_fair": 46.2,
            "eps_avg_yearly": 1.32,
            "eps_latest_yearly": 1.88,
            "eps_growth_yearly": 328.18
        },
        "20201": {
            "year_quarter": 20201,
            "year": 2020,
            "quarter": 1,
            "eps": -0.25,
            "eps_growth_year": null,
            "eps_4q": 0.44,
            "eps_4q_growth_year": 1714.59,
            "roe": -1.07,
            "roe_4q": 1.9299999999999997,
            "gross_profit": 148281,
            "gross_margin": 32.88,
            "gross_margin_4q_avg": 32.26,
            "net_income": -11678,
            "net_income_4q": null,
            "revenue": 450939,
            "revenue_4q": null,
            "common_shares": 470975,
            "book_valuer_per_share": 23.11,
            "book_valuer_per_share_4q_avg": 23.11,
            "equity": 1089809,
            "current_ratio": 222.87,
            "debt_ratio": 34.2,
            "inventory_turnover_ratio": 0.68,
            "account_receivable_turnover_ratio": 1.02,
            "reinvestment_rate": 1.79,
            "research_to_sale_ratio": 6.47,
            "price_fair": 46.2,
            "eps_avg_yearly": 1.32,
            "eps_latest_yearly": 1.88,
            "eps_growth_yearly": 328.18
        },
        "20202": {
            "year_quarter": 20202,
            "year": 2020,
            "quarter": 2,
            "eps": -0.18,
            "eps_growth_year": null,
            "eps_4q": 0.28,
            "eps_4q_growth_year": null,
            "roe": -0.79,
            "roe_4q": 1.2199999999999998,
            "gross_profit": 144187,
            "gross_margin": 31.29,
            "gross_margin_4q_avg": 31.95,
            "net_income": -8534,
            "net_income_4q": null,
            "revenue": 460763,
            "revenue_4q": null,
            "common_shares": 470975,
            "book_valuer_per_share": 22.68,
            "book_valuer_per_share_4q_avg": 23.06,
            "equity": 1069904,
            "current_ratio": 213.8,
            "debt_ratio": 35.32,
            "inventory_turnover_ratio": 0.71,
            "account_receivable_turnover_ratio": 1.2,
            "reinvestment_rate": -0.32,
            "research_to_sale_ratio": 7.09,
            "price_fair": 46.2,
            "eps_avg_yearly": 1.32,
            "eps_latest_yearly": 1.88,
            "eps_growth_yearly": 328.18
        },
        "20203": {
            "year_quarter": 20203,
            "year": 2020,
            "quarter": 3,
            "eps": 0.35,
            "eps_growth_year": 45.83,
            "eps_4q": 0.39,
            "eps_4q_growth_year": 253.21,
            "roe": 1.52,
            "roe_4q": 1.6899999999999997,
            "gross_profit": 170236,
            "gross_margin": 34.92,
            "gross_margin_4q_avg": 32.29,
            "net_income": 16426,
            "net_income_4q": null,
            "revenue": 487509,
            "revenue_4q": null,
            "common_shares": 470975,
            "book_valuer_per_share": 23.01,
            "book_valuer_per_share_4q_avg": 23.04,
            "equity": 1085103,
            "current_ratio": 222.95,
            "debt_ratio": 33.63,
            "inventory_turnover_ratio": 0.73,
            "account_receivable_turnover_ratio": 1.23,
            "reinvestment_rate": -6.29,
            "research_to_sale_ratio": 6.5,
            "price_fair": 44.33,
            "eps_avg_yearly": 1.27,
            "eps_latest_yearly": 1.88,
            "eps_growth_yearly": 325.3
        },
        "20204": {
            "year_quarter": 20204,
            "year": 2020,
            "quarter": 4,
            "eps": 0.44,
            "eps_growth_year": -6.51,
            "eps_4q": 0.36,
            "eps_4q_growth_year": 0.83,
            "roe": 1.9,
            "roe_4q": 1.5599999999999998,
            "gross_profit": 179024,
            "gross_margin": 29.92,
            "gross_margin_4q_avg": 32.25,
            "net_income": 20842,
            "net_income_4q": null,
            "revenue": 598395,
            "revenue_4q": null,
            "common_shares": 470975,
            "book_valuer_per_share": 23.4,
            "book_valuer_per_share_4q_avg": 23.05,
            "equity": 1103755,
            "current_ratio": 222.71,
            "debt_ratio": 34.33,
            "inventory_turnover_ratio": 1.05,
            "account_receivable_turnover_ratio": 1.36,
            "reinvestment_rate": -4.34,
            "research_to_sale_ratio": 5.26,
            "price_fair": 48.07,
            "eps_avg_yearly": 1.37,
            "eps_latest_yearly": 1.76,
            "eps_growth_yearly": 363.58
        },
        "20211": {
            "year_quarter": 20211,
            "year": 2021,
            "quarter": 1,
            "eps": 0.37,
            "eps_growth_year": null,
            "eps_4q": 0.98,
            "eps_4q_growth_year": 120.47,
            "roe": 1.61,
            "roe_4q": 4.239999999999999,
            "gross_profit": 185675,
            "gross_margin": 33.78,
            "gross_margin_4q_avg": 32.48,
            "net_income": 17927,
            "net_income_4q": null,
            "revenue": 549599,
            "revenue_4q": null,
            "common_shares": 470975,
            "book_valuer_per_share": 23.67,
            "book_valuer_per_share_4q_avg": 23.19,
            "equity": 1116996,
            "current_ratio": 216.67,
            "debt_ratio": 34.71,
            "inventory_turnover_ratio": 0.99,
            "account_receivable_turnover_ratio": 1.2,
            "reinvestment_rate": 0.83,
            "research_to_sale_ratio": 8.21,
            "price_fair": 48.6,
            "eps_avg_yearly": 1.39,
            "eps_latest_yearly": 1.48,
            "eps_growth_yearly": 302.55
        },
        "20212": {
            "year_quarter": 20212,
            "year": 2021,
            "quarter": 2,
            "eps": 0.41,
            "eps_growth_year": null,
            "eps_4q": 1.57,
            "eps_4q_growth_year": 455.55,
            "roe": 1.7,
            "roe_4q": 6.73,
            "gross_profit": 183263,
            "gross_margin": 32.97,
            "gross_margin_4q_avg": 32.9,
            "net_income": 19101,
            "net_income_4q": null,
            "revenue": 555821,
            "revenue_4q": null,
            "common_shares": 470975,
            "book_valuer_per_share": 23.82,
            "book_valuer_per_share_4q_avg": 23.48,
            "equity": 1123744,
            "current_ratio": 200.83,
            "debt_ratio": 37.72,
            "inventory_turnover_ratio": 0.96,
            "account_receivable_turnover_ratio": 1.22,
            "reinvestment_rate": -0.64,
            "research_to_sale_ratio": 5.67,
            "price_fair": 49.7,
            "eps_avg_yearly": 1.42,
            "eps_latest_yearly": 1.64,
            "eps_growth_yearly": 270.13
        },
        "20213": {
            "year_quarter": 20213,
            "year": 2021,
            "quarter": 3,
            "eps": 0.38,
            "eps_growth_year": 8.57,
            "eps_4q": 1.6,
            "eps_4q_growth_year": 311.74,
            "roe": 1.58,
            "roe_4q": 6.790000000000001,
            "gross_profit": 200528,
            "gross_margin": 28.97,
            "gross_margin_4q_avg": 31.41,
            "net_income": 17908,
            "net_income_4q": null,
            "revenue": 692188,
            "revenue_4q": null,
            "common_shares": 470975,
            "book_valuer_per_share": 24.14,
            "book_valuer_per_share_4q_avg": 23.76,
            "equity": 1138921,
            "current_ratio": 180.02,
            "debt_ratio": 45.07,
            "inventory_turnover_ratio": 1.18,
            "account_receivable_turnover_ratio": 1.34,
            "reinvestment_rate": -34.99,
            "research_to_sale_ratio": 6.24,
            "price_fair": 43.4,
            "eps_avg_yearly": 1.24,
            "eps_latest_yearly": 1.52,
            "eps_growth_yearly": 121.74
        },
        "20214": {
            "year_quarter": 20214,
            "year": 2021,
            "quarter": 4,
            "eps": -0.04,
            "eps_growth_year": -109.44,
            "eps_4q": 0.69,
            "eps_4q_growth_year": 91.54,
            "roe": -0.21,
            "roe_4q": 4.680000000000001,
            "gross_profit": 181055,
            "gross_margin": 32.41,
            "gross_margin_4q_avg": 32.03,
            "net_income": -3081,
            "net_income_4q": null,
            "revenue": 558557,
            "revenue_4q": null,
            "common_shares": 750975,
            "book_valuer_per_share": 23.19,
            "book_valuer_per_share_4q_avg": 23.71,
            "equity": 1743160,
            "current_ratio": 363.81,
            "debt_ratio": 24.8,
            "inventory_turnover_ratio": 0.87,
            "account_receivable_turnover_ratio": 1.06,
            "reinvestment_rate": -29.48,
            "research_to_sale_ratio": 5.55,
            "price_fair": 47.6,
            "eps_avg_yearly": 1.36,
            "eps_latest_yearly": 1.52,
            "eps_growth_yearly": 188.55
        },
        "20221": {
            "year_quarter": 20221,
            "year": 2022,
            "quarter": 1,
            "eps": 0.32,
            "eps_growth_year": -13.51,
            "eps_4q": 0.77,
            "eps_4q_growth_year": -21.21,
            "roe": 1.37,
            "roe_4q": 4.44,
            "gross_profit": 179173,
            "gross_margin": 33.52,
            "gross_margin_4q_avg": 31.97,
            "net_income": 24170,
            "net_income_4q": null,
            "revenue": 534450,
            "revenue_4q": null,
            "common_shares": 750975,
            "book_valuer_per_share": 23.58,
            "book_valuer_per_share_4q_avg": 23.68,
            "equity": 1772739,
            "current_ratio": 394.17,
            "debt_ratio": 23.21,
            "inventory_turnover_ratio": 0.8,
            "account_receivable_turnover_ratio": 1.11,
            "reinvestment_rate": 2.2,
            "research_to_sale_ratio": 5.98,
            "price_fair": 47.6,
            "eps_avg_yearly": 1.36,
            "eps_latest_yearly": 1.52,
            "eps_growth_yearly": 188.55
        },
        "20222": {
            "year_quarter": 20222,
            "year": 2022,
            "quarter": 2,
            "eps": 0.42,
            "eps_growth_year": 2.44,
            "eps_4q": 0.94,
            "eps_4q_growth_year": -40.31,
            "roe": 1.77,
            "roe_4q": 4.51,
            "gross_profit": 197183,
            "gross_margin": 32.82,
            "gross_margin_4q_avg": 31.93,
            "net_income": 31347,
            "net_income_4q": null,
            "revenue": 600746,
            "revenue_4q": null,
            "common_shares": 750975,
            "book_valuer_per_share": 23.63,
            "book_valuer_per_share_4q_avg": 23.64,
            "equity": 1776163,
            "current_ratio": 338.39,
            "debt_ratio": 28.02,
            "inventory_turnover_ratio": 0.86,
            "account_receivable_turnover_ratio": 1.26,
            "reinvestment_rate": 4.4,
            "research_to_sale_ratio": 5.37,
            "price_fair": 49,
            "eps_avg_yearly": 1.4,
            "eps_latest_yearly": 1.68,
            "eps_growth_yearly": 180.61
        },
        "20223": {
            "year_quarter": 20223,
            "year": 2022,
            "quarter": 3,
            "eps": 0.35,
            "eps_growth_year": -7.89,
            "eps_4q": 1.05,
            "eps_4q_growth_year": -34.35,
            "roe": 1.48,
            "roe_4q": 4.41,
            "gross_profit": 192518,
            "gross_margin": 30.66,
            "gross_margin_4q_avg": 32.35,
            "net_income": 26511,
            "net_income_4q": null,
            "revenue": 628010,
            "revenue_4q": null,
            "common_shares": 750975,
            "book_valuer_per_share": 24.16,
            "book_valuer_per_share_4q_avg": 23.64,
            "equity": 1816379,
            "current_ratio": 360.67,
            "debt_ratio": 27,
            "inventory_turnover_ratio": 0.9,
            "account_receivable_turnover_ratio": 1.25,
            "reinvestment_rate": 7.14,
            "research_to_sale_ratio": 5.54,
            "price_fair": 53.73,
            "eps_avg_yearly": 1.54,
            "eps_latest_yearly": 1.4,
            "eps_growth_yearly": 155.61
        },
        "20224": {
            "year_quarter": 20224,
            "year": 2022,
            "quarter": 4,
            "eps": 0.12,
            "eps_growth_year": null,
            "eps_4q": 1.22,
            "eps_4q_growth_year": 77.54,
            "roe": 0.52,
            "roe_4q": 5.140000000000001,
            "gross_profit": 193998,
            "gross_margin": 33.05,
            "gross_margin_4q_avg": 32.51,
            "net_income": 9409,
            "net_income_4q": null,
            "revenue": 587053,
            "revenue_4q": null,
            "common_shares": 750975,
            "book_valuer_per_share": 24.24,
            "book_valuer_per_share_4q_avg": 23.9,
            "equity": 1821932,
            "current_ratio": 354.77,
            "debt_ratio": 27.15,
            "inventory_turnover_ratio": 0.82,
            "account_receivable_turnover_ratio": 1.14,
            "reinvestment_rate": 6.07,
            "research_to_sale_ratio": 6.59,
            "price_fair": 51.8,
            "eps_avg_yearly": 1.48,
            "eps_latest_yearly": 0.48,
            "eps_growth_yearly": 29
        },
        "20231": {
            "year_quarter": 20231,
            "year": 2023,
            "quarter": 1,
            "eps": 0.06,
            "eps_growth_year": -81.25,
            "eps_4q": 0.96,
            "eps_4q_growth_year": 23.86,
            "roe": 0.26,
            "roe_4q": 4.029999999999999,
            "gross_profit": 163818,
            "gross_margin": 33,
            "gross_margin_4q_avg": 32.38,
            "net_income": 4703,
            "net_income_4q": null,
            "revenue": 496424,
            "revenue_4q": null,
            "common_shares": 750975,
            "book_valuer_per_share": 24.28,
            "book_valuer_per_share_4q_avg": 24.08,
            "equity": 1825591,
            "current_ratio": 462.65,
            "debt_ratio": 21.56,
            "inventory_turnover_ratio": 0.74,
            "account_receivable_turnover_ratio": 1.09,
            "reinvestment_rate": 6.89,
            "research_to_sale_ratio": 4.1,
            "price_fair": 18.2,
            "eps_avg_yearly": 1.34,
            "eps_latest_yearly": 0.24,
            "eps_growth_yearly": 3.56
        },
        "20232": {
            "year_quarter": 20232,
            "year": 2023,
            "quarter": 2,
            "eps": 0.23,
            "eps_growth_year": -45.24,
            "eps_4q": 0.77,
            "eps_4q_growth_year": -17.6,
            "roe": 0.96,
            "roe_4q": 3.2199999999999998,
            "gross_profit": 193313,
            "gross_margin": 28.55,
            "gross_margin_4q_avg": 31.32,
            "net_income": 17430,
            "net_income_4q": null,
            "revenue": 676994,
            "revenue_4q": null,
            "common_shares": 750975,
            "book_valuer_per_share": 23.87,
            "book_valuer_per_share_4q_avg": 24.14,
            "equity": 1794279,
            "current_ratio": 316.25,
            "debt_ratio": 28.82,
            "inventory_turnover_ratio": 1.16,
            "account_receivable_turnover_ratio": 1.56,
            "reinvestment_rate": 5.68,
            "research_to_sale_ratio": 7.15,
            "price_fair": 45.5,
            "eps_avg_yearly": 1.3,
            "eps_latest_yearly": 0.92,
            "eps_growth_yearly": 116.53
        },
        "20233": {
            "year_quarter": 20233,
            "year": 2023,
            "quarter": 3,
            "eps": 0.26,
            "eps_growth_year": -25.71,
            "eps_4q": 0.67,
            "eps_4q_growth_year": -35.82,
            "roe": 1.06,
            "roe_4q": 2.8000000000000003,
            "gross_profit": 180625,
            "gross_margin": 34.86,
            "gross_margin_4q_avg": 32.37,
            "net_income": 19250,
            "net_income_4q": null,
            "revenue": 518106,
            "revenue_4q": null,
            "common_shares": 750975,
            "book_valuer_per_share": 24.25,
            "book_valuer_per_share_4q_avg": 24.16,
            "equity": 1822974,
            "current_ratio": 375.59,
            "debt_ratio": 24.84,
            "inventory_turnover_ratio": 0.77,
            "account_receivable_turnover_ratio": 1.1,
            "reinvestment_rate": -2.72,
            "research_to_sale_ratio": 7.84,
            "price_fair": 44.67,
            "eps_avg_yearly": 1.28,
            "eps_latest_yearly": 1.04,
            "eps_growth_yearly": 110.68
        }
    },
    "months": {
        "2009-08": {
            "month": "2009-08",
            "price": "33.97",
            "revenue": 130208
        },
        "2009-09": {
            "month": "2009-09",
            "price": "33.35",
            "revenue": 159152
        },
        "2009-10": {
            "month": "2009-10",
            "price": "33.73",
            "revenue": 139346
        },
        "2009-11": {
            "month": "2009-11",
            "price": "32.88",
            "revenue": 179587
        },
        "2009-12": {
            "month": "2009-12",
            "price": "38.18",
            "revenue": 163107
        },
        "2010-01": {
            "month": "2010-01",
            "price": "39.19",
            "revenue": 139527
        },
        "2010-02": {
            "month": "2010-02",
            "price": "37.68",
            "revenue": 112215
        },
        "2010-03": {
            "month": "2010-03",
            "price": "41.39",
            "revenue": 163004
        },
        "2010-04": {
            "month": "2010-04",
            "price": "43.58",
            "revenue": 147222
        },
        "2010-05": {
            "month": "2010-05",
            "price": "42.06",
            "revenue": 211458
        },
        "2010-06": {
            "month": "2010-06",
            "price": "40.07",
            "revenue": 190886
        },
        "2010-07": {
            "month": "2010-07",
            "price": "39.91",
            "revenue": 146346
        },
        "2010-08": {
            "month": "2010-08",
            "price": "39.23",
            "revenue": 186194
        },
        "2010-09": {
            "month": "2010-09",
            "price": "38.36",
            "revenue": 175618
        },
        "2010-10": {
            "month": "2010-10",
            "price": "38.40",
            "revenue": 161087
        },
        "2010-11": {
            "month": "2010-11",
            "price": "35.43",
            "revenue": 180141
        },
        "2010-12": {
            "month": "2010-12",
            "price": "35.27",
            "revenue": 305559
        },
        "2011-01": {
            "month": "2011-01",
            "price": "36.75",
            "revenue": 153874
        },
        "2011-02": {
            "month": "2011-02",
            "price": "37.00",
            "revenue": 119297
        },
        "2011-03": {
            "month": "2011-03",
            "price": "35.89",
            "revenue": 195315
        },
        "2011-04": {
            "month": "2011-04",
            "price": "34.18",
            "revenue": 216299
        },
        "2011-05": {
            "month": "2011-05",
            "price": "33.59",
            "revenue": 152287
        },
        "2011-06": {
            "month": "2011-06",
            "price": "33.06",
            "revenue": 160661
        },
        "2011-07": {
            "month": "2011-07",
            "price": "29.99",
            "revenue": 141583
        },
        "2011-08": {
            "month": "2011-08",
            "price": "25.38",
            "revenue": 246955
        },
        "2011-09": {
            "month": "2011-09",
            "price": "22.15",
            "revenue": 230776
        },
        "2011-10": {
            "month": "2011-10",
            "price": "21.35",
            "revenue": 147596
        },
        "2011-11": {
            "month": "2011-11",
            "price": "20.78",
            "revenue": 151504
        },
        "2011-12": {
            "month": "2011-12",
            "price": "20.18",
            "revenue": 212640
        },
        "2012-01": {
            "month": "2012-01",
            "price": "19.92",
            "revenue": 122665
        },
        "2012-02": {
            "month": "2012-02",
            "price": "22.88",
            "revenue": 128791
        },
        "2012-03": {
            "month": "2012-03",
            "price": "22.05",
            "revenue": 157995
        },
        "2012-04": {
            "month": "2012-04",
            "price": "19.86",
            "revenue": 115570
        },
        "2012-05": {
            "month": "2012-05",
            "price": "18.56",
            "revenue": 159355
        },
        "2012-06": {
            "month": "2012-06",
            "price": "18.01",
            "revenue": 197290
        },
        "2012-07": {
            "month": "2012-07",
            "price": "17.88",
            "revenue": 139466
        },
        "2012-08": {
            "month": "2012-08",
            "price": "17.34",
            "revenue": 180296
        },
        "2012-09": {
            "month": "2012-09",
            "price": "18.05",
            "revenue": 165960
        },
        "2012-10": {
            "month": "2012-10",
            "price": "16.99",
            "revenue": 173533
        },
        "2012-11": {
            "month": "2012-11",
            "price": "16.02",
            "revenue": 223624
        },
        "2012-12": {
            "month": "2012-12",
            "price": "17.52",
            "revenue": 205413
        },
        "2013-01": {
            "month": "2013-01",
            "price": "18.79",
            "revenue": 129484
        },
        "2013-02": {
            "month": "2013-02",
            "price": "18.05",
            "revenue": 98198
        },
        "2013-03": {
            "month": "2013-03",
            "price": "18.16",
            "revenue": 144728
        },
        "2013-04": {
            "month": "2013-04",
            "price": "17.00",
            "revenue": 120916
        },
        "2013-05": {
            "month": "2013-05",
            "price": "17.48",
            "revenue": 151233
        },
        "2013-06": {
            "month": "2013-06",
            "price": "17.20",
            "revenue": 191527
        },
        "2013-07": {
            "month": "2013-07",
            "price": "16.72",
            "revenue": 161549
        },
        "2013-08": {
            "month": "2013-08",
            "price": "17.46",
            "revenue": 173183
        },
        "2013-09": {
            "month": "2013-09",
            "price": "18.36",
            "revenue": 195741
        },
        "2013-10": {
            "month": "2013-10",
            "price": "18.98",
            "revenue": 164479
        },
        "2013-11": {
            "month": "2013-11",
            "price": "19.98",
            "revenue": 198692
        },
        "2013-12": {
            "month": "2013-12",
            "price": "21.49",
            "revenue": 235964
        },
        "2014-01": {
            "month": "2014-01",
            "price": "26.59",
            "revenue": 144264
        },
        "2014-02": {
            "month": "2014-02",
            "price": "29.62",
            "revenue": 127325
        },
        "2014-03": {
            "month": "2014-03",
            "price": "30.10",
            "revenue": 182718
        },
        "2014-04": {
            "month": "2014-04",
            "price": "29.50",
            "revenue": 199427
        },
        "2014-05": {
            "month": "2014-05",
            "price": "28.00",
            "revenue": 133911
        },
        "2014-06": {
            "month": "2014-06",
            "price": "31.05",
            "revenue": 181431
        },
        "2014-07": {
            "month": "2014-07",
            "price": "27.17",
            "revenue": 136289
        },
        "2014-08": {
            "month": "2014-08",
            "price": "25.97",
            "revenue": 145117
        },
        "2014-09": {
            "month": "2014-09",
            "price": "25.71",
            "revenue": 159014
        },
        "2014-10": {
            "month": "2014-10",
            "price": "23.97",
            "revenue": 167743
        },
        "2014-11": {
            "month": "2014-11",
            "price": "22.71",
            "revenue": 141839
        },
        "2014-12": {
            "month": "2014-12",
            "price": "23.53",
            "revenue": 227180
        },
        "2015-01": {
            "month": "2015-01",
            "price": "25.25",
            "revenue": 137719
        },
        "2015-02": {
            "month": "2015-02",
            "price": "24.02",
            "revenue": 134141
        },
        "2015-03": {
            "month": "2015-03",
            "price": "24.06",
            "revenue": 203018
        },
        "2015-04": {
            "month": "2015-04",
            "price": "23.84",
            "revenue": 164987
        },
        "2015-05": {
            "month": "2015-05",
            "price": "21.53",
            "revenue": 155876
        },
        "2015-06": {
            "month": "2015-06",
            "price": "19.33",
            "revenue": 183440
        },
        "2015-07": {
            "month": "2015-07",
            "price": "17.51",
            "revenue": 142219
        },
        "2015-08": {
            "month": "2015-08",
            "price": "15.34",
            "revenue": 159305
        },
        "2015-09": {
            "month": "2015-09",
            "price": "16.52",
            "revenue": 174720
        },
        "2015-10": {
            "month": "2015-10",
            "price": "17.34",
            "revenue": 182081
        },
        "2015-11": {
            "month": "2015-11",
            "price": "17.84",
            "revenue": 173138
        },
        "2015-12": {
            "month": "2015-12",
            "price": "16.76",
            "revenue": 234634
        },
        "2016-01": {
            "month": "2016-01",
            "price": "15.98",
            "revenue": 147119
        },
        "2016-02": {
            "month": "2016-02",
            "price": "16.30",
            "revenue": 135820
        },
        "2016-03": {
            "month": "2016-03",
            "price": "17.01",
            "revenue": 165740
        },
        "2016-04": {
            "month": "2016-04",
            "price": "17.19",
            "revenue": 128889
        },
        "2016-05": {
            "month": "2016-05",
            "price": "16.57",
            "revenue": 151664
        },
        "2016-06": {
            "month": "2016-06",
            "price": "17.49",
            "revenue": 239420
        },
        "2016-07": {
            "month": "2016-07",
            "price": "19.35",
            "revenue": 167198
        },
        "2016-08": {
            "month": "2016-08",
            "price": "19.71",
            "revenue": 187675
        },
        "2016-09": {
            "month": "2016-09",
            "price": "21.34",
            "revenue": 193661
        },
        "2016-10": {
            "month": "2016-10",
            "price": "22.01",
            "revenue": 167306
        },
        "2016-11": {
            "month": "2016-11",
            "price": "21.77",
            "revenue": 206894
        },
        "2016-12": {
            "month": "2016-12",
            "price": "27.15",
            "revenue": 226976
        },
        "2017-01": {
            "month": "2017-01",
            "price": "29.73",
            "revenue": 170595
        },
        "2017-02": {
            "month": "2017-02",
            "price": "26.52",
            "revenue": 151932
        },
        "2017-03": {
            "month": "2017-03",
            "price": "25.54",
            "revenue": 202545
        },
        "2017-04": {
            "month": "2017-04",
            "price": "24.68",
            "revenue": 153069
        },
        "2017-05": {
            "month": "2017-05",
            "price": "22.68",
            "revenue": 178187
        },
        "2017-06": {
            "month": "2017-06",
            "price": "21.05",
            "revenue": 250856
        },
        "2017-07": {
            "month": "2017-07",
            "price": "21.12",
            "revenue": 230263
        },
        "2017-08": {
            "month": "2017-08",
            "price": "20.09",
            "revenue": 242429
        },
        "2017-09": {
            "month": "2017-09",
            "price": "20.72",
            "revenue": 243746
        },
        "2017-10": {
            "month": "2017-10",
            "price": "21.86",
            "revenue": 187377
        },
        "2017-11": {
            "month": "2017-11",
            "price": "24.61",
            "revenue": 161989
        },
        "2017-12": {
            "month": "2017-12",
            "price": "21.62",
            "revenue": 210987
        },
        "2018-01": {
            "month": "2018-01",
            "price": "22.53",
            "revenue": 156204
        },
        "2018-02": {
            "month": "2018-02",
            "price": "22.63",
            "revenue": 116285
        },
        "2018-03": {
            "month": "2018-03",
            "price": "29.08",
            "revenue": 185744
        },
        "2018-04": {
            "month": "2018-04",
            "price": "28.51",
            "revenue": 157200
        },
        "2018-05": {
            "month": "2018-05",
            "price": "23.51",
            "revenue": 174187
        },
        "2018-06": {
            "month": "2018-06",
            "price": "23.12",
            "revenue": 162473
        },
        "2018-07": {
            "month": "2018-07",
            "price": "20.88",
            "revenue": 141598
        },
        "2018-08": {
            "month": "2018-08",
            "price": "19.78",
            "revenue": 205863
        },
        "2018-09": {
            "month": "2018-09",
            "price": "18.62",
            "revenue": 160176
        },
        "2018-10": {
            "month": "2018-10",
            "price": "16.00",
            "revenue": 203396
        },
        "2018-11": {
            "month": "2018-11",
            "price": "15.61",
            "revenue": 163287
        },
        "2018-12": {
            "month": "2018-12",
            "price": "16.98",
            "revenue": 208299
        },
        "2019-01": {
            "month": "2019-01",
            "price": "16.18",
            "revenue": 139260
        },
        "2019-02": {
            "month": "2019-02",
            "price": "16.78",
            "revenue": 134386
        },
        "2019-03": {
            "month": "2019-03",
            "price": "17.36",
            "revenue": 178350
        },
        "2019-04": {
            "month": "2019-04",
            "price": "17.78",
            "revenue": 127121
        },
        "2019-05": {
            "month": "2019-05",
            "price": "16.54",
            "revenue": 189974
        },
        "2019-06": {
            "month": "2019-06",
            "price": "16.19",
            "revenue": 181946
        },
        "2019-07": {
            "month": "2019-07",
            "price": "16.20",
            "revenue": 164909
        },
        "2019-08": {
            "month": "2019-08",
            "price": "15.75",
            "revenue": 185036
        },
        "2019-09": {
            "month": "2019-09",
            "price": "15.85",
            "revenue": 173322
        },
        "2019-10": {
            "month": "2019-10",
            "price": "16.07",
            "revenue": 197075
        },
        "2019-11": {
            "month": "2019-11",
            "price": "16.31",
            "revenue": 182840
        },
        "2019-12": {
            "month": "2019-12",
            "price": "18.57",
            "revenue": 226720
        },
        "2020-01": {
            "month": "2020-01",
            "price": "17.75",
            "revenue": 140860
        },
        "2020-02": {
            "month": "2020-02",
            "price": "17.24",
            "revenue": 163656
        },
        "2020-03": {
            "month": "2020-03",
            "price": "14.44",
            "revenue": 146423
        },
        "2020-04": {
            "month": "2020-04",
            "price": "14.17",
            "revenue": 154088
        },
        "2020-05": {
            "month": "2020-05",
            "price": "14.86",
            "revenue": 138953
        },
        "2020-06": {
            "month": "2020-06",
            "price": "16.07",
            "revenue": 167723
        },
        "2020-07": {
            "month": "2020-07",
            "price": "20.89",
            "revenue": 151501
        },
        "2020-08": {
            "month": "2020-08",
            "price": "20.12",
            "revenue": 158496
        },
        "2020-09": {
            "month": "2020-09",
            "price": "19.75",
            "revenue": 177512
        },
        "2020-10": {
            "month": "2020-10",
            "price": "19.71",
            "revenue": 165984
        },
        "2020-11": {
            "month": "2020-11",
            "price": "19.74",
            "revenue": 212843
        },
        "2020-12": {
            "month": "2020-12",
            "price": "20.99",
            "revenue": 219568
        },
        "2021-01": {
            "month": "2021-01",
            "price": "20.16",
            "revenue": 161256
        },
        "2021-02": {
            "month": "2021-02",
            "price": "20.27",
            "revenue": 159331
        },
        "2021-03": {
            "month": "2021-03",
            "price": "20.33",
            "revenue": 229011
        },
        "2021-04": {
            "month": "2021-04",
            "price": "22.34",
            "revenue": 177669
        },
        "2021-05": {
            "month": "2021-05",
            "price": "20.88",
            "revenue": 176955
        },
        "2021-06": {
            "month": "2021-06",
            "price": "20.29",
            "revenue": 201197
        },
        "2021-07": {
            "month": "2021-07",
            "price": "20.45",
            "revenue": 243773
        },
        "2021-08": {
            "month": "2021-08",
            "price": "23.72",
            "revenue": 233650
        },
        "2021-09": {
            "month": "2021-09",
            "price": "26.19",
            "revenue": 214766
        },
        "2021-10": {
            "month": "2021-10",
            "price": "25.61",
            "revenue": 189339
        },
        "2021-11": {
            "month": "2021-11",
            "price": "24.82",
            "revenue": 177270
        },
        "2021-12": {
            "month": "2021-12",
            "price": "22.09",
            "revenue": 191948
        },
        "2022-01": {
            "month": "2022-01",
            "price": "21.33",
            "revenue": 156177
        },
        "2022-02": {
            "month": "2022-02",
            "price": "20.82",
            "revenue": 148043
        },
        "2022-03": {
            "month": "2022-03",
            "price": "20.71",
            "revenue": 230230
        },
        "2022-04": {
            "month": "2022-04",
            "price": "20.45",
            "revenue": 173400
        },
        "2022-05": {
            "month": "2022-05",
            "price": "20.62",
            "revenue": 213962
        },
        "2022-06": {
            "month": "2022-06",
            "price": "20.87",
            "revenue": 213384
        },
        "2022-07": {
            "month": "2022-07",
            "price": "21.16",
            "revenue": 193556
        },
        "2022-08": {
            "month": "2022-08",
            "price": "23.23",
            "revenue": 230240
        },
        "2022-09": {
            "month": "2022-09",
            "price": "23.44",
            "revenue": 204214
        },
        "2022-10": {
            "month": "2022-10",
            "price": "21.59",
            "revenue": 198750
        },
        "2022-11": {
            "month": "2022-11",
            "price": "22.57",
            "revenue": 199765
        },
        "2022-12": {
            "month": "2022-12",
            "price": "23.25",
            "revenue": 188538
        },
        "2023-01": {
            "month": "2023-01",
            "price": "22.62",
            "revenue": 156015
        },
        "2023-02": {
            "month": "2023-02",
            "price": "23.71",
            "revenue": 155256
        },
        "2023-03": {
            "month": "2023-03",
            "price": "30.83",
            "revenue": 185153
        },
        "2023-04": {
            "month": "2023-04",
            "price": "31.99",
            "revenue": 175095
        },
        "2023-05": {
            "month": "2023-05",
            "price": "29.65",
            "revenue": 311567
        },
        "2023-06": {
            "month": "2023-06",
            "price": "35.72",
            "revenue": 190332
        },
        "2023-07": {
            "month": "2023-07",
            "price": "34.45",
            "revenue": 151465
        },
        "2023-08": {
            "month": "2023-08",
            "price": "28.57",
            "revenue": 160957
        },
        "2023-09": {
            "month": "2023-09",
            "price": "28.13",
            "revenue": 205684
        },
        "2023-10": {
            "month": "2023-10",
            "price": "27.54",
            "revenue": 160403
        },
        "2023-11": {
            "month": "2023-11",
            "price": "27.16",
            "revenue": 200145
        },
        "2023-12": {
            "month": "2023-12",
            "price": "28.58",
            "revenue": 190370
        }
    }
}
