{
    "summary": {
        "stock_name": "健策",
        "stock_id": "3653",
        "category": "電子零組件",
        "main_business": "各種機械及零件、精密模具之製造加工買賣<br>各種精密沖件產品及精密塑膠崁入射出之製造與販賣<br>金屬零件表面處理加工及機械加工自動車床及CNC車床加工",
        "website_url": "http://www.jentech.com.tw",
        "ceo": "林錦隆",
        "pe_ratio": 24,
        "report_year_from": 2008,
        "report_year_to": 2023,
        "age": 15,
        "eps_negative_percentage": 5,
        "eps_growth_avg": {
            "last_all": 18.09,
            "last_2y": 49.11,
            "last_4y": 57.92,
            "last_8y": 32.07,
            "last_12y": 19.07,
            "last_16y": null,
            "last_20y": null,
            "at_2006_last_3y": null,
            "at_2007_last_3y": null,
            "at_2008_last_3y": null,
            "at_2009_last_3y": null,
            "at_2010_last_3y": null,
            "at_2011_last_3y": null,
            "at_2012_last_3y": -14.02,
            "at_2013_last_3y": -10.18,
            "at_2014_last_3y": -4.91,
            "at_2015_last_3y": -9.93,
            "at_2016_last_3y": 6.14,
            "at_2017_last_3y": -0.23,
            "at_2018_last_3y": 14.83,
            "at_2019_last_3y": 36.49,
            "at_2020_last_3y": 36.83,
            "at_2021_last_3y": 47.4,
            "at_2022_last_3y": 47.4,
            "at_2023_last_3y": 47.4,
            "at_2006_last_all": null,
            "at_2007_last_all": null,
            "at_2008_last_all": null,
            "at_2009_last_all": null,
            "at_2010_last_all": 12.02,
            "at_2011_last_all": -0.08,
            "at_2012_last_all": -14.02,
            "at_2013_last_all": -7.08,
            "at_2014_last_all": 0.73,
            "at_2015_last_all": -5.71,
            "at_2016_last_all": -3.94,
            "at_2017_last_all": -4.03,
            "at_2018_last_all": 6.37,
            "at_2019_last_all": 9.63,
            "at_2020_last_all": 9.65,
            "at_2021_last_all": 11.79,
            "at_2022_last_all": 18.09,
            "at_2023_last_all": 18.09
        },
        "latest_eps": 19.18,
        "latest_price": 469.5,
        "latest_roe": 30.48,
        "latest_gross_margin": 32.91,
        "latest_equity": 9765813,
        "latest_revenue": 2824998,
        "latest_gross_profit": 929620,
        "latest_net_income": 494322,
        "latest_debt_ratio": 37.75,
        "latest_current_ratio": 182.11,
        "latest_account_receivable_turnover_ratio": 1.17,
        "latest_inventory_turnover_ratio": 0.6,
        "latest_reinvestment_rate": 45.28,
        "latest_research_to_sale_ratio": 4.24
    },
    "eps_dividends": {
        "2001": {
            "cash": 0,
            "stock": 0,
            "eps": 0
        },
        "2002": {
            "cash": 0,
            "stock": 0,
            "eps": 0
        },
        "2003": {
            "cash": 0,
            "stock": 0,
            "eps": 0
        },
        "2004": {
            "cash": 0,
            "stock": 0,
            "eps": 0
        },
        "2005": {
            "cash": 0,
            "stock": 0,
            "eps": 0
        },
        "2006": {
            "cash": 0,
            "stock": 0,
            "eps": 0
        },
        "2007": {
            "cash": 0,
            "stock": 0,
            "eps": 0
        },
        "2008": {
            "cash": 0,
            "stock": 0,
            "eps": 5.43
        },
        "2009": {
            "cash": 2,
            "stock": 1,
            "eps": 5.72
        },
        "2010": {
            "cash": 3,
            "stock": 1,
            "eps": 6.79
        },
        "2011": {
            "cash": 7,
            "stock": 2,
            "eps": 5.14
        },
        "2012": {
            "cash": 0,
            "stock": 0,
            "eps": 2.27
        },
        "2013": {
            "cash": 2,
            "stock": 0,
            "eps": 2.74
        },
        "2014": {
            "cash": 3,
            "stock": 0,
            "eps": 3.83
        },
        "2015": {
            "cash": 4,
            "stock": 0,
            "eps": 2.13
        },
        "2016": {
            "cash": 3,
            "stock": 0,
            "eps": 2.31
        },
        "2017": {
            "cash": 2,
            "stock": 0,
            "eps": 2.2
        },
        "2018": {
            "cash": 2,
            "stock": 0,
            "eps": 4.59
        },
        "2019": {
            "cash": 4,
            "stock": 0,
            "eps": 6.53
        },
        "2020": {
            "cash": 5,
            "stock": 0,
            "eps": 7.17
        },
        "2021": {
            "cash": 6,
            "stock": 0,
            "eps": 9.86
        },
        "2022": {
            "cash": 6,
            "stock": 1,
            "eps": 20.3
        },
        "2023": {
            "cash": 12,
            "stock": 0,
            "eps": 3.63
        }
    },
    "dividends": {
        "2009-03-20": {
            "cash": 2,
            "stock": 0.5
        },
        "2010-03-08": {
            "cash": 2.89,
            "stock": 0.96
        },
        "2011-01-01": {
            "cash": 3.01,
            "stock": 0.5
        },
        "2011-04-25": {
            "cash": 4,
            "stock": 1
        },
        "2013-04-25": {
            "cash": 2.01,
            "stock": 0
        },
        "2014-06-06": {
            "cash": 2.7,
            "stock": 0
        },
        "2015-07-24": {
            "cash": 3.8,
            "stock": 0
        },
        "2016-08-10": {
            "cash": 2.5,
            "stock": 0
        },
        "2017-08-03": {
            "cash": 2,
            "stock": 0
        },
        "2018-08-31": {
            "cash": 2,
            "stock": 0
        },
        "2019-08-28": {
            "cash": 3.6,
            "stock": 0
        },
        "2020-09-16": {
            "cash": 5,
            "stock": 0
        },
        "2021-09-29": {
            "cash": 6,
            "stock": 0
        },
        "2022-08-10": {
            "cash": 6,
            "stock": 1
        },
        "2023-03-21": {
            "cash": 12,
            "stock": 0
        }
    },
    "prices": {
        "200101": "無",
        "200102": "無",
        "200103": "無",
        "200104": "無",
        "200105": "無",
        "200106": "無",
        "200107": "無",
        "200108": "無",
        "200109": "無",
        "200110": "無",
        "200111": "無",
        "200112": "無",
        "200201": "無",
        "200202": "無",
        "200203": "無",
        "200204": "無",
        "200205": "無",
        "200206": "無",
        "200207": "無",
        "200208": "無",
        "200209": "無",
        "200210": "無",
        "200211": "無",
        "200212": "無",
        "200301": "無",
        "200302": "無",
        "200303": "無",
        "200304": "無",
        "200305": "無",
        "200306": "無",
        "200307": "無",
        "200308": "無",
        "200309": "無",
        "200310": "無",
        "200311": "無",
        "200312": "無",
        "200401": "無",
        "200402": "無",
        "200403": "無",
        "200404": "無",
        "200405": "無",
        "200406": "無",
        "200407": "無",
        "200408": "無",
        "200409": "無",
        "200410": "無",
        "200411": "無",
        "200412": "無",
        "200501": "無",
        "200502": "無",
        "200503": "無",
        "200504": "無",
        "200505": "無",
        "200506": "無",
        "200507": "無",
        "200508": "無",
        "200509": "無",
        "200510": "無",
        "200511": "無",
        "200512": "無",
        "200601": "無",
        "200602": "無",
        "200603": "無",
        "200604": "無",
        "200605": "無",
        "200606": "無",
        "200607": "無",
        "200608": "無",
        "200609": "無",
        "200610": "無",
        "200611": "無",
        "200612": "無",
        "200701": "無",
        "200702": "無",
        "200703": "無",
        "200704": "無",
        "200705": "無",
        "200706": "無",
        "200707": "無",
        "200708": "無",
        "200709": "無",
        "200710": "無",
        "200711": "無",
        "200712": "無",
        "200801": "無",
        "200802": "無",
        "200803": "無",
        "200804": "無",
        "200805": "無",
        "200806": "無",
        "200807": "無",
        "200808": "無",
        "200809": "無",
        "200810": "無",
        "200811": "41.84",
        "200812": "31.95",
        "200901": "31.11",
        "200902": "32.52",
        "200903": "41.51",
        "200904": "46.18",
        "200905": "53.60",
        "200906": "57.56",
        "200907": "77.26",
        "200908": "112.30",
        "200909": "121.62",
        "200910": "126.11",
        "200911": "156.50",
        "200912": "185.85",
        "201001": "166.88",
        "201002": "138.11",
        "201003": "154.48",
        "201004": "174.81",
        "201005": "206.69",
        "201006": "225.45",
        "201007": "241.27",
        "201008": "217.02",
        "201009": "187.88",
        "201010": "163.38",
        "201011": "171.52",
        "201012": "175.22",
        "201101": "158.50",
        "201102": "147.86",
        "201103": "126.37",
        "201104": "126.16",
        "201105": "126.81",
        "201106": "133.43",
        "201107": "122.83",
        "201108": "85.80",
        "201109": "75.72",
        "201110": "77.38",
        "201111": "81.55",
        "201112": "67.85",
        "201201": "70.28",
        "201202": "102.79",
        "201203": "109.52",
        "201204": "83.55",
        "201205": "83.87",
        "201206": "80.40",
        "201207": "82.84",
        "201208": "89.96",
        "201209": "86.10",
        "201210": "70.81",
        "201211": "59.99",
        "201212": "65.66",
        "201301": "63.66",
        "201302": "62.31",
        "201303": "61.31",
        "201304": "58.09",
        "201305": "60.07",
        "201306": "61.30",
        "201307": "56.43",
        "201308": "49.72",
        "201309": "52.64",
        "201310": "54.34",
        "201311": "60.43",
        "201312": "74.70",
        "201401": "84.76",
        "201402": "82.65",
        "201403": "95.42",
        "201404": "116.60",
        "201405": "109.31",
        "201406": "122.42",
        "201407": "97.13",
        "201408": "88.60",
        "201409": "82.07",
        "201410": "71.04",
        "201411": "66.78",
        "201412": "74.27",
        "201501": "76.34",
        "201502": "73.22",
        "201503": "73.03",
        "201504": "68.80",
        "201505": "61.54",
        "201506": "55.02",
        "201507": "49.71",
        "201508": "41.45",
        "201509": "44.42",
        "201510": "46.59",
        "201511": "44.13",
        "201512": "45.12",
        "201601": "40.21",
        "201602": "42.75",
        "201603": "46.67",
        "201604": "43.76",
        "201605": "40.63",
        "201606": "42.57",
        "201607": "45.91",
        "201608": "59.52",
        "201609": "58.67",
        "201610": "52.88",
        "201611": "46.28",
        "201612": "48.08",
        "201701": "49.92",
        "201702": "56.18",
        "201703": "63.07",
        "201704": "66.37",
        "201705": "68.91",
        "201706": "80.82",
        "201707": "73.44",
        "201708": "68.22",
        "201709": "72.03",
        "201710": "78.66",
        "201711": "72.11",
        "201712": "68.24",
        "201801": "70.04",
        "201802": "65.62",
        "201803": "66.77",
        "201804": "64.54",
        "201805": "65.18",
        "201806": "70.71",
        "201807": "68.50",
        "201808": "65.97",
        "201809": "80.58",
        "201810": "64.30",
        "201811": "67.56",
        "201812": "77.12",
        "201901": "81.60",
        "201902": "96.38",
        "201903": "108.10",
        "201904": "122.05",
        "201905": "105.80",
        "201906": "118.03",
        "201907": "127.48",
        "201908": "142.95",
        "201909": "137.18",
        "201910": "144.36",
        "201911": "186.21",
        "201912": "203.82",
        "202001": "226.37",
        "202002": "224.05",
        "202003": "171.43",
        "202004": "201.62",
        "202005": "218.70",
        "202006": "269.90",
        "202007": "300.50",
        "202008": "315.48",
        "202009": "299.00",
        "202010": "316.39",
        "202011": "277.48",
        "202012": "265.37",
        "202101": "298.28",
        "202102": "313.96",
        "202103": "295.45",
        "202104": "284.58",
        "202105": "253.86",
        "202106": "295.74",
        "202107": "320.98",
        "202108": "306.89",
        "202109": "308.72",
        "202110": "354.75",
        "202111": "399.16",
        "202112": "418.43",
        "202201": "393.31",
        "202202": "395.80",
        "202203": "376.13",
        "202204": "390.53",
        "202205": "365.02",
        "202206": "371.31",
        "202207": "336.33",
        "202208": "394.39",
        "202209": "381.07",
        "202210": "366.05",
        "202211": "378.82",
        "202212": "388.27",
        "202301": "378.50",
        "202302": "400.56",
        "202303": "423.96",
        "202304": "467.79",
        "202305": "471.73"
    },
    "quarters": {
        "20011": {
            "year_quarter": 20011,
            "year": 2001,
            "quarter": 1,
            "eps": null,
            "eps_growth_year": null,
            "eps_4q": null,
            "eps_4q_growth_year": null,
            "roe": null,
            "gross_profit": null,
            "gross_margin": null,
            "net_income": null,
            "revenue": null,
            "common_shares": null,
            "equity": null,
            "current_ratio": null,
            "debt_ratio": null,
            "inventory_turnover_ratio": null,
            "account_receivable_turnover_ratio": null,
            "reinvestment_rate": null,
            "research_to_sale_ratio": null,
            "price_fair": 0,
            "eps_avg_yearly": 0,
            "eps_latest_yearly": 0,
            "eps_growth_yearly": 0
        },
        "20012": {
            "year_quarter": 20012,
            "year": 2001,
            "quarter": 2,
            "eps": null,
            "eps_growth_year": null,
            "eps_4q": null,
            "eps_4q_growth_year": null,
            "roe": null,
            "gross_profit": null,
            "gross_margin": null,
            "net_income": null,
            "revenue": null,
            "common_shares": null,
            "equity": null,
            "current_ratio": null,
            "debt_ratio": null,
            "inventory_turnover_ratio": null,
            "account_receivable_turnover_ratio": null,
            "reinvestment_rate": null,
            "research_to_sale_ratio": null,
            "price_fair": 0,
            "eps_avg_yearly": 0,
            "eps_latest_yearly": 0,
            "eps_growth_yearly": 0
        },
        "20013": {
            "year_quarter": 20013,
            "year": 2001,
            "quarter": 3,
            "eps": null,
            "eps_growth_year": null,
            "eps_4q": null,
            "eps_4q_growth_year": null,
            "roe": null,
            "gross_profit": null,
            "gross_margin": null,
            "net_income": null,
            "revenue": null,
            "common_shares": null,
            "equity": null,
            "current_ratio": null,
            "debt_ratio": null,
            "inventory_turnover_ratio": null,
            "account_receivable_turnover_ratio": null,
            "reinvestment_rate": null,
            "research_to_sale_ratio": null,
            "price_fair": 0,
            "eps_avg_yearly": 0,
            "eps_latest_yearly": 0,
            "eps_growth_yearly": 0
        },
        "20014": {
            "year_quarter": 20014,
            "year": 2001,
            "quarter": 4,
            "eps": null,
            "eps_growth_year": null,
            "eps_4q": null,
            "eps_4q_growth_year": null,
            "roe": null,
            "gross_profit": null,
            "gross_margin": null,
            "net_income": null,
            "revenue": null,
            "common_shares": null,
            "equity": null,
            "current_ratio": null,
            "debt_ratio": null,
            "inventory_turnover_ratio": null,
            "account_receivable_turnover_ratio": null,
            "reinvestment_rate": null,
            "research_to_sale_ratio": null,
            "price_fair": 0,
            "eps_avg_yearly": 0,
            "eps_latest_yearly": 0,
            "eps_growth_yearly": 0
        },
        "20021": {
            "year_quarter": 20021,
            "year": 2002,
            "quarter": 1,
            "eps": null,
            "eps_growth_year": null,
            "eps_4q": null,
            "eps_4q_growth_year": null,
            "roe": null,
            "gross_profit": null,
            "gross_margin": null,
            "net_income": null,
            "revenue": null,
            "common_shares": null,
            "equity": null,
            "current_ratio": null,
            "debt_ratio": null,
            "inventory_turnover_ratio": null,
            "account_receivable_turnover_ratio": null,
            "reinvestment_rate": null,
            "research_to_sale_ratio": null,
            "price_fair": 0,
            "eps_avg_yearly": 0,
            "eps_latest_yearly": 0,
            "eps_growth_yearly": 0
        },
        "20022": {
            "year_quarter": 20022,
            "year": 2002,
            "quarter": 2,
            "eps": null,
            "eps_growth_year": null,
            "eps_4q": null,
            "eps_4q_growth_year": null,
            "roe": null,
            "gross_profit": null,
            "gross_margin": null,
            "net_income": null,
            "revenue": null,
            "common_shares": null,
            "equity": null,
            "current_ratio": null,
            "debt_ratio": null,
            "inventory_turnover_ratio": null,
            "account_receivable_turnover_ratio": null,
            "reinvestment_rate": null,
            "research_to_sale_ratio": null,
            "price_fair": 0,
            "eps_avg_yearly": 0,
            "eps_latest_yearly": 0,
            "eps_growth_yearly": 0
        },
        "20023": {
            "year_quarter": 20023,
            "year": 2002,
            "quarter": 3,
            "eps": null,
            "eps_growth_year": null,
            "eps_4q": null,
            "eps_4q_growth_year": null,
            "roe": null,
            "gross_profit": null,
            "gross_margin": null,
            "net_income": null,
            "revenue": null,
            "common_shares": null,
            "equity": null,
            "current_ratio": null,
            "debt_ratio": null,
            "inventory_turnover_ratio": null,
            "account_receivable_turnover_ratio": null,
            "reinvestment_rate": null,
            "research_to_sale_ratio": null,
            "price_fair": 0,
            "eps_avg_yearly": 0,
            "eps_latest_yearly": 0,
            "eps_growth_yearly": 0
        },
        "20024": {
            "year_quarter": 20024,
            "year": 2002,
            "quarter": 4,
            "eps": null,
            "eps_growth_year": null,
            "eps_4q": null,
            "eps_4q_growth_year": null,
            "roe": null,
            "gross_profit": null,
            "gross_margin": null,
            "net_income": null,
            "revenue": null,
            "common_shares": null,
            "equity": null,
            "current_ratio": null,
            "debt_ratio": null,
            "inventory_turnover_ratio": null,
            "account_receivable_turnover_ratio": null,
            "reinvestment_rate": null,
            "research_to_sale_ratio": null,
            "price_fair": 0,
            "eps_avg_yearly": 0,
            "eps_latest_yearly": 0,
            "eps_growth_yearly": 0
        },
        "20031": {
            "year_quarter": 20031,
            "year": 2003,
            "quarter": 1,
            "eps": null,
            "eps_growth_year": null,
            "eps_4q": null,
            "eps_4q_growth_year": null,
            "roe": null,
            "gross_profit": null,
            "gross_margin": null,
            "net_income": null,
            "revenue": null,
            "common_shares": null,
            "equity": null,
            "current_ratio": null,
            "debt_ratio": null,
            "inventory_turnover_ratio": null,
            "account_receivable_turnover_ratio": null,
            "reinvestment_rate": null,
            "research_to_sale_ratio": null,
            "price_fair": 0,
            "eps_avg_yearly": 0,
            "eps_latest_yearly": 0,
            "eps_growth_yearly": 0
        },
        "20032": {
            "year_quarter": 20032,
            "year": 2003,
            "quarter": 2,
            "eps": null,
            "eps_growth_year": null,
            "eps_4q": null,
            "eps_4q_growth_year": null,
            "roe": null,
            "gross_profit": null,
            "gross_margin": null,
            "net_income": null,
            "revenue": null,
            "common_shares": null,
            "equity": null,
            "current_ratio": null,
            "debt_ratio": null,
            "inventory_turnover_ratio": null,
            "account_receivable_turnover_ratio": null,
            "reinvestment_rate": null,
            "research_to_sale_ratio": null,
            "price_fair": 0,
            "eps_avg_yearly": 0,
            "eps_latest_yearly": 0,
            "eps_growth_yearly": 0
        },
        "20033": {
            "year_quarter": 20033,
            "year": 2003,
            "quarter": 3,
            "eps": null,
            "eps_growth_year": null,
            "eps_4q": null,
            "eps_4q_growth_year": null,
            "roe": null,
            "gross_profit": null,
            "gross_margin": null,
            "net_income": null,
            "revenue": null,
            "common_shares": null,
            "equity": null,
            "current_ratio": null,
            "debt_ratio": null,
            "inventory_turnover_ratio": null,
            "account_receivable_turnover_ratio": null,
            "reinvestment_rate": null,
            "research_to_sale_ratio": null,
            "price_fair": 0,
            "eps_avg_yearly": 0,
            "eps_latest_yearly": 0,
            "eps_growth_yearly": 0
        },
        "20034": {
            "year_quarter": 20034,
            "year": 2003,
            "quarter": 4,
            "eps": null,
            "eps_growth_year": null,
            "eps_4q": null,
            "eps_4q_growth_year": null,
            "roe": null,
            "gross_profit": null,
            "gross_margin": null,
            "net_income": null,
            "revenue": null,
            "common_shares": 84500,
            "equity": 166464,
            "current_ratio": 106.98,
            "debt_ratio": 68.46,
            "inventory_turnover_ratio": null,
            "account_receivable_turnover_ratio": null,
            "reinvestment_rate": null,
            "research_to_sale_ratio": null,
            "price_fair": 0,
            "eps_avg_yearly": 0,
            "eps_latest_yearly": 0,
            "eps_growth_yearly": 0
        },
        "20041": {
            "year_quarter": 20041,
            "year": 2004,
            "quarter": 1,
            "eps": null,
            "eps_growth_year": null,
            "eps_4q": null,
            "eps_4q_growth_year": null,
            "roe": null,
            "gross_profit": null,
            "gross_margin": null,
            "net_income": null,
            "revenue": null,
            "common_shares": null,
            "equity": null,
            "current_ratio": null,
            "debt_ratio": null,
            "inventory_turnover_ratio": null,
            "account_receivable_turnover_ratio": null,
            "reinvestment_rate": null,
            "research_to_sale_ratio": null,
            "price_fair": 0,
            "eps_avg_yearly": 0,
            "eps_latest_yearly": 0,
            "eps_growth_yearly": 0
        },
        "20042": {
            "year_quarter": 20042,
            "year": 2004,
            "quarter": 2,
            "eps": null,
            "eps_growth_year": null,
            "eps_4q": null,
            "eps_4q_growth_year": null,
            "roe": null,
            "gross_profit": null,
            "gross_margin": null,
            "net_income": null,
            "revenue": null,
            "common_shares": null,
            "equity": null,
            "current_ratio": null,
            "debt_ratio": null,
            "inventory_turnover_ratio": null,
            "account_receivable_turnover_ratio": null,
            "reinvestment_rate": null,
            "research_to_sale_ratio": null,
            "price_fair": 0,
            "eps_avg_yearly": 0,
            "eps_latest_yearly": 0,
            "eps_growth_yearly": 0
        },
        "20043": {
            "year_quarter": 20043,
            "year": 2004,
            "quarter": 3,
            "eps": null,
            "eps_growth_year": null,
            "eps_4q": null,
            "eps_4q_growth_year": null,
            "roe": null,
            "gross_profit": null,
            "gross_margin": null,
            "net_income": null,
            "revenue": null,
            "common_shares": null,
            "equity": null,
            "current_ratio": null,
            "debt_ratio": null,
            "inventory_turnover_ratio": null,
            "account_receivable_turnover_ratio": null,
            "reinvestment_rate": null,
            "research_to_sale_ratio": null,
            "price_fair": 0,
            "eps_avg_yearly": 0,
            "eps_latest_yearly": 0,
            "eps_growth_yearly": 0
        },
        "20044": {
            "year_quarter": 20044,
            "year": 2004,
            "quarter": 4,
            "eps": null,
            "eps_growth_year": null,
            "eps_4q": null,
            "eps_4q_growth_year": null,
            "roe": null,
            "gross_profit": null,
            "gross_margin": null,
            "net_income": null,
            "revenue": null,
            "common_shares": 84500,
            "equity": 187553,
            "current_ratio": 104.3,
            "debt_ratio": 68.95,
            "inventory_turnover_ratio": null,
            "account_receivable_turnover_ratio": null,
            "reinvestment_rate": null,
            "research_to_sale_ratio": null,
            "price_fair": 0,
            "eps_avg_yearly": 0,
            "eps_latest_yearly": 0,
            "eps_growth_yearly": 0
        },
        "20051": {
            "year_quarter": 20051,
            "year": 2005,
            "quarter": 1,
            "eps": null,
            "eps_growth_year": null,
            "eps_4q": null,
            "eps_4q_growth_year": null,
            "roe": null,
            "gross_profit": null,
            "gross_margin": null,
            "net_income": null,
            "revenue": null,
            "common_shares": null,
            "equity": null,
            "current_ratio": null,
            "debt_ratio": null,
            "inventory_turnover_ratio": null,
            "account_receivable_turnover_ratio": null,
            "reinvestment_rate": null,
            "research_to_sale_ratio": null,
            "price_fair": 0,
            "eps_avg_yearly": 0,
            "eps_latest_yearly": 0,
            "eps_growth_yearly": 0
        },
        "20052": {
            "year_quarter": 20052,
            "year": 2005,
            "quarter": 2,
            "eps": null,
            "eps_growth_year": null,
            "eps_4q": null,
            "eps_4q_growth_year": null,
            "roe": null,
            "gross_profit": null,
            "gross_margin": null,
            "net_income": null,
            "revenue": null,
            "common_shares": null,
            "equity": null,
            "current_ratio": null,
            "debt_ratio": null,
            "inventory_turnover_ratio": null,
            "account_receivable_turnover_ratio": null,
            "reinvestment_rate": null,
            "research_to_sale_ratio": null,
            "price_fair": 0,
            "eps_avg_yearly": 0,
            "eps_latest_yearly": 0,
            "eps_growth_yearly": 0
        },
        "20053": {
            "year_quarter": 20053,
            "year": 2005,
            "quarter": 3,
            "eps": null,
            "eps_growth_year": null,
            "eps_4q": null,
            "eps_4q_growth_year": null,
            "roe": null,
            "gross_profit": null,
            "gross_margin": null,
            "net_income": null,
            "revenue": null,
            "common_shares": null,
            "equity": null,
            "current_ratio": null,
            "debt_ratio": null,
            "inventory_turnover_ratio": null,
            "account_receivable_turnover_ratio": null,
            "reinvestment_rate": null,
            "research_to_sale_ratio": null,
            "price_fair": 0,
            "eps_avg_yearly": 0,
            "eps_latest_yearly": 0,
            "eps_growth_yearly": 0
        },
        "20054": {
            "year_quarter": 20054,
            "year": 2005,
            "quarter": 4,
            "eps": null,
            "eps_growth_year": null,
            "eps_4q": null,
            "eps_4q_growth_year": null,
            "roe": null,
            "gross_profit": null,
            "gross_margin": null,
            "net_income": null,
            "revenue": null,
            "common_shares": 84500,
            "equity": 236761,
            "current_ratio": 108.4,
            "debt_ratio": 68.19,
            "inventory_turnover_ratio": null,
            "account_receivable_turnover_ratio": null,
            "reinvestment_rate": null,
            "research_to_sale_ratio": null,
            "price_fair": 0,
            "eps_avg_yearly": 0,
            "eps_latest_yearly": 0,
            "eps_growth_yearly": 0
        },
        "20061": {
            "year_quarter": 20061,
            "year": 2006,
            "quarter": 1,
            "eps": null,
            "eps_growth_year": null,
            "eps_4q": null,
            "eps_4q_growth_year": null,
            "roe": null,
            "gross_profit": null,
            "gross_margin": null,
            "net_income": null,
            "revenue": null,
            "common_shares": null,
            "equity": null,
            "current_ratio": null,
            "debt_ratio": null,
            "inventory_turnover_ratio": null,
            "account_receivable_turnover_ratio": null,
            "reinvestment_rate": null,
            "research_to_sale_ratio": null,
            "price_fair": 0,
            "eps_avg_yearly": 0,
            "eps_latest_yearly": 0,
            "eps_growth_yearly": 0
        },
        "20062": {
            "year_quarter": 20062,
            "year": 2006,
            "quarter": 2,
            "eps": null,
            "eps_growth_year": null,
            "eps_4q": null,
            "eps_4q_growth_year": null,
            "roe": null,
            "gross_profit": null,
            "gross_margin": null,
            "net_income": null,
            "revenue": null,
            "common_shares": null,
            "equity": null,
            "current_ratio": null,
            "debt_ratio": null,
            "inventory_turnover_ratio": null,
            "account_receivable_turnover_ratio": null,
            "reinvestment_rate": null,
            "research_to_sale_ratio": null,
            "price_fair": 0,
            "eps_avg_yearly": 0,
            "eps_latest_yearly": 0,
            "eps_growth_yearly": 0
        },
        "20063": {
            "year_quarter": 20063,
            "year": 2006,
            "quarter": 3,
            "eps": null,
            "eps_growth_year": null,
            "eps_4q": null,
            "eps_4q_growth_year": null,
            "roe": null,
            "gross_profit": null,
            "gross_margin": null,
            "net_income": null,
            "revenue": null,
            "common_shares": null,
            "equity": null,
            "current_ratio": null,
            "debt_ratio": null,
            "inventory_turnover_ratio": null,
            "account_receivable_turnover_ratio": null,
            "reinvestment_rate": null,
            "research_to_sale_ratio": null,
            "price_fair": 0,
            "eps_avg_yearly": 0,
            "eps_latest_yearly": 0,
            "eps_growth_yearly": 0
        },
        "20064": {
            "year_quarter": 20064,
            "year": 2006,
            "quarter": 4,
            "eps": null,
            "eps_growth_year": null,
            "eps_4q": null,
            "eps_4q_growth_year": null,
            "roe": null,
            "gross_profit": null,
            "gross_margin": null,
            "net_income": null,
            "revenue": null,
            "common_shares": 234500,
            "equity": 515133,
            "current_ratio": 145.01,
            "debt_ratio": 56.45,
            "inventory_turnover_ratio": null,
            "account_receivable_turnover_ratio": null,
            "reinvestment_rate": null,
            "research_to_sale_ratio": null,
            "price_fair": 0,
            "eps_avg_yearly": 0,
            "eps_latest_yearly": 0,
            "eps_growth_yearly": 0
        },
        "20071": {
            "year_quarter": 20071,
            "year": 2007,
            "quarter": 1,
            "eps": null,
            "eps_growth_year": null,
            "eps_4q": null,
            "eps_4q_growth_year": null,
            "roe": null,
            "gross_profit": null,
            "gross_margin": null,
            "net_income": null,
            "revenue": null,
            "common_shares": null,
            "equity": null,
            "current_ratio": null,
            "debt_ratio": null,
            "inventory_turnover_ratio": null,
            "account_receivable_turnover_ratio": null,
            "reinvestment_rate": null,
            "research_to_sale_ratio": null,
            "price_fair": 0,
            "eps_avg_yearly": 0,
            "eps_latest_yearly": 0,
            "eps_growth_yearly": 0
        },
        "20072": {
            "year_quarter": 20072,
            "year": 2007,
            "quarter": 2,
            "eps": null,
            "eps_growth_year": null,
            "eps_4q": null,
            "eps_4q_growth_year": null,
            "roe": null,
            "gross_profit": null,
            "gross_margin": null,
            "net_income": null,
            "revenue": null,
            "common_shares": null,
            "equity": null,
            "current_ratio": null,
            "debt_ratio": null,
            "inventory_turnover_ratio": null,
            "account_receivable_turnover_ratio": null,
            "reinvestment_rate": null,
            "research_to_sale_ratio": null,
            "price_fair": 0,
            "eps_avg_yearly": 0,
            "eps_latest_yearly": 0,
            "eps_growth_yearly": 0
        },
        "20073": {
            "year_quarter": 20073,
            "year": 2007,
            "quarter": 3,
            "eps": null,
            "eps_growth_year": null,
            "eps_4q": null,
            "eps_4q_growth_year": null,
            "roe": null,
            "gross_profit": null,
            "gross_margin": null,
            "net_income": null,
            "revenue": null,
            "common_shares": null,
            "equity": null,
            "current_ratio": null,
            "debt_ratio": null,
            "inventory_turnover_ratio": null,
            "account_receivable_turnover_ratio": null,
            "reinvestment_rate": null,
            "research_to_sale_ratio": null,
            "price_fair": 0,
            "eps_avg_yearly": 0,
            "eps_latest_yearly": 0,
            "eps_growth_yearly": 0
        },
        "20074": {
            "year_quarter": 20074,
            "year": 2007,
            "quarter": 4,
            "eps": null,
            "eps_growth_year": null,
            "eps_4q": null,
            "eps_4q_growth_year": null,
            "roe": null,
            "gross_profit": null,
            "gross_margin": null,
            "net_income": null,
            "revenue": null,
            "common_shares": 524830,
            "equity": 1528432,
            "current_ratio": 250.79,
            "debt_ratio": 32.34,
            "inventory_turnover_ratio": null,
            "account_receivable_turnover_ratio": null,
            "reinvestment_rate": null,
            "research_to_sale_ratio": null,
            "price_fair": 0,
            "eps_avg_yearly": 0,
            "eps_latest_yearly": 0,
            "eps_growth_yearly": 0
        },
        "20081": {
            "year_quarter": 20081,
            "year": 2008,
            "quarter": 1,
            "eps": 1.32,
            "eps_growth_year": null,
            "eps_4q": null,
            "eps_4q_growth_year": null,
            "roe": 5.27,
            "gross_profit": 143124,
            "gross_margin": 27.47,
            "net_income": 82640,
            "revenue": 521041,
            "common_shares": 524830,
            "equity": 1605028,
            "current_ratio": 323.9,
            "debt_ratio": 25.91,
            "inventory_turnover_ratio": 1.21,
            "account_receivable_turnover_ratio": null,
            "reinvestment_rate": null,
            "research_to_sale_ratio": null,
            "price_fair": 0,
            "eps_avg_yearly": 0,
            "eps_latest_yearly": 0,
            "eps_growth_yearly": 0
        },
        "20082": {
            "year_quarter": 20082,
            "year": 2008,
            "quarter": 2,
            "eps": 1.27,
            "eps_growth_year": null,
            "eps_4q": null,
            "eps_4q_growth_year": null,
            "roe": 4.89,
            "gross_profit": 162673,
            "gross_margin": 27.36,
            "net_income": 79602,
            "revenue": 594655,
            "common_shares": 626055,
            "equity": 1650770,
            "current_ratio": 323.44,
            "debt_ratio": 24.82,
            "inventory_turnover_ratio": 1.56,
            "account_receivable_turnover_ratio": null,
            "reinvestment_rate": null,
            "research_to_sale_ratio": null,
            "price_fair": 15.24,
            "eps_avg_yearly": 5.08,
            "eps_latest_yearly": 5.08,
            "eps_growth_yearly": -15.15
        },
        "20083": {
            "year_quarter": 20083,
            "year": 2008,
            "quarter": 3,
            "eps": 1.61,
            "eps_growth_year": null,
            "eps_4q": null,
            "eps_4q_growth_year": null,
            "roe": 5.9,
            "gross_profit": 148878,
            "gross_margin": 27.4,
            "net_income": 100930,
            "revenue": 543366,
            "common_shares": 626055,
            "equity": 1771037,
            "current_ratio": 325.72,
            "debt_ratio": 23.26,
            "inventory_turnover_ratio": 1.37,
            "account_receivable_turnover_ratio": null,
            "reinvestment_rate": null,
            "research_to_sale_ratio": null,
            "price_fair": 201.6,
            "eps_avg_yearly": 5.76,
            "eps_latest_yearly": 6.44,
            "eps_growth_yearly": 45.97
        },
        "20084": {
            "year_quarter": 20084,
            "year": 2008,
            "quarter": 4,
            "eps": 1.23,
            "eps_growth_year": null,
            "eps_4q": 5.45,
            "eps_4q_growth_year": null,
            "roe": 4.24,
            "gross_profit": 143400,
            "gross_margin": 31.03,
            "net_income": 76716,
            "revenue": 462125,
            "common_shares": 626055,
            "equity": 1850401,
            "current_ratio": 243.66,
            "debt_ratio": 27.98,
            "inventory_turnover_ratio": 0.97,
            "account_receivable_turnover_ratio": 2.94,
            "reinvestment_rate": null,
            "research_to_sale_ratio": null,
            "price_fair": 16.44,
            "eps_avg_yearly": 5.48,
            "eps_latest_yearly": 4.92,
            "eps_growth_yearly": -0.82
        },
        "20091": {
            "year_quarter": 20091,
            "year": 2009,
            "quarter": 1,
            "eps": 0.73,
            "eps_growth_year": -44.7,
            "eps_4q": 4.86,
            "eps_4q_growth_year": null,
            "roe": 2.42,
            "gross_profit": 92064,
            "gross_margin": 23.3,
            "net_income": 45435,
            "revenue": 395098,
            "common_shares": 626055,
            "equity": 1908351,
            "current_ratio": 207.42,
            "debt_ratio": 26.28,
            "inventory_turnover_ratio": 0.92,
            "account_receivable_turnover_ratio": 1.11,
            "reinvestment_rate": null,
            "research_to_sale_ratio": null,
            "price_fair": 14.52,
            "eps_avg_yearly": 4.84,
            "eps_latest_yearly": 2.92,
            "eps_growth_yearly": -41.27
        },
        "20092": {
            "year_quarter": 20092,
            "year": 2009,
            "quarter": 2,
            "eps": 0.63,
            "eps_growth_year": -50.39,
            "eps_4q": 4.02,
            "eps_4q_growth_year": null,
            "roe": 2.23,
            "gross_profit": 134847,
            "gross_margin": 24.53,
            "net_income": 41510,
            "revenue": 549742,
            "common_shares": 626055,
            "equity": 1817329,
            "current_ratio": 173.04,
            "debt_ratio": 28.73,
            "inventory_turnover_ratio": 1.43,
            "account_receivable_turnover_ratio": 1.46,
            "reinvestment_rate": null,
            "research_to_sale_ratio": null,
            "price_fair": 13.13,
            "eps_avg_yearly": 4.38,
            "eps_latest_yearly": 2.52,
            "eps_growth_yearly": -43.97
        },
        "20093": {
            "year_quarter": 20093,
            "year": 2009,
            "quarter": 3,
            "eps": 2.29,
            "eps_growth_year": 42.24,
            "eps_4q": 4.78,
            "eps_4q_growth_year": null,
            "roe": 7.99,
            "gross_profit": 259796,
            "gross_margin": 39.46,
            "net_income": 150808,
            "revenue": 658314,
            "common_shares": 659357,
            "equity": 1959538,
            "current_ratio": 198.95,
            "debt_ratio": 26.92,
            "inventory_turnover_ratio": 1.35,
            "account_receivable_turnover_ratio": 1.25,
            "reinvestment_rate": null,
            "research_to_sale_ratio": null,
            "price_fair": 181.07,
            "eps_avg_yearly": 5.17,
            "eps_latest_yearly": 9.16,
            "eps_growth_yearly": 139.02
        },
        "20094": {
            "year_quarter": 20094,
            "year": 2009,
            "quarter": 4,
            "eps": 2.07,
            "eps_growth_year": 68.29,
            "eps_4q": 5.19,
            "eps_4q_growth_year": -4.73,
            "roe": 6.03,
            "gross_profit": 252947,
            "gross_margin": 35.81,
            "net_income": 137608,
            "revenue": 706345,
            "common_shares": 723027,
            "equity": 2606306,
            "current_ratio": 236.48,
            "debt_ratio": 26.03,
            "inventory_turnover_ratio": 1.24,
            "account_receivable_turnover_ratio": 2.45,
            "reinvestment_rate": null,
            "research_to_sale_ratio": null,
            "price_fair": 196.6,
            "eps_avg_yearly": 5.62,
            "eps_latest_yearly": 8.28,
            "eps_growth_yearly": 113.67
        },
        "20101": {
            "year_quarter": 20101,
            "year": 2010,
            "quarter": 1,
            "eps": 1.9,
            "eps_growth_year": 160.27,
            "eps_4q": 6.46,
            "eps_4q_growth_year": 32.83,
            "roe": 5.13,
            "gross_profit": 239925,
            "gross_margin": 33.17,
            "net_income": 137125,
            "revenue": 723226,
            "common_shares": 723027,
            "equity": 2741047,
            "current_ratio": 237.45,
            "debt_ratio": 28.63,
            "inventory_turnover_ratio": 1.03,
            "account_receivable_turnover_ratio": 1.18,
            "reinvestment_rate": null,
            "research_to_sale_ratio": 4.94,
            "price_fair": 205.28,
            "eps_avg_yearly": 5.87,
            "eps_latest_yearly": 7.6,
            "eps_growth_yearly": 95.35
        },
        "20102": {
            "year_quarter": 20102,
            "year": 2010,
            "quarter": 2,
            "eps": 2.4,
            "eps_growth_year": 280.99,
            "eps_4q": 7.59,
            "eps_4q_growth_year": 89.1,
            "roe": 6.64,
            "gross_profit": 331868,
            "gross_margin": 32.79,
            "net_income": 196659,
            "revenue": 1012141,
            "common_shares": 747038,
            "equity": 3182339,
            "current_ratio": 254.85,
            "debt_ratio": 33.04,
            "inventory_turnover_ratio": 1.17,
            "account_receivable_turnover_ratio": 1.31,
            "reinvestment_rate": null,
            "research_to_sale_ratio": 4.38,
            "price_fair": 219.8,
            "eps_avg_yearly": 6.28,
            "eps_latest_yearly": 9.6,
            "eps_growth_yearly": 96.45
        },
        "20103": {
            "year_quarter": 20103,
            "year": 2010,
            "quarter": 3,
            "eps": 2.05,
            "eps_growth_year": -10.62,
            "eps_4q": 7.72,
            "eps_4q_growth_year": 61.58,
            "roe": 5.08,
            "gross_profit": 325016,
            "gross_margin": 33.13,
            "net_income": 170208,
            "revenue": 980936,
            "common_shares": 819341,
            "equity": 3517154,
            "current_ratio": 272.3,
            "debt_ratio": 28.09,
            "inventory_turnover_ratio": 0.97,
            "account_receivable_turnover_ratio": 1.11,
            "reinvestment_rate": null,
            "research_to_sale_ratio": 4.44,
            "price_fair": 226.52,
            "eps_avg_yearly": 6.47,
            "eps_latest_yearly": 8.2,
            "eps_growth_yearly": 80.97
        },
        "20104": {
            "year_quarter": 20104,
            "year": 2010,
            "quarter": 4,
            "eps": 0.44,
            "eps_growth_year": -78.76,
            "eps_4q": 6.48,
            "eps_4q_growth_year": 24.88,
            "roe": 1.04,
            "gross_profit": 206548,
            "gross_margin": 24.82,
            "net_income": 36660,
            "revenue": 832281,
            "common_shares": 833896,
            "equity": 3558381,
            "current_ratio": 269.12,
            "debt_ratio": 27.21,
            "inventory_turnover_ratio": 0.87,
            "account_receivable_turnover_ratio": 1.01,
            "reinvestment_rate": null,
            "research_to_sale_ratio": 6.52,
            "price_fair": 211.53,
            "eps_avg_yearly": 6.04,
            "eps_latest_yearly": 1.76,
            "eps_growth_yearly": 45.05
        },
        "20111": {
            "year_quarter": 20111,
            "year": 2011,
            "quarter": 1,
            "eps": 1.46,
            "eps_growth_year": -23.16,
            "eps_4q": 6.3,
            "eps_4q_growth_year": -2.45,
            "roe": 3.37,
            "gross_profit": 238983,
            "gross_margin": 25.92,
            "net_income": 121959,
            "revenue": 921971,
            "common_shares": 833896,
            "equity": 3685829,
            "current_ratio": 296.55,
            "debt_ratio": 24.6,
            "inventory_turnover_ratio": 0.95,
            "account_receivable_turnover_ratio": 1.13,
            "reinvestment_rate": null,
            "research_to_sale_ratio": 5.44,
            "price_fair": 210.93,
            "eps_avg_yearly": 6.03,
            "eps_latest_yearly": 5.84,
            "eps_growth_yearly": 118.57
        },
        "20112": {
            "year_quarter": 20112,
            "year": 2011,
            "quarter": 2,
            "eps": 1.09,
            "eps_growth_year": -54.57,
            "eps_4q": 4.67,
            "eps_4q_growth_year": -38.44,
            "roe": 2.8,
            "gross_profit": 259568,
            "gross_margin": 27.04,
            "net_income": 100020,
            "revenue": 960023,
            "common_shares": 833961,
            "equity": 3446013,
            "current_ratio": 222.53,
            "debt_ratio": 30.66,
            "inventory_turnover_ratio": 0.96,
            "account_receivable_turnover_ratio": 1.1,
            "reinvestment_rate": null,
            "research_to_sale_ratio": 5.32,
            "price_fair": 206.45,
            "eps_avg_yearly": 5.9,
            "eps_latest_yearly": 4.36,
            "eps_growth_yearly": 101.65
        },
        "20113": {
            "year_quarter": 20113,
            "year": 2011,
            "quarter": 3,
            "eps": 1.93,
            "eps_growth_year": -5.69,
            "eps_4q": 4.75,
            "eps_4q_growth_year": -38.44,
            "roe": 4.98,
            "gross_profit": 284562,
            "gross_margin": 28.51,
            "net_income": 177085,
            "revenue": 998020,
            "common_shares": 917351,
            "equity": 3669746,
            "current_ratio": 328.96,
            "debt_ratio": 22.94,
            "inventory_turnover_ratio": 0.95,
            "account_receivable_turnover_ratio": 1.11,
            "reinvestment_rate": null,
            "research_to_sale_ratio": 5.09,
            "price_fair": 211,
            "eps_avg_yearly": 6.03,
            "eps_latest_yearly": 7.72,
            "eps_growth_yearly": 116.41
        },
        "20114": {
            "year_quarter": 20114,
            "year": 2011,
            "quarter": 4,
            "eps": 0.66,
            "eps_growth_year": 50.53,
            "eps_4q": 4.58,
            "eps_4q_growth_year": -29.29,
            "roe": 1.65,
            "gross_profit": 191432,
            "gross_margin": 22.7,
            "net_income": 67320,
            "revenue": 843393,
            "common_shares": 1017373,
            "equity": 4481923,
            "current_ratio": 451.95,
            "debt_ratio": 18.55,
            "inventory_turnover_ratio": 0.88,
            "account_receivable_turnover_ratio": 1.03,
            "reinvestment_rate": 130.15,
            "research_to_sale_ratio": 3.43,
            "price_fair": 203.09,
            "eps_avg_yearly": 5.8,
            "eps_latest_yearly": 2.64,
            "eps_growth_yearly": 91.1
        },
        "20121": {
            "year_quarter": 20121,
            "year": 2012,
            "quarter": 1,
            "eps": 0.83,
            "eps_growth_year": -43.15,
            "eps_4q": 4.22,
            "eps_4q_growth_year": -33.08,
            "roe": 1.87,
            "gross_profit": 232173,
            "gross_margin": 28.27,
            "net_income": 84551,
            "revenue": 821301,
            "common_shares": 1017373,
            "equity": 4550024,
            "current_ratio": 447.7,
            "debt_ratio": 17.58,
            "inventory_turnover_ratio": 0.77,
            "account_receivable_turnover_ratio": 1.15,
            "reinvestment_rate": 93.9,
            "research_to_sale_ratio": 5.75,
            "price_fair": 197.66,
            "eps_avg_yearly": 5.65,
            "eps_latest_yearly": 3.32,
            "eps_growth_yearly": 91.85
        },
        "20122": {
            "year_quarter": 20122,
            "year": 2012,
            "quarter": 2,
            "eps": 0.79,
            "eps_growth_year": -27.53,
            "eps_4q": 3.88,
            "eps_4q_growth_year": -16.92,
            "roe": 1.9,
            "gross_profit": 242653,
            "gross_margin": 28.53,
            "net_income": 84012,
            "revenue": 850652,
            "common_shares": 1017373,
            "equity": 4291466,
            "current_ratio": 282.95,
            "debt_ratio": 23.57,
            "inventory_turnover_ratio": 0.78,
            "account_receivable_turnover_ratio": 1.13,
            "reinvestment_rate": 90.21,
            "research_to_sale_ratio": 6,
            "price_fair": 193.46,
            "eps_avg_yearly": 5.53,
            "eps_latest_yearly": 3.16,
            "eps_growth_yearly": 91.59
        },
        "20123": {
            "year_quarter": 20123,
            "year": 2012,
            "quarter": 3,
            "eps": 0.55,
            "eps_growth_year": -71.52,
            "eps_4q": 2.77,
            "eps_4q_growth_year": -41.72,
            "roe": 1.36,
            "gross_profit": 209249,
            "gross_margin": 23.7,
            "net_income": 58457,
            "revenue": 883078,
            "common_shares": 1068242,
            "equity": 4331396,
            "current_ratio": 331.63,
            "debt_ratio": 19.72,
            "inventory_turnover_ratio": 0.84,
            "account_receivable_turnover_ratio": 1.12,
            "reinvestment_rate": 85.3,
            "research_to_sale_ratio": 5.29,
            "price_fair": 184.19,
            "eps_avg_yearly": 5.26,
            "eps_latest_yearly": 2.2,
            "eps_growth_yearly": 77.3
        },
        "20124": {
            "year_quarter": 20124,
            "year": 2012,
            "quarter": 4,
            "eps": 0.1,
            "eps_growth_year": -84.51,
            "eps_4q": 2.24,
            "eps_4q_growth_year": -51.19,
            "roe": 0.25,
            "gross_profit": 123207,
            "gross_margin": 16.74,
            "net_income": 10896,
            "revenue": 736209,
            "common_shares": 1068242,
            "equity": 4341819,
            "current_ratio": 421.16,
            "debt_ratio": 15.63,
            "inventory_turnover_ratio": 0.75,
            "account_receivable_turnover_ratio": 1,
            "reinvestment_rate": 60.99,
            "research_to_sale_ratio": 5.77,
            "price_fair": 174.3,
            "eps_avg_yearly": 4.98,
            "eps_latest_yearly": 0.4,
            "eps_growth_yearly": 62.75
        },
        "20131": {
            "year_quarter": 20131,
            "year": 2013,
            "quarter": 1,
            "eps": 0.03,
            "eps_growth_year": -96.39,
            "eps_4q": 1.47,
            "eps_4q_growth_year": -65.2,
            "roe": 0.08,
            "gross_profit": 98649,
            "gross_margin": 13.6,
            "net_income": 3389,
            "revenue": 725510,
            "common_shares": 1068242,
            "equity": 4333815,
            "current_ratio": 412.51,
            "debt_ratio": 14.81,
            "inventory_turnover_ratio": 0.81,
            "account_receivable_turnover_ratio": 1.08,
            "reinvestment_rate": 43.47,
            "research_to_sale_ratio": 5.97,
            "price_fair": 168.18,
            "eps_avg_yearly": 4.81,
            "eps_latest_yearly": 0.12,
            "eps_growth_yearly": 55.41
        },
        "20132": {
            "year_quarter": 20132,
            "year": 2013,
            "quarter": 2,
            "eps": 0.28,
            "eps_growth_year": -64.56,
            "eps_4q": 0.96,
            "eps_4q_growth_year": -75.2,
            "roe": 0.69,
            "gross_profit": 198830,
            "gross_margin": 23.12,
            "net_income": 29198,
            "revenue": 860089,
            "common_shares": 1068242,
            "equity": 4141461,
            "current_ratio": 315.01,
            "debt_ratio": 19.16,
            "inventory_turnover_ratio": 0.86,
            "account_receivable_turnover_ratio": 1.17,
            "reinvestment_rate": 38.33,
            "research_to_sale_ratio": 5.19,
            "price_fair": 165.11,
            "eps_avg_yearly": 4.72,
            "eps_latest_yearly": 1.12,
            "eps_growth_yearly": 267.17
        },
        "20133": {
            "year_quarter": 20133,
            "year": 2013,
            "quarter": 3,
            "eps": 1.43,
            "eps_growth_year": 160.09,
            "eps_4q": 1.84,
            "eps_4q_growth_year": -33.6,
            "roe": 3.58,
            "gross_profit": 297119,
            "gross_margin": 29.53,
            "net_income": 151038,
            "revenue": 1006245,
            "common_shares": 1068242,
            "equity": 4285485,
            "current_ratio": 428.69,
            "debt_ratio": 14.3,
            "inventory_turnover_ratio": 0.91,
            "account_receivable_turnover_ratio": 1.14,
            "reinvestment_rate": 30,
            "research_to_sale_ratio": 4.75,
            "price_fair": 157.59,
            "eps_avg_yearly": 4.5,
            "eps_latest_yearly": 5.72,
            "eps_growth_yearly": 303.98
        },
        "20134": {
            "year_quarter": 20134,
            "year": 2013,
            "quarter": 4,
            "eps": 1,
            "eps_growth_year": 874.56,
            "eps_4q": 2.73,
            "eps_4q_growth_year": 22.18,
            "roe": 2.43,
            "gross_profit": 278127,
            "gross_margin": 28.96,
            "net_income": 105689,
            "revenue": 960409,
            "common_shares": 1068242,
            "equity": 4396612,
            "current_ratio": 412.91,
            "debt_ratio": 15.33,
            "inventory_turnover_ratio": 0.87,
            "account_receivable_turnover_ratio": 1,
            "reinvestment_rate": -2.31,
            "research_to_sale_ratio": 5.41,
            "price_fair": 148.23,
            "eps_avg_yearly": 4.24,
            "eps_latest_yearly": 4,
            "eps_growth_yearly": 298.86
        },
        "20141": {
            "year_quarter": 20141,
            "year": 2014,
            "quarter": 1,
            "eps": 0.79,
            "eps_growth_year": 2533.33,
            "eps_4q": 3.47,
            "eps_4q_growth_year": 136.75,
            "roe": 1.87,
            "gross_profit": 206698,
            "gross_margin": 23.68,
            "net_income": 83451,
            "revenue": 872757,
            "common_shares": 1068242,
            "equity": 4535298,
            "current_ratio": 465.37,
            "debt_ratio": 13.9,
            "inventory_turnover_ratio": 0.84,
            "account_receivable_turnover_ratio": 0.92,
            "reinvestment_rate": -9.25,
            "research_to_sale_ratio": 5.92,
            "price_fair": 138.51,
            "eps_avg_yearly": 3.96,
            "eps_latest_yearly": 3.16,
            "eps_growth_yearly": 295.66
        },
        "20142": {
            "year_quarter": 20142,
            "year": 2014,
            "quarter": 2,
            "eps": 1.23,
            "eps_growth_year": 339.29,
            "eps_4q": 4.43,
            "eps_4q_growth_year": 359.96,
            "roe": 2.94,
            "gross_profit": 307895,
            "gross_margin": 30.82,
            "net_income": 130920,
            "revenue": 999087,
            "common_shares": 1068242,
            "equity": 4365315,
            "current_ratio": 330.25,
            "debt_ratio": 19.63,
            "inventory_turnover_ratio": 0.84,
            "account_receivable_turnover_ratio": 1.06,
            "reinvestment_rate": -18.42,
            "research_to_sale_ratio": 5.5,
            "price_fair": 128.28,
            "eps_avg_yearly": 3.67,
            "eps_latest_yearly": 4.92,
            "eps_growth_yearly": 303.01
        },
        "20143": {
            "year_quarter": 20143,
            "year": 2014,
            "quarter": 3,
            "eps": 1.07,
            "eps_growth_year": -25.17,
            "eps_4q": 4.08,
            "eps_4q_growth_year": 121.91,
            "roe": 2.56,
            "gross_profit": 251167,
            "gross_margin": 25.93,
            "net_income": 113636,
            "revenue": 968704,
            "common_shares": 1068242,
            "equity": 4499139,
            "current_ratio": 442.15,
            "debt_ratio": 14.8,
            "inventory_turnover_ratio": 0.8,
            "account_receivable_turnover_ratio": 1.02,
            "reinvestment_rate": -38.56,
            "research_to_sale_ratio": 5.74,
            "price_fair": 119.7,
            "eps_avg_yearly": 3.42,
            "eps_latest_yearly": 4.28,
            "eps_growth_yearly": 303.4
        },
        "20144": {
            "year_quarter": 20144,
            "year": 2014,
            "quarter": 4,
            "eps": 0.74,
            "eps_growth_year": -26.05,
            "eps_4q": 3.82,
            "eps_4q_growth_year": 39.85,
            "roe": 1.72,
            "gross_profit": 187960,
            "gross_margin": 21.53,
            "net_income": 78524,
            "revenue": 873064,
            "common_shares": 1068242,
            "equity": 4605343,
            "current_ratio": 486.94,
            "debt_ratio": 13.82,
            "inventory_turnover_ratio": 0.77,
            "account_receivable_turnover_ratio": 0.92,
            "reinvestment_rate": -44.24,
            "research_to_sale_ratio": 6.36,
            "price_fair": 122.33,
            "eps_avg_yearly": 3.5,
            "eps_latest_yearly": 2.96,
            "eps_growth_yearly": 315.33
        },
        "20151": {
            "year_quarter": 20151,
            "year": 2015,
            "quarter": 1,
            "eps": 0.47,
            "eps_growth_year": -40.51,
            "eps_4q": 3.51,
            "eps_4q_growth_year": 0.96,
            "roe": 1.08,
            "gross_profit": 198547,
            "gross_margin": 24.07,
            "net_income": 49826,
            "revenue": 824946,
            "common_shares": 1068242,
            "equity": 4642924,
            "current_ratio": 504.57,
            "debt_ratio": 13.42,
            "inventory_turnover_ratio": 0.7,
            "account_receivable_turnover_ratio": 0.91,
            "reinvestment_rate": -63.8,
            "research_to_sale_ratio": 6.58,
            "price_fair": 113.66,
            "eps_avg_yearly": 3.25,
            "eps_latest_yearly": 1.88,
            "eps_growth_yearly": 248.25
        },
        "20152": {
            "year_quarter": 20152,
            "year": 2015,
            "quarter": 2,
            "eps": 0.55,
            "eps_growth_year": -55.28,
            "eps_4q": 2.83,
            "eps_4q_growth_year": -36.23,
            "roe": 1.31,
            "gross_profit": 222805,
            "gross_margin": 25.27,
            "net_income": 58453,
            "revenue": 881852,
            "common_shares": 1063242,
            "equity": 4288943,
            "current_ratio": 323.22,
            "debt_ratio": 20.72,
            "inventory_turnover_ratio": 0.69,
            "account_receivable_turnover_ratio": 0.99,
            "reinvestment_rate": -69.58,
            "research_to_sale_ratio": 7.01,
            "price_fair": 108.94,
            "eps_avg_yearly": 3.11,
            "eps_latest_yearly": 2.2,
            "eps_growth_yearly": 258.84
        },
        "20153": {
            "year_quarter": 20153,
            "year": 2015,
            "quarter": 3,
            "eps": 1.11,
            "eps_growth_year": 3.74,
            "eps_4q": 2.89,
            "eps_4q_growth_year": -29.15,
            "roe": 2.72,
            "gross_profit": 170186,
            "gross_margin": 21.49,
            "net_income": 118075,
            "revenue": 791898,
            "common_shares": 1063242,
            "equity": 4392337,
            "current_ratio": 531.84,
            "debt_ratio": 12.89,
            "inventory_turnover_ratio": 0.65,
            "account_receivable_turnover_ratio": 0.84,
            "reinvestment_rate": -81.38,
            "research_to_sale_ratio": 7.05,
            "price_fair": 101.76,
            "eps_avg_yearly": 2.91,
            "eps_latest_yearly": 4.44,
            "eps_growth_yearly": 265.03
        },
        "20154": {
            "year_quarter": 20154,
            "year": 2015,
            "quarter": 4,
            "eps": 0,
            "eps_growth_year": -99.99,
            "eps_4q": 2.15,
            "eps_4q_growth_year": -43.66,
            "roe": 0,
            "gross_profit": 147567,
            "gross_margin": 18.19,
            "net_income": 5,
            "revenue": 811085,
            "common_shares": 1063242,
            "equity": 4349524,
            "current_ratio": 473.49,
            "debt_ratio": 14.73,
            "inventory_turnover_ratio": 0.75,
            "account_receivable_turnover_ratio": 0.9,
            "reinvestment_rate": -88.1,
            "research_to_sale_ratio": 9.28,
            "price_fair": 102.39,
            "eps_avg_yearly": 2.93,
            "eps_latest_yearly": 4.44,
            "eps_growth_yearly": 300.24
        },
        "20161": {
            "year_quarter": 20161,
            "year": 2016,
            "quarter": 1,
            "eps": 0.37,
            "eps_growth_year": -21.28,
            "eps_4q": 2.05,
            "eps_4q_growth_year": -41.56,
            "roe": 0.89,
            "gross_profit": 183060,
            "gross_margin": 22.71,
            "net_income": 38815,
            "revenue": 806217,
            "common_shares": 1063242,
            "equity": 4376983,
            "current_ratio": 593.76,
            "debt_ratio": 11.74,
            "inventory_turnover_ratio": 0.74,
            "account_receivable_turnover_ratio": 0.95,
            "reinvestment_rate": -31.54,
            "research_to_sale_ratio": 5.31,
            "price_fair": 101.4,
            "eps_avg_yearly": 2.9,
            "eps_latest_yearly": 4.44,
            "eps_growth_yearly": 314.33
        },
        "20162": {
            "year_quarter": 20162,
            "year": 2016,
            "quarter": 2,
            "eps": 0.76,
            "eps_growth_year": 38.18,
            "eps_4q": 2.25,
            "eps_4q_growth_year": -20.31,
            "roe": 1.86,
            "gross_profit": 220815,
            "gross_margin": 25.4,
            "net_income": 79723,
            "revenue": 869498,
            "common_shares": 1063242,
            "equity": 4172531,
            "current_ratio": 363.73,
            "debt_ratio": 18.89,
            "inventory_turnover_ratio": 0.77,
            "account_receivable_turnover_ratio": 1,
            "reinvestment_rate": -32.1,
            "research_to_sale_ratio": 7.04,
            "price_fair": 101.1,
            "eps_avg_yearly": 2.89,
            "eps_latest_yearly": 3.04,
            "eps_growth_yearly": 345.82
        },
        "20163": {
            "year_quarter": 20163,
            "year": 2016,
            "quarter": 3,
            "eps": 0.28,
            "eps_growth_year": -74.77,
            "eps_4q": 1.39,
            "eps_4q_growth_year": -51.82,
            "roe": 0.7,
            "gross_profit": 220556,
            "gross_margin": 26.12,
            "net_income": 29512,
            "revenue": 844237,
            "common_shares": 1063242,
            "equity": 4247609,
            "current_ratio": 324.61,
            "debt_ratio": 21.82,
            "inventory_turnover_ratio": 0.72,
            "account_receivable_turnover_ratio": 0.98,
            "reinvestment_rate": -35.77,
            "research_to_sale_ratio": 8.12,
            "price_fair": 98.4,
            "eps_avg_yearly": 2.81,
            "eps_latest_yearly": 1.12,
            "eps_growth_yearly": 336.46
        },
        "20164": {
            "year_quarter": 20164,
            "year": 2016,
            "quarter": 4,
            "eps": 0.9,
            "eps_growth_year": 1879039.58,
            "eps_4q": 2.29,
            "eps_4q_growth_year": 6.51,
            "roe": 2.24,
            "gross_profit": 193541,
            "gross_margin": 22.33,
            "net_income": 95903,
            "revenue": 866734,
            "common_shares": 1063242,
            "equity": 4333553,
            "current_ratio": 450.09,
            "debt_ratio": 15.91,
            "inventory_turnover_ratio": 0.78,
            "account_receivable_turnover_ratio": 0.95,
            "reinvestment_rate": -30.66,
            "research_to_sale_ratio": 6.67,
            "price_fair": 106.4,
            "eps_avg_yearly": 3.04,
            "eps_latest_yearly": 3.6,
            "eps_growth_yearly": 423.1
        },
        "20171": {
            "year_quarter": 20171,
            "year": 2017,
            "quarter": 1,
            "eps": 0.05,
            "eps_growth_year": -86.49,
            "eps_4q": 1.98,
            "eps_4q_growth_year": -3.47,
            "roe": 0.12,
            "gross_profit": 249615,
            "gross_margin": 28,
            "net_income": 5221,
            "revenue": 891601,
            "common_shares": 1063242,
            "equity": 4296413,
            "current_ratio": 363.82,
            "debt_ratio": 19.72,
            "inventory_turnover_ratio": 0.7,
            "account_receivable_turnover_ratio": 0.94,
            "reinvestment_rate": -26.18,
            "research_to_sale_ratio": 6.53,
            "price_fair": 106.6,
            "eps_avg_yearly": 3.05,
            "eps_latest_yearly": 0.2,
            "eps_growth_yearly": 416.12
        },
        "20172": {
            "year_quarter": 20172,
            "year": 2017,
            "quarter": 2,
            "eps": 0.84,
            "eps_growth_year": 10.53,
            "eps_4q": 2.06,
            "eps_4q_growth_year": -8.34,
            "roe": 2.09,
            "gross_profit": 233425,
            "gross_margin": 26.18,
            "net_income": 88822,
            "revenue": 891726,
            "common_shares": 1063242,
            "equity": 4188474,
            "current_ratio": 284.32,
            "debt_ratio": 25.02,
            "inventory_turnover_ratio": 0.64,
            "account_receivable_turnover_ratio": 0.93,
            "reinvestment_rate": -27.25,
            "research_to_sale_ratio": 6.36,
            "price_fair": 112.2,
            "eps_avg_yearly": 3.21,
            "eps_latest_yearly": 3.36,
            "eps_growth_yearly": 629.45
        },
        "20173": {
            "year_quarter": 20173,
            "year": 2017,
            "quarter": 3,
            "eps": 1.03,
            "eps_growth_year": 267.86,
            "eps_4q": 2.81,
            "eps_4q_growth_year": 101.99,
            "roe": 2.57,
            "gross_profit": 272131,
            "gross_margin": 28.44,
            "net_income": 109116,
            "revenue": 956707,
            "common_shares": 1063242,
            "equity": 4310894,
            "current_ratio": 336.16,
            "debt_ratio": 21.18,
            "inventory_turnover_ratio": 0.61,
            "account_receivable_turnover_ratio": 0.96,
            "reinvestment_rate": -21.34,
            "research_to_sale_ratio": 6.16,
            "price_fair": 108.2,
            "eps_avg_yearly": 3.09,
            "eps_latest_yearly": 4.12,
            "eps_growth_yearly": 518.57
        },
        "20174": {
            "year_quarter": 20174,
            "year": 2017,
            "quarter": 4,
            "eps": 0.28,
            "eps_growth_year": -68.93,
            "eps_4q": 2.19,
            "eps_4q_growth_year": -4.51,
            "roe": 0.69,
            "gross_profit": 196009,
            "gross_margin": 21.25,
            "net_income": 29800,
            "revenue": 922429,
            "common_shares": 1063242,
            "equity": 4334772,
            "current_ratio": 315.98,
            "debt_ratio": 22.13,
            "inventory_turnover_ratio": 0.6,
            "account_receivable_turnover_ratio": 0.94,
            "reinvestment_rate": -28.62,
            "research_to_sale_ratio": 6.24,
            "price_fair": 101,
            "eps_avg_yearly": 2.89,
            "eps_latest_yearly": 1.12,
            "eps_growth_yearly": 506.35
        },
        "20181": {
            "year_quarter": 20181,
            "year": 2018,
            "quarter": 1,
            "eps": 0.37,
            "eps_growth_year": 640,
            "eps_4q": 2.52,
            "eps_4q_growth_year": 27.18,
            "roe": 0.91,
            "gross_profit": 240255,
            "gross_margin": 22.7,
            "net_income": 39790,
            "revenue": 1058488,
            "common_shares": 1063242,
            "equity": 4388465,
            "current_ratio": 263.56,
            "debt_ratio": 25.21,
            "inventory_turnover_ratio": 0.66,
            "account_receivable_turnover_ratio": 1.02,
            "reinvestment_rate": 10.05,
            "research_to_sale_ratio": 5.92,
            "price_fair": 96.8,
            "eps_avg_yearly": 2.77,
            "eps_latest_yearly": 1.48,
            "eps_growth_yearly": 521.54
        },
        "20182": {
            "year_quarter": 20182,
            "year": 2018,
            "quarter": 2,
            "eps": 1.47,
            "eps_growth_year": 75,
            "eps_4q": 3.16,
            "eps_4q_growth_year": 52.87,
            "roe": 3.57,
            "gross_profit": 245545,
            "gross_margin": 20.85,
            "net_income": 156789,
            "revenue": 1177519,
            "common_shares": 1063242,
            "equity": 4400143,
            "current_ratio": 369.55,
            "debt_ratio": 33.23,
            "inventory_turnover_ratio": 0.76,
            "account_receivable_turnover_ratio": 1.01,
            "reinvestment_rate": 12.59,
            "research_to_sale_ratio": 5.7,
            "price_fair": 99.2,
            "eps_avg_yearly": 2.83,
            "eps_latest_yearly": 5.88,
            "eps_growth_yearly": 590.57
        },
        "20183": {
            "year_quarter": 20183,
            "year": 2018,
            "quarter": 3,
            "eps": 1.54,
            "eps_growth_year": 49.51,
            "eps_4q": 3.57,
            "eps_4q_growth_year": 26.77,
            "roe": 3.59,
            "gross_profit": 332740,
            "gross_margin": 27.18,
            "net_income": 163864,
            "revenue": 1224289,
            "common_shares": 1063242,
            "equity": 4731369,
            "current_ratio": 389.72,
            "debt_ratio": 29.08,
            "inventory_turnover_ratio": 0.72,
            "account_receivable_turnover_ratio": 0.98,
            "reinvestment_rate": 16.6,
            "research_to_sale_ratio": 4.81,
            "price_fair": 103.9,
            "eps_avg_yearly": 2.97,
            "eps_latest_yearly": 6.16,
            "eps_growth_yearly": 595.64
        },
        "20184": {
            "year_quarter": 20184,
            "year": 2018,
            "quarter": 4,
            "eps": 1.21,
            "eps_growth_year": 331.86,
            "eps_4q": 4.48,
            "eps_4q_growth_year": 104.69,
            "roe": 2.76,
            "gross_profit": 326884,
            "gross_margin": 26.76,
            "net_income": 133236,
            "revenue": 1221604,
            "common_shares": 1094433,
            "equity": 4907940,
            "current_ratio": 398.81,
            "debt_ratio": 28.06,
            "inventory_turnover_ratio": 0.69,
            "account_receivable_turnover_ratio": 0.94,
            "reinvestment_rate": 18.05,
            "research_to_sale_ratio": 5.69,
            "price_fair": 108.6,
            "eps_avg_yearly": 3.1,
            "eps_latest_yearly": 4.84,
            "eps_growth_yearly": 598.33
        },
        "20191": {
            "year_quarter": 20191,
            "year": 2019,
            "quarter": 1,
            "eps": 1.44,
            "eps_growth_year": 289.19,
            "eps_4q": 5.14,
            "eps_4q_growth_year": 104.39,
            "roe": 3.09,
            "gross_profit": 347027,
            "gross_margin": 27.28,
            "net_income": 164684,
            "revenue": 1271939,
            "common_shares": 1100756,
            "equity": 5740074,
            "current_ratio": 399.49,
            "debt_ratio": 18.67,
            "inventory_turnover_ratio": 0.71,
            "account_receivable_turnover_ratio": 0.99,
            "reinvestment_rate": 23.15,
            "research_to_sale_ratio": 4.62,
            "price_fair": 118.3,
            "eps_avg_yearly": 3.38,
            "eps_latest_yearly": 5.76,
            "eps_growth_yearly": 614.19
        },
        "20192": {
            "year_quarter": 20192,
            "year": 2019,
            "quarter": 2,
            "eps": 1.67,
            "eps_growth_year": 13.61,
            "eps_4q": 5.48,
            "eps_4q_growth_year": 73.72,
            "roe": 3.57,
            "gross_profit": 379521,
            "gross_margin": 29.09,
            "net_income": 201521,
            "revenue": 1304559,
            "common_shares": 1202784,
            "equity": 5549015,
            "current_ratio": 302.33,
            "debt_ratio": 23.02,
            "inventory_turnover_ratio": 0.75,
            "account_receivable_turnover_ratio": 1,
            "reinvestment_rate": 28.98,
            "research_to_sale_ratio": 5.44,
            "price_fair": 129.5,
            "eps_avg_yearly": 3.7,
            "eps_latest_yearly": 6.68,
            "eps_growth_yearly": 613.89
        },
        "20193": {
            "year_quarter": 20193,
            "year": 2019,
            "quarter": 3,
            "eps": 1.63,
            "eps_growth_year": 5.84,
            "eps_4q": 5.76,
            "eps_4q_growth_year": 61.55,
            "roe": 3.51,
            "gross_profit": 421569,
            "gross_margin": 30.44,
            "net_income": 197703,
            "revenue": 1385060,
            "common_shares": 1210254,
            "equity": 5713686,
            "current_ratio": 384.88,
            "debt_ratio": 18.3,
            "inventory_turnover_ratio": 0.82,
            "account_receivable_turnover_ratio": 0.99,
            "reinvestment_rate": 33.2,
            "research_to_sale_ratio": 4.53,
            "price_fair": 134.7,
            "eps_avg_yearly": 3.85,
            "eps_latest_yearly": 6.52,
            "eps_growth_yearly": 584.11
        },
        "20194": {
            "year_quarter": 20194,
            "year": 2019,
            "quarter": 4,
            "eps": 1.79,
            "eps_growth_year": 47.88,
            "eps_4q": 6.45,
            "eps_4q_growth_year": 43.8,
            "roe": 3.72,
            "gross_profit": 515000,
            "gross_margin": 33.73,
            "net_income": 216631,
            "revenue": 1526962,
            "common_shares": 1210254,
            "equity": 5918294,
            "current_ratio": 354.32,
            "debt_ratio": 19.64,
            "inventory_turnover_ratio": 0.82,
            "account_receivable_turnover_ratio": 1.02,
            "reinvestment_rate": 34.68,
            "research_to_sale_ratio": 4.18,
            "price_fair": 142.43,
            "eps_avg_yearly": 4.07,
            "eps_latest_yearly": 7.16,
            "eps_growth_yearly": 547.79
        },
        "20201": {
            "year_quarter": 20201,
            "year": 2020,
            "quarter": 1,
            "eps": 2.14,
            "eps_growth_year": 48.61,
            "eps_4q": 7.22,
            "eps_4q_growth_year": 40.48,
            "roe": 4.06,
            "gross_profit": 492132,
            "gross_margin": 29.44,
            "net_income": 256152,
            "revenue": 1671532,
            "common_shares": 1210254,
            "equity": 6696164,
            "current_ratio": 329.77,
            "debt_ratio": 24.4,
            "inventory_turnover_ratio": 0.82,
            "account_receivable_turnover_ratio": 1.01,
            "reinvestment_rate": 79.79,
            "research_to_sale_ratio": 4.1,
            "price_fair": 152.25,
            "eps_avg_yearly": 4.35,
            "eps_latest_yearly": 8.56,
            "eps_growth_yearly": 518.44
        },
        "20202": {
            "year_quarter": 20202,
            "year": 2020,
            "quarter": 2,
            "eps": 2.11,
            "eps_growth_year": 26.35,
            "eps_4q": 7.67,
            "eps_4q_growth_year": 39.9,
            "roe": 3.9,
            "gross_profit": 544373,
            "gross_margin": 30.42,
            "net_income": 253895,
            "revenue": 1789254,
            "common_shares": 1210254,
            "equity": 6320001,
            "current_ratio": 220.44,
            "debt_ratio": 32.87,
            "inventory_turnover_ratio": 0.78,
            "account_receivable_turnover_ratio": 0.98,
            "reinvestment_rate": 74.49,
            "research_to_sale_ratio": 4.21,
            "price_fair": 164.06,
            "eps_avg_yearly": 4.69,
            "eps_latest_yearly": 8.44,
            "eps_growth_yearly": 491.74
        },
        "20203": {
            "year_quarter": 20203,
            "year": 2020,
            "quarter": 3,
            "eps": 1.58,
            "eps_growth_year": -3.07,
            "eps_4q": 7.62,
            "eps_4q_growth_year": 32.31,
            "roe": 2.84,
            "gross_profit": 484431,
            "gross_margin": 28.98,
            "net_income": 182812,
            "revenue": 1671674,
            "common_shares": 1210254,
            "equity": 6531643,
            "current_ratio": 224.71,
            "debt_ratio": 31.93,
            "inventory_turnover_ratio": 0.72,
            "account_receivable_turnover_ratio": 0.94,
            "reinvestment_rate": 74.47,
            "research_to_sale_ratio": 4.72,
            "price_fair": 175.44,
            "eps_avg_yearly": 5.01,
            "eps_latest_yearly": 6.32,
            "eps_growth_yearly": 501.25
        },
        "20204": {
            "year_quarter": 20204,
            "year": 2020,
            "quarter": 4,
            "eps": 1.34,
            "eps_growth_year": -25.34,
            "eps_4q": 7.17,
            "eps_4q_growth_year": 11.14,
            "roe": 2.31,
            "gross_profit": 476229,
            "gross_margin": 27.8,
            "net_income": 154517,
            "revenue": 1713037,
            "common_shares": 1210254,
            "equity": 6859866,
            "current_ratio": 431.17,
            "debt_ratio": 37.21,
            "inventory_turnover_ratio": 0.75,
            "account_receivable_turnover_ratio": 0.98,
            "reinvestment_rate": 79.69,
            "research_to_sale_ratio": 4.56,
            "price_fair": 179.29,
            "eps_avg_yearly": 5.12,
            "eps_latest_yearly": 5.36,
            "eps_growth_yearly": 442.09
        },
        "20211": {
            "year_quarter": 20211,
            "year": 2021,
            "quarter": 1,
            "eps": 1.79,
            "eps_growth_year": -16.36,
            "eps_4q": 6.75,
            "eps_4q_growth_year": -6.53,
            "roe": 3,
            "gross_profit": 568894,
            "gross_margin": 30.69,
            "net_income": 216668,
            "revenue": 1853657,
            "common_shares": 1222254,
            "equity": 7596883,
            "current_ratio": 409.09,
            "debt_ratio": 35.89,
            "inventory_turnover_ratio": 0.74,
            "account_receivable_turnover_ratio": 1,
            "reinvestment_rate": 97.03,
            "research_to_sale_ratio": 4.96,
            "price_fair": 194.51,
            "eps_avg_yearly": 5.56,
            "eps_latest_yearly": 7.16,
            "eps_growth_yearly": 474.1
        },
        "20212": {
            "year_quarter": 20212,
            "year": 2021,
            "quarter": 2,
            "eps": 2.14,
            "eps_growth_year": 1.42,
            "eps_4q": 6.78,
            "eps_4q_growth_year": -11.58,
            "roe": 3.58,
            "gross_profit": 635979,
            "gross_margin": 29.32,
            "net_income": 263975,
            "revenue": 2169327,
            "common_shares": 1222194,
            "equity": 7147470,
            "current_ratio": 284.56,
            "debt_ratio": 41.94,
            "inventory_turnover_ratio": 0.8,
            "account_receivable_turnover_ratio": 1.05,
            "reinvestment_rate": 95.15,
            "research_to_sale_ratio": 4.39,
            "price_fair": 205.89,
            "eps_avg_yearly": 5.88,
            "eps_latest_yearly": 8.56,
            "eps_growth_yearly": 83.99
        },
        "20213": {
            "year_quarter": 20213,
            "year": 2021,
            "quarter": 3,
            "eps": 3.2,
            "eps_growth_year": 102.53,
            "eps_4q": 8.38,
            "eps_4q_growth_year": 9.99,
            "roe": 5.56,
            "gross_profit": 794768,
            "gross_margin": 34.22,
            "net_income": 409375,
            "revenue": 2322474,
            "common_shares": 1222084,
            "equity": 7583808,
            "current_ratio": 349.49,
            "debt_ratio": 38.4,
            "inventory_turnover_ratio": 0.7,
            "account_receivable_turnover_ratio": 1.05,
            "reinvestment_rate": 86.04,
            "research_to_sale_ratio": 4.31,
            "price_fair": 224.88,
            "eps_avg_yearly": 6.43,
            "eps_latest_yearly": 12.8,
            "eps_growth_yearly": 90.72
        },
        "20214": {
            "year_quarter": 20214,
            "year": 2021,
            "quarter": 4,
            "eps": 2.73,
            "eps_growth_year": 104.01,
            "eps_4q": 9.78,
            "eps_4q_growth_year": 36.44,
            "roe": 4.46,
            "gross_profit": 758646,
            "gross_margin": 30.89,
            "net_income": 348124,
            "revenue": 2455691,
            "common_shares": 1222024,
            "equity": 8011306,
            "current_ratio": 293.55,
            "debt_ratio": 40.75,
            "inventory_turnover_ratio": 0.68,
            "account_receivable_turnover_ratio": 1.09,
            "reinvestment_rate": 84.33,
            "research_to_sale_ratio": 4.17,
            "price_fair": 246.31,
            "eps_avg_yearly": 7.04,
            "eps_latest_yearly": 10.92,
            "eps_growth_yearly": 105.25
        },
        "20221": {
            "year_quarter": 20221,
            "year": 2022,
            "quarter": 1,
            "eps": 3.8,
            "eps_growth_year": 112.29,
            "eps_4q": 11.78,
            "eps_4q_growth_year": 74.42,
            "roe": 6.01,
            "gross_profit": 778603,
            "gross_margin": 30.99,
            "net_income": 474941,
            "revenue": 2512832,
            "common_shares": 1222652,
            "equity": 7791294,
            "current_ratio": 227.55,
            "debt_ratio": 45.05,
            "inventory_turnover_ratio": 0.63,
            "account_receivable_turnover_ratio": 1.06,
            "reinvestment_rate": 66.13,
            "research_to_sale_ratio": 4.19,
            "price_fair": 276.33,
            "eps_avg_yearly": 7.9,
            "eps_latest_yearly": 15.2,
            "eps_growth_yearly": 107.01
        },
        "20222": {
            "year_quarter": 20222,
            "year": 2022,
            "quarter": 2,
            "eps": 5.38,
            "eps_growth_year": 151.4,
            "eps_4q": 13.64,
            "eps_4q_growth_year": 101.22,
            "roe": 8.36,
            "gross_profit": 1063529,
            "gross_margin": 37.31,
            "net_income": 673262,
            "revenue": 2850292,
            "common_shares": 1222596,
            "equity": 8314005,
            "current_ratio": 256.67,
            "debt_ratio": 42.45,
            "inventory_turnover_ratio": 0.58,
            "account_receivable_turnover_ratio": 1.11,
            "reinvestment_rate": 57.47,
            "research_to_sale_ratio": 3.86,
            "price_fair": 310.54,
            "eps_avg_yearly": 8.87,
            "eps_latest_yearly": 21.52,
            "eps_growth_yearly": 43.08
        },
        "20223": {
            "year_quarter": 20223,
            "year": 2022,
            "quarter": 3,
            "eps": 6.03,
            "eps_growth_year": 88.44,
            "eps_4q": 16.64,
            "eps_4q_growth_year": 98.48,
            "roe": 9.15,
            "gross_profit": 1118897,
            "gross_margin": 34.47,
            "net_income": 807118,
            "revenue": 3246205,
            "common_shares": 1344678,
            "equity": 9321688,
            "current_ratio": 281.15,
            "debt_ratio": 37.86,
            "inventory_turnover_ratio": 0.64,
            "account_receivable_turnover_ratio": 1.19,
            "reinvestment_rate": 51.42,
            "research_to_sale_ratio": 3.65,
            "price_fair": 349.83,
            "eps_avg_yearly": 10,
            "eps_latest_yearly": 24.12,
            "eps_growth_yearly": 44.91
        },
        "20224": {
            "year_quarter": 20224,
            "year": 2022,
            "quarter": 4,
            "eps": 5.09,
            "eps_growth_year": 86.59,
            "eps_4q": 19.11,
            "eps_4q_growth_year": 95.42,
            "roe": 7.09,
            "gross_profit": 1364813,
            "gross_margin": 39.88,
            "net_income": 700971,
            "revenue": 3422565,
            "common_shares": 1353459,
            "equity": 10458586,
            "current_ratio": 213.48,
            "debt_ratio": 33.71,
            "inventory_turnover_ratio": 0.61,
            "account_receivable_turnover_ratio": 1.26,
            "reinvestment_rate": 46.57,
            "research_to_sale_ratio": 3.51,
            "price_fair": 383.78,
            "eps_avg_yearly": 10.97,
            "eps_latest_yearly": 20.36,
            "eps_growth_yearly": 46.37
        },
        "20231": {
            "year_quarter": 20231,
            "year": 2023,
            "quarter": 1,
            "eps": 3.63,
            "eps_growth_year": -4.47,
            "eps_4q": 19.18,
            "eps_4q_growth_year": 62.81,
            "roe": 4.89,
            "gross_profit": 929620,
            "gross_margin": 32.91,
            "net_income": 494322,
            "revenue": 2824998,
            "common_shares": 1367511,
            "equity": 9765813,
            "current_ratio": 182.11,
            "debt_ratio": 37.75,
            "inventory_turnover_ratio": 0.6,
            "account_receivable_turnover_ratio": 1.17,
            "reinvestment_rate": 45.28,
            "research_to_sale_ratio": 4.24,
            "price_fair": 402.94,
            "eps_avg_yearly": 11.51,
            "eps_latest_yearly": 14.52,
            "eps_growth_yearly": 34.45
        }
    },
    "months": {
        "2008-11": {
            "month": "2008-11",
            "price": "41.84",
            "revenue": 135714
        },
        "2008-12": {
            "month": "2008-12",
            "price": "31.95",
            "revenue": 155380
        },
        "2009-01": {
            "month": "2009-01",
            "price": "31.11",
            "revenue": 89177
        },
        "2009-02": {
            "month": "2009-02",
            "price": "32.52",
            "revenue": 105356
        },
        "2009-03": {
            "month": "2009-03",
            "price": "41.51",
            "revenue": 154517
        },
        "2009-04": {
            "month": "2009-04",
            "price": "46.18",
            "revenue": 155344
        },
        "2009-05": {
            "month": "2009-05",
            "price": "53.60",
            "revenue": 156945
        },
        "2009-06": {
            "month": "2009-06",
            "price": "57.56",
            "revenue": 189943
        },
        "2009-07": {
            "month": "2009-07",
            "price": "77.26",
            "revenue": 202815
        },
        "2009-08": {
            "month": "2009-08",
            "price": "112.30",
            "revenue": 178403
        },
        "2009-09": {
            "month": "2009-09",
            "price": "121.62",
            "revenue": 209528
        },
        "2009-10": {
            "month": "2009-10",
            "price": "126.11",
            "revenue": 212823
        },
        "2009-11": {
            "month": "2009-11",
            "price": "156.50",
            "revenue": 208557
        },
        "2009-12": {
            "month": "2009-12",
            "price": "185.85",
            "revenue": 206339
        },
        "2010-01": {
            "month": "2010-01",
            "price": "166.88",
            "revenue": 215245
        },
        "2010-02": {
            "month": "2010-02",
            "price": "138.11",
            "revenue": 189820
        },
        "2010-03": {
            "month": "2010-03",
            "price": "154.48",
            "revenue": 228689
        },
        "2010-04": {
            "month": "2010-04",
            "price": "174.81",
            "revenue": 293664
        },
        "2010-05": {
            "month": "2010-05",
            "price": "206.69",
            "revenue": 294501
        },
        "2010-06": {
            "month": "2010-06",
            "price": "225.45",
            "revenue": 324151
        },
        "2010-07": {
            "month": "2010-07",
            "price": "241.27",
            "revenue": 336314
        },
        "2010-08": {
            "month": "2010-08",
            "price": "217.02",
            "revenue": 269688
        },
        "2010-09": {
            "month": "2010-09",
            "price": "187.88",
            "revenue": 288833
        },
        "2010-10": {
            "month": "2010-10",
            "price": "163.38",
            "revenue": 265106
        },
        "2010-11": {
            "month": "2010-11",
            "price": "171.52",
            "revenue": 259748
        },
        "2010-12": {
            "month": "2010-12",
            "price": "175.22",
            "revenue": 244310
        },
        "2011-01": {
            "month": "2011-01",
            "price": "158.50",
            "revenue": 310264
        },
        "2011-02": {
            "month": "2011-02",
            "price": "147.86",
            "revenue": 222671
        },
        "2011-03": {
            "month": "2011-03",
            "price": "126.37",
            "revenue": 354372
        },
        "2011-04": {
            "month": "2011-04",
            "price": "126.16",
            "revenue": 318320
        },
        "2011-05": {
            "month": "2011-05",
            "price": "126.81",
            "revenue": 283006
        },
        "2011-06": {
            "month": "2011-06",
            "price": "133.43",
            "revenue": 294047
        },
        "2011-07": {
            "month": "2011-07",
            "price": "122.83",
            "revenue": 316040
        },
        "2011-08": {
            "month": "2011-08",
            "price": "85.80",
            "revenue": 335483
        },
        "2011-09": {
            "month": "2011-09",
            "price": "75.72",
            "revenue": 299418
        },
        "2011-10": {
            "month": "2011-10",
            "price": "77.38",
            "revenue": 260439
        },
        "2011-11": {
            "month": "2011-11",
            "price": "81.55",
            "revenue": 263875
        },
        "2011-12": {
            "month": "2011-12",
            "price": "67.85",
            "revenue": 252558
        },
        "2012-01": {
            "month": "2012-01",
            "price": "70.28",
            "revenue": 241789
        },
        "2012-02": {
            "month": "2012-02",
            "price": "102.79",
            "revenue": 251402
        },
        "2012-03": {
            "month": "2012-03",
            "price": "109.52",
            "revenue": 274835
        },
        "2012-04": {
            "month": "2012-04",
            "price": "83.55",
            "revenue": 239599
        },
        "2012-05": {
            "month": "2012-05",
            "price": "83.87",
            "revenue": 266332
        },
        "2012-06": {
            "month": "2012-06",
            "price": "80.40",
            "revenue": 281822
        },
        "2012-07": {
            "month": "2012-07",
            "price": "82.84",
            "revenue": 315380
        },
        "2012-08": {
            "month": "2012-08",
            "price": "89.96",
            "revenue": 283045
        },
        "2012-09": {
            "month": "2012-09",
            "price": "86.10",
            "revenue": 232979
        },
        "2012-10": {
            "month": "2012-10",
            "price": "70.81",
            "revenue": 251864
        },
        "2012-11": {
            "month": "2012-11",
            "price": "59.99",
            "revenue": 242353
        },
        "2012-12": {
            "month": "2012-12",
            "price": "65.66",
            "revenue": 187556
        },
        "2013-01": {
            "month": "2013-01",
            "price": "63.66",
            "revenue": 229588
        },
        "2013-02": {
            "month": "2013-02",
            "price": "62.31",
            "revenue": 230308
        },
        "2013-03": {
            "month": "2013-03",
            "price": "61.31",
            "revenue": 278593
        },
        "2013-04": {
            "month": "2013-04",
            "price": "58.09",
            "revenue": 281133
        },
        "2013-05": {
            "month": "2013-05",
            "price": "60.07",
            "revenue": 285974
        },
        "2013-06": {
            "month": "2013-06",
            "price": "61.30",
            "revenue": 292918
        },
        "2013-07": {
            "month": "2013-07",
            "price": "56.43",
            "revenue": 317980
        },
        "2013-08": {
            "month": "2013-08",
            "price": "49.72",
            "revenue": 338836
        },
        "2013-09": {
            "month": "2013-09",
            "price": "52.64",
            "revenue": 351319
        },
        "2013-10": {
            "month": "2013-10",
            "price": "54.34",
            "revenue": 324042
        },
        "2013-11": {
            "month": "2013-11",
            "price": "60.43",
            "revenue": 343516
        },
        "2013-12": {
            "month": "2013-12",
            "price": "74.70",
            "revenue": 297607
        },
        "2014-01": {
            "month": "2014-01",
            "price": "84.76",
            "revenue": 312263
        },
        "2014-02": {
            "month": "2014-02",
            "price": "82.65",
            "revenue": 260509
        },
        "2014-03": {
            "month": "2014-03",
            "price": "95.42",
            "revenue": 299928
        },
        "2014-04": {
            "month": "2014-04",
            "price": "116.60",
            "revenue": 347388
        },
        "2014-05": {
            "month": "2014-05",
            "price": "109.31",
            "revenue": 328611
        },
        "2014-06": {
            "month": "2014-06",
            "price": "122.42",
            "revenue": 324140
        },
        "2014-07": {
            "month": "2014-07",
            "price": "97.13",
            "revenue": 349901
        },
        "2014-08": {
            "month": "2014-08",
            "price": "88.60",
            "revenue": 293169
        },
        "2014-09": {
            "month": "2014-09",
            "price": "82.07",
            "revenue": 327101
        },
        "2014-10": {
            "month": "2014-10",
            "price": "71.04",
            "revenue": 319739
        },
        "2014-11": {
            "month": "2014-11",
            "price": "66.78",
            "revenue": 283135
        },
        "2014-12": {
            "month": "2014-12",
            "price": "74.27",
            "revenue": 287570
        },
        "2015-01": {
            "month": "2015-01",
            "price": "76.34",
            "revenue": 287136
        },
        "2015-02": {
            "month": "2015-02",
            "price": "73.22",
            "revenue": 241256
        },
        "2015-03": {
            "month": "2015-03",
            "price": "73.03",
            "revenue": 299330
        },
        "2015-04": {
            "month": "2015-04",
            "price": "68.80",
            "revenue": 313026
        },
        "2015-05": {
            "month": "2015-05",
            "price": "61.54",
            "revenue": 292567
        },
        "2015-06": {
            "month": "2015-06",
            "price": "55.02",
            "revenue": 270162
        },
        "2015-07": {
            "month": "2015-07",
            "price": "49.71",
            "revenue": 263126
        },
        "2015-08": {
            "month": "2015-08",
            "price": "41.45",
            "revenue": 272360
        },
        "2015-09": {
            "month": "2015-09",
            "price": "44.42",
            "revenue": 268864
        },
        "2015-10": {
            "month": "2015-10",
            "price": "46.59",
            "revenue": 279222
        },
        "2015-11": {
            "month": "2015-11",
            "price": "44.13",
            "revenue": 262157
        },
        "2015-12": {
            "month": "2015-12",
            "price": "45.12",
            "revenue": 275090
        },
        "2016-01": {
            "month": "2016-01",
            "price": "40.21",
            "revenue": 280784
        },
        "2016-02": {
            "month": "2016-02",
            "price": "42.75",
            "revenue": 238651
        },
        "2016-03": {
            "month": "2016-03",
            "price": "46.67",
            "revenue": 287191
        },
        "2016-04": {
            "month": "2016-04",
            "price": "43.76",
            "revenue": 291643
        },
        "2016-05": {
            "month": "2016-05",
            "price": "40.63",
            "revenue": 288969
        },
        "2016-06": {
            "month": "2016-06",
            "price": "42.57",
            "revenue": 288105
        },
        "2016-07": {
            "month": "2016-07",
            "price": "45.91",
            "revenue": 273936
        },
        "2016-08": {
            "month": "2016-08",
            "price": "59.52",
            "revenue": 284363
        },
        "2016-09": {
            "month": "2016-09",
            "price": "58.67",
            "revenue": 282654
        },
        "2016-10": {
            "month": "2016-10",
            "price": "52.88",
            "revenue": 276668
        },
        "2016-11": {
            "month": "2016-11",
            "price": "46.28",
            "revenue": 285337
        },
        "2016-12": {
            "month": "2016-12",
            "price": "48.08",
            "revenue": 305749
        },
        "2017-01": {
            "month": "2017-01",
            "price": "49.92",
            "revenue": 309360
        },
        "2017-02": {
            "month": "2017-02",
            "price": "56.18",
            "revenue": 254599
        },
        "2017-03": {
            "month": "2017-03",
            "price": "63.07",
            "revenue": 328756
        },
        "2017-04": {
            "month": "2017-04",
            "price": "66.37",
            "revenue": 304695
        },
        "2017-05": {
            "month": "2017-05",
            "price": "68.91",
            "revenue": 283506
        },
        "2017-06": {
            "month": "2017-06",
            "price": "80.82",
            "revenue": 300934
        },
        "2017-07": {
            "month": "2017-07",
            "price": "73.44",
            "revenue": 289822
        },
        "2017-08": {
            "month": "2017-08",
            "price": "68.22",
            "revenue": 330958
        },
        "2017-09": {
            "month": "2017-09",
            "price": "72.03",
            "revenue": 340071
        },
        "2017-10": {
            "month": "2017-10",
            "price": "78.66",
            "revenue": 299728
        },
        "2017-11": {
            "month": "2017-11",
            "price": "72.11",
            "revenue": 321796
        },
        "2017-12": {
            "month": "2017-12",
            "price": "68.24",
            "revenue": 298238
        },
        "2018-01": {
            "month": "2018-01",
            "price": "70.04",
            "revenue": 365008
        },
        "2018-02": {
            "month": "2018-02",
            "price": "65.62",
            "revenue": 304497
        },
        "2018-03": {
            "month": "2018-03",
            "price": "66.77",
            "revenue": 388983
        },
        "2018-04": {
            "month": "2018-04",
            "price": "64.54",
            "revenue": 386909
        },
        "2018-05": {
            "month": "2018-05",
            "price": "65.18",
            "revenue": 385562
        },
        "2018-06": {
            "month": "2018-06",
            "price": "70.71",
            "revenue": 405048
        },
        "2018-07": {
            "month": "2018-07",
            "price": "68.50",
            "revenue": 379384
        },
        "2018-08": {
            "month": "2018-08",
            "price": "65.97",
            "revenue": 424131
        },
        "2018-09": {
            "month": "2018-09",
            "price": "80.58",
            "revenue": 420774
        },
        "2018-10": {
            "month": "2018-10",
            "price": "64.30",
            "revenue": 373845
        },
        "2018-11": {
            "month": "2018-11",
            "price": "67.56",
            "revenue": 409190
        },
        "2018-12": {
            "month": "2018-12",
            "price": "77.12",
            "revenue": 438569
        },
        "2019-01": {
            "month": "2019-01",
            "price": "81.60",
            "revenue": 505202
        },
        "2019-02": {
            "month": "2019-02",
            "price": "96.38",
            "revenue": 350461
        },
        "2019-03": {
            "month": "2019-03",
            "price": "108.10",
            "revenue": 416276
        },
        "2019-04": {
            "month": "2019-04",
            "price": "122.05",
            "revenue": 392317
        },
        "2019-05": {
            "month": "2019-05",
            "price": "105.80",
            "revenue": 451740
        },
        "2019-06": {
            "month": "2019-06",
            "price": "118.03",
            "revenue": 460502
        },
        "2019-07": {
            "month": "2019-07",
            "price": "127.48",
            "revenue": 441066
        },
        "2019-08": {
            "month": "2019-08",
            "price": "142.95",
            "revenue": 453602
        },
        "2019-09": {
            "month": "2019-09",
            "price": "137.18",
            "revenue": 490392
        },
        "2019-10": {
            "month": "2019-10",
            "price": "144.36",
            "revenue": 518267
        },
        "2019-11": {
            "month": "2019-11",
            "price": "186.21",
            "revenue": 505569
        },
        "2019-12": {
            "month": "2019-12",
            "price": "203.82",
            "revenue": 503126
        },
        "2020-01": {
            "month": "2020-01",
            "price": "226.37",
            "revenue": 552219
        },
        "2020-02": {
            "month": "2020-02",
            "price": "224.05",
            "revenue": 465436
        },
        "2020-03": {
            "month": "2020-03",
            "price": "171.43",
            "revenue": 653877
        },
        "2020-04": {
            "month": "2020-04",
            "price": "201.62",
            "revenue": 619188
        },
        "2020-05": {
            "month": "2020-05",
            "price": "218.70",
            "revenue": 582934
        },
        "2020-06": {
            "month": "2020-06",
            "price": "269.90",
            "revenue": 587132
        },
        "2020-07": {
            "month": "2020-07",
            "price": "300.50",
            "revenue": 541245
        },
        "2020-08": {
            "month": "2020-08",
            "price": "315.48",
            "revenue": 559296
        },
        "2020-09": {
            "month": "2020-09",
            "price": "299.00",
            "revenue": 571133
        },
        "2020-10": {
            "month": "2020-10",
            "price": "316.39",
            "revenue": 502042
        },
        "2020-11": {
            "month": "2020-11",
            "price": "277.48",
            "revenue": 561715
        },
        "2020-12": {
            "month": "2020-12",
            "price": "265.37",
            "revenue": 649280
        },
        "2021-01": {
            "month": "2021-01",
            "price": "298.28",
            "revenue": 626528
        },
        "2021-02": {
            "month": "2021-02",
            "price": "313.96",
            "revenue": 556137
        },
        "2021-03": {
            "month": "2021-03",
            "price": "295.45",
            "revenue": 670992
        },
        "2021-04": {
            "month": "2021-04",
            "price": "284.58",
            "revenue": 684674
        },
        "2021-05": {
            "month": "2021-05",
            "price": "253.86",
            "revenue": 728596
        },
        "2021-06": {
            "month": "2021-06",
            "price": "295.74",
            "revenue": 756057
        },
        "2021-07": {
            "month": "2021-07",
            "price": "320.98",
            "revenue": 783509
        },
        "2021-08": {
            "month": "2021-08",
            "price": "306.89",
            "revenue": 765410
        },
        "2021-09": {
            "month": "2021-09",
            "price": "308.72",
            "revenue": 773555
        },
        "2021-10": {
            "month": "2021-10",
            "price": "354.75",
            "revenue": 755483
        },
        "2021-11": {
            "month": "2021-11",
            "price": "399.16",
            "revenue": 814408
        },
        "2021-12": {
            "month": "2021-12",
            "price": "418.43",
            "revenue": 885800
        },
        "2022-01": {
            "month": "2022-01",
            "price": "393.31",
            "revenue": 885816
        },
        "2022-02": {
            "month": "2022-02",
            "price": "395.80",
            "revenue": 686894
        },
        "2022-03": {
            "month": "2022-03",
            "price": "376.13",
            "revenue": 940122
        },
        "2022-04": {
            "month": "2022-04",
            "price": "390.53",
            "revenue": 848244
        },
        "2022-05": {
            "month": "2022-05",
            "price": "365.02",
            "revenue": 903452
        },
        "2022-06": {
            "month": "2022-06",
            "price": "371.31",
            "revenue": 1098596
        },
        "2022-07": {
            "month": "2022-07",
            "price": "336.33",
            "revenue": 919515
        },
        "2022-08": {
            "month": "2022-08",
            "price": "394.39",
            "revenue": 1122164
        },
        "2022-09": {
            "month": "2022-09",
            "price": "381.07",
            "revenue": 1204526
        },
        "2022-10": {
            "month": "2022-10",
            "price": "366.05",
            "revenue": 1100304
        },
        "2022-11": {
            "month": "2022-11",
            "price": "378.82",
            "revenue": 1195584
        },
        "2022-12": {
            "month": "2022-12",
            "price": "388.27",
            "revenue": 1126677
        },
        "2023-01": {
            "month": "2023-01",
            "price": "378.50",
            "revenue": 919884
        },
        "2023-02": {
            "month": "2023-02",
            "price": "400.56",
            "revenue": 911928
        },
        "2023-03": {
            "month": "2023-03",
            "price": "423.96",
            "revenue": 993186
        },
        "2023-04": {
            "month": "2023-04",
            "price": "467.79",
            "revenue": 900708
        }
    }
}
