{
    "summary": {
        "stock_name": "世芯-KY",
        "stock_id": "3661",
        "category": "半導體",
        "main_business": "專業特殊應用積體電路(Application Specific IC, ASIC)<br>系統單晶片(System-on-Chip; SoC)設計及製造生產",
        "website_url": "http://www.alchip.com",
        "ceo": "沈翔霖",
        "pe_ratio": 100,
        "report_year_from": 2010,
        "report_year_to": 2023,
        "age": 14,
        "eps_negative_percentage": 8,
        "eps_growth_avg": {
            "last_all": 9.81,
            "last_2y": 31.72,
            "last_4y": 51.43,
            "last_8y": 11.74,
            "last_12y": null,
            "last_16y": null,
            "last_20y": null,
            "at_2006_last_3y": null,
            "at_2007_last_3y": null,
            "at_2008_last_3y": null,
            "at_2009_last_3y": null,
            "at_2010_last_3y": null,
            "at_2011_last_3y": null,
            "at_2012_last_3y": null,
            "at_2013_last_3y": null,
            "at_2014_last_3y": null,
            "at_2015_last_3y": null,
            "at_2016_last_3y": null,
            "at_2017_last_3y": -15.03,
            "at_2018_last_3y": -54.4,
            "at_2019_last_3y": -15.01,
            "at_2020_last_3y": 47.95,
            "at_2021_last_3y": 50.19,
            "at_2022_last_3y": 59.8,
            "at_2023_last_3y": 46.01,
            "at_2024_last_3y": 46.01,
            "at_2006_last_all": null,
            "at_2007_last_all": null,
            "at_2008_last_all": null,
            "at_2009_last_all": null,
            "at_2010_last_all": null,
            "at_2011_last_all": null,
            "at_2012_last_all": null,
            "at_2013_last_all": null,
            "at_2014_last_all": 2.07,
            "at_2015_last_all": -13.65,
            "at_2016_last_all": -35.23,
            "at_2017_last_all": -35.23,
            "at_2018_last_all": -31.81,
            "at_2019_last_all": -14.33,
            "at_2020_last_all": 0.42,
            "at_2021_last_all": 7.48,
            "at_2022_last_all": 8.91,
            "at_2023_last_all": 9.81,
            "at_2024_last_all": 9.81
        },
        "latest_eps": 36.71,
        "latest_price": 4015,
        "latest_roe": 17.91,
        "latest_gross_margin": 23.7,
        "latest_equity": 17554832,
        "latest_revenue": 7609996,
        "latest_gross_profit": 1803682,
        "latest_net_income": 885057,
        "latest_debt_ratio": 35.42,
        "latest_current_ratio": 259.62,
        "latest_account_receivable_turnover_ratio": 2.54,
        "latest_inventory_turnover_ratio": 0.62,
        "latest_reinvestment_rate": 12.69,
        "latest_research_to_sale_ratio": 6.13
    },
    "eps_dividends": {
        "2001": {
            "cash": 0,
            "stock": 0,
            "eps": 0
        },
        "2002": {
            "cash": 0,
            "stock": 0,
            "eps": 0
        },
        "2003": {
            "cash": 0,
            "stock": 0,
            "eps": 0
        },
        "2004": {
            "cash": 0,
            "stock": 0,
            "eps": 0
        },
        "2005": {
            "cash": 0,
            "stock": 0,
            "eps": 0
        },
        "2006": {
            "cash": 0,
            "stock": 0,
            "eps": 0
        },
        "2007": {
            "cash": 0,
            "stock": 0,
            "eps": 0
        },
        "2008": {
            "cash": 0,
            "stock": 0,
            "eps": 0
        },
        "2009": {
            "cash": 0,
            "stock": 0,
            "eps": 0
        },
        "2010": {
            "cash": 0,
            "stock": 0,
            "eps": 1.45
        },
        "2011": {
            "cash": 1.16,
            "stock": 0,
            "eps": 0
        },
        "2012": {
            "cash": 0,
            "stock": 0,
            "eps": 0
        },
        "2013": {
            "cash": 0,
            "stock": 0,
            "eps": 0.06
        },
        "2014": {
            "cash": 0.18,
            "stock": 0,
            "eps": 3.86
        },
        "2015": {
            "cash": 0.62,
            "stock": 0,
            "eps": 2.12
        },
        "2016": {
            "cash": 0.48,
            "stock": 0,
            "eps": -3.43
        },
        "2017": {
            "cash": 0,
            "stock": 0,
            "eps": 5.08
        },
        "2018": {
            "cash": 1.05,
            "stock": 0,
            "eps": 4.16
        },
        "2019": {
            "cash": 1.52,
            "stock": 0,
            "eps": 7.2
        },
        "2020": {
            "cash": 3.5,
            "stock": 0,
            "eps": 13.6
        },
        "2021": {
            "cash": 6.6,
            "stock": 0,
            "eps": 21.34
        },
        "2022": {
            "cash": 11.14,
            "stock": 0,
            "eps": 25.68
        },
        "2023": {
            "cash": 12.92,
            "stock": 0,
            "eps": 30.28
        }
    },
    "dividends": {
        "2011-01-01": {
            "cash": 0.15,
            "stock": 0
        },
        "2011-02-18": {
            "cash": 1.01,
            "stock": 0
        },
        "2014-10-03": {
            "cash": 0.18,
            "stock": 0
        },
        "2015-09-25": {
            "cash": 0.62,
            "stock": 0
        },
        "2016-09-21": {
            "cash": 0.48,
            "stock": 0
        },
        "2018-10-04": {
            "cash": 1.05,
            "stock": 0
        },
        "2019-09-26": {
            "cash": 1.52,
            "stock": 0
        },
        "2020-09-24": {
            "cash": 3.5,
            "stock": 0
        },
        "2021-10-14": {
            "cash": 6.6,
            "stock": 0
        },
        "2022-10-20": {
            "cash": 11.14,
            "stock": 0
        },
        "2023-10-06": {
            "cash": 12.92,
            "stock": 0
        }
    },
    "prices": {
        "200101": "無",
        "200102": "無",
        "200103": "無",
        "200104": "無",
        "200105": "無",
        "200106": "無",
        "200107": "無",
        "200108": "無",
        "200109": "無",
        "200110": "無",
        "200111": "無",
        "200112": "無",
        "200201": "無",
        "200202": "無",
        "200203": "無",
        "200204": "無",
        "200205": "無",
        "200206": "無",
        "200207": "無",
        "200208": "無",
        "200209": "無",
        "200210": "無",
        "200211": "無",
        "200212": "無",
        "200301": "無",
        "200302": "無",
        "200303": "無",
        "200304": "無",
        "200305": "無",
        "200306": "無",
        "200307": "無",
        "200308": "無",
        "200309": "無",
        "200310": "無",
        "200311": "無",
        "200312": "無",
        "200401": "無",
        "200402": "無",
        "200403": "無",
        "200404": "無",
        "200405": "無",
        "200406": "無",
        "200407": "無",
        "200408": "無",
        "200409": "無",
        "200410": "無",
        "200411": "無",
        "200412": "無",
        "200501": "無",
        "200502": "無",
        "200503": "無",
        "200504": "無",
        "200505": "無",
        "200506": "無",
        "200507": "無",
        "200508": "無",
        "200509": "無",
        "200510": "無",
        "200511": "無",
        "200512": "無",
        "200601": "無",
        "200602": "無",
        "200603": "無",
        "200604": "無",
        "200605": "無",
        "200606": "無",
        "200607": "無",
        "200608": "無",
        "200609": "無",
        "200610": "無",
        "200611": "無",
        "200612": "無",
        "200701": "無",
        "200702": "無",
        "200703": "無",
        "200704": "無",
        "200705": "無",
        "200706": "無",
        "200707": "無",
        "200708": "無",
        "200709": "無",
        "200710": "無",
        "200711": "無",
        "200712": "無",
        "200801": "無",
        "200802": "無",
        "200803": "無",
        "200804": "無",
        "200805": "無",
        "200806": "無",
        "200807": "無",
        "200808": "無",
        "200809": "無",
        "200810": "無",
        "200811": "無",
        "200812": "無",
        "200901": "無",
        "200902": "無",
        "200903": "無",
        "200904": "無",
        "200905": "無",
        "200906": "無",
        "200907": "無",
        "200908": "無",
        "200909": "無",
        "200910": "無",
        "200911": "無",
        "200912": "無",
        "201001": "無",
        "201002": "無",
        "201003": "無",
        "201004": "無",
        "201005": "無",
        "201006": "無",
        "201007": "無",
        "201008": "無",
        "201009": "無",
        "201010": "無",
        "201011": "無",
        "201012": "123.12",
        "201101": "114.64",
        "201102": "102.74",
        "201103": "94.64",
        "201104": "92.31",
        "201105": "78.98",
        "201106": "72.90",
        "201107": "65.12",
        "201108": "45.58",
        "201109": "37.50",
        "201110": "39.89",
        "201111": "41.59",
        "201112": "36.21",
        "201201": "33.15",
        "201202": "32.11",
        "201203": "31.82",
        "201204": "34.65",
        "201205": "40.09",
        "201206": "38.12",
        "201207": "35.97",
        "201208": "36.08",
        "201209": "36.04",
        "201210": "34.25",
        "201211": "31.20",
        "201212": "29.88",
        "201301": "30.05",
        "201302": "29.02",
        "201303": "26.55",
        "201304": "24.42",
        "201305": "20.54",
        "201306": "21.06",
        "201307": "29.02",
        "201308": "30.69",
        "201309": "36.50",
        "201310": "42.50",
        "201311": "52.76",
        "201312": "64.95",
        "201401": "66.67",
        "201402": "78.67",
        "201403": "95.66",
        "201404": "93.29",
        "201405": "93.76",
        "201406": "122.77",
        "201407": "133.16",
        "201408": "116.67",
        "201409": "115.61",
        "201410": "94.48",
        "201411": "101.84",
        "201412": "112.70",
        "201501": "95.64",
        "201502": "74.54",
        "201503": "65.53",
        "201504": "59.32",
        "201505": "49.90",
        "201506": "44.62",
        "201507": "47.51",
        "201508": "38.55",
        "201509": "39.04",
        "201510": "41.78",
        "201511": "41.06",
        "201512": "34.64",
        "201601": "33.97",
        "201602": "35.04",
        "201603": "36.32",
        "201604": "40.77",
        "201605": "31.72",
        "201606": "25.49",
        "201607": "26.88",
        "201608": "24.68",
        "201609": "25.13",
        "201610": "26.84",
        "201611": "28.55",
        "201612": "30.25",
        "201701": "29.91",
        "201702": "35.24",
        "201703": "42.99",
        "201704": "53.92",
        "201705": "60.34",
        "201706": "61.49",
        "201707": "69.39",
        "201708": "77.59",
        "201709": "81.82",
        "201710": "112.58",
        "201711": "94.15",
        "201712": "86.22",
        "201801": "103.80",
        "201802": "108.81",
        "201803": "130.70",
        "201804": "126.28",
        "201805": "135.41",
        "201806": "142.35",
        "201807": "136.18",
        "201808": "112.87",
        "201809": "98.36",
        "201810": "74.29",
        "201811": "77.89",
        "201812": "73.18",
        "201901": "73.58",
        "201902": "83.03",
        "201903": "80.08",
        "201904": "80.36",
        "201905": "81.24",
        "201906": "89.29",
        "201907": "95.72",
        "201908": "113.95",
        "201909": "141.26",
        "201910": "176.90",
        "201911": "211.64",
        "201912": "229.25",
        "202001": "237.27",
        "202002": "219.87",
        "202003": "197.70",
        "202004": "234.25",
        "202005": "286.60",
        "202006": "383.88",
        "202007": "539.17",
        "202008": "624.57",
        "202009": "491.05",
        "202010": "508.71",
        "202011": "588.69",
        "202012": "616.00",
        "202101": "809.80",
        "202102": "874.46",
        "202103": "889.91",
        "202104": "616.18",
        "202105": "455.24",
        "202106": "580.95",
        "202107": "651.36",
        "202108": "613.41",
        "202109": "819.35",
        "202110": "931.75",
        "202111": "1149.41",
        "202112": "993.91",
        "202201": "941.67",
        "202202": "1085.00",
        "202203": "1055.09",
        "202204": "942.74",
        "202205": "915.10",
        "202206": "780.62",
        "202207": "642.10",
        "202208": "742.70",
        "202209": "892.62",
        "202210": "717.45",
        "202211": "827.59",
        "202212": "849.09",
        "202301": "850.54",
        "202302": "942.78",
        "202303": "1121.61",
        "202304": "1261.76",
        "202305": "1429.09",
        "202306": "1733.25",
        "202307": "2007.86",
        "202308": "2135.68",
        "202309": "2534.50",
        "202310": "2653.75",
        "202311": "3074.77",
        "202312": "3353.33"
    },
    "quarters": {
        "20011": {
            "year_quarter": 20011,
            "year": 2001,
            "quarter": 1,
            "eps": null,
            "eps_growth_year": null,
            "eps_4q": null,
            "eps_4q_growth_year": null,
            "roe": null,
            "roe_4q": 0,
            "gross_profit": null,
            "gross_margin": null,
            "gross_margin_4q_avg": 0,
            "net_income": null,
            "net_income_4q": null,
            "revenue": null,
            "revenue_4q": null,
            "common_shares": null,
            "book_valuer_per_share": null,
            "book_valuer_per_share_4q_avg": 0,
            "equity": null,
            "current_ratio": null,
            "debt_ratio": null,
            "inventory_turnover_ratio": null,
            "account_receivable_turnover_ratio": null,
            "reinvestment_rate": null,
            "research_to_sale_ratio": null,
            "price_fair": 0,
            "eps_avg_yearly": 0,
            "eps_latest_yearly": 0,
            "eps_growth_yearly": 0
        },
        "20012": {
            "year_quarter": 20012,
            "year": 2001,
            "quarter": 2,
            "eps": null,
            "eps_growth_year": null,
            "eps_4q": null,
            "eps_4q_growth_year": null,
            "roe": null,
            "roe_4q": 0,
            "gross_profit": null,
            "gross_margin": null,
            "gross_margin_4q_avg": 0,
            "net_income": null,
            "net_income_4q": null,
            "revenue": null,
            "revenue_4q": null,
            "common_shares": null,
            "book_valuer_per_share": null,
            "book_valuer_per_share_4q_avg": 0,
            "equity": null,
            "current_ratio": null,
            "debt_ratio": null,
            "inventory_turnover_ratio": null,
            "account_receivable_turnover_ratio": null,
            "reinvestment_rate": null,
            "research_to_sale_ratio": null,
            "price_fair": 0,
            "eps_avg_yearly": 0,
            "eps_latest_yearly": 0,
            "eps_growth_yearly": 0
        },
        "20013": {
            "year_quarter": 20013,
            "year": 2001,
            "quarter": 3,
            "eps": null,
            "eps_growth_year": null,
            "eps_4q": null,
            "eps_4q_growth_year": null,
            "roe": null,
            "roe_4q": 0,
            "gross_profit": null,
            "gross_margin": null,
            "gross_margin_4q_avg": 0,
            "net_income": null,
            "net_income_4q": null,
            "revenue": null,
            "revenue_4q": null,
            "common_shares": null,
            "book_valuer_per_share": null,
            "book_valuer_per_share_4q_avg": 0,
            "equity": null,
            "current_ratio": null,
            "debt_ratio": null,
            "inventory_turnover_ratio": null,
            "account_receivable_turnover_ratio": null,
            "reinvestment_rate": null,
            "research_to_sale_ratio": null,
            "price_fair": 0,
            "eps_avg_yearly": 0,
            "eps_latest_yearly": 0,
            "eps_growth_yearly": 0
        },
        "20014": {
            "year_quarter": 20014,
            "year": 2001,
            "quarter": 4,
            "eps": null,
            "eps_growth_year": null,
            "eps_4q": null,
            "eps_4q_growth_year": null,
            "roe": null,
            "roe_4q": 0,
            "gross_profit": null,
            "gross_margin": null,
            "gross_margin_4q_avg": 0,
            "net_income": null,
            "net_income_4q": null,
            "revenue": null,
            "revenue_4q": null,
            "common_shares": null,
            "book_valuer_per_share": null,
            "book_valuer_per_share_4q_avg": 0,
            "equity": null,
            "current_ratio": null,
            "debt_ratio": null,
            "inventory_turnover_ratio": null,
            "account_receivable_turnover_ratio": null,
            "reinvestment_rate": null,
            "research_to_sale_ratio": null,
            "price_fair": 0,
            "eps_avg_yearly": 0,
            "eps_latest_yearly": 0,
            "eps_growth_yearly": 0
        },
        "20021": {
            "year_quarter": 20021,
            "year": 2002,
            "quarter": 1,
            "eps": null,
            "eps_growth_year": null,
            "eps_4q": null,
            "eps_4q_growth_year": null,
            "roe": null,
            "roe_4q": 0,
            "gross_profit": null,
            "gross_margin": null,
            "gross_margin_4q_avg": 0,
            "net_income": null,
            "net_income_4q": null,
            "revenue": null,
            "revenue_4q": null,
            "common_shares": null,
            "book_valuer_per_share": null,
            "book_valuer_per_share_4q_avg": 0,
            "equity": null,
            "current_ratio": null,
            "debt_ratio": null,
            "inventory_turnover_ratio": null,
            "account_receivable_turnover_ratio": null,
            "reinvestment_rate": null,
            "research_to_sale_ratio": null,
            "price_fair": 0,
            "eps_avg_yearly": 0,
            "eps_latest_yearly": 0,
            "eps_growth_yearly": 0
        },
        "20022": {
            "year_quarter": 20022,
            "year": 2002,
            "quarter": 2,
            "eps": null,
            "eps_growth_year": null,
            "eps_4q": null,
            "eps_4q_growth_year": null,
            "roe": null,
            "roe_4q": 0,
            "gross_profit": null,
            "gross_margin": null,
            "gross_margin_4q_avg": 0,
            "net_income": null,
            "net_income_4q": null,
            "revenue": null,
            "revenue_4q": null,
            "common_shares": null,
            "book_valuer_per_share": null,
            "book_valuer_per_share_4q_avg": 0,
            "equity": null,
            "current_ratio": null,
            "debt_ratio": null,
            "inventory_turnover_ratio": null,
            "account_receivable_turnover_ratio": null,
            "reinvestment_rate": null,
            "research_to_sale_ratio": null,
            "price_fair": 0,
            "eps_avg_yearly": 0,
            "eps_latest_yearly": 0,
            "eps_growth_yearly": 0
        },
        "20023": {
            "year_quarter": 20023,
            "year": 2002,
            "quarter": 3,
            "eps": null,
            "eps_growth_year": null,
            "eps_4q": null,
            "eps_4q_growth_year": null,
            "roe": null,
            "roe_4q": 0,
            "gross_profit": null,
            "gross_margin": null,
            "gross_margin_4q_avg": 0,
            "net_income": null,
            "net_income_4q": null,
            "revenue": null,
            "revenue_4q": null,
            "common_shares": null,
            "book_valuer_per_share": null,
            "book_valuer_per_share_4q_avg": 0,
            "equity": null,
            "current_ratio": null,
            "debt_ratio": null,
            "inventory_turnover_ratio": null,
            "account_receivable_turnover_ratio": null,
            "reinvestment_rate": null,
            "research_to_sale_ratio": null,
            "price_fair": 0,
            "eps_avg_yearly": 0,
            "eps_latest_yearly": 0,
            "eps_growth_yearly": 0
        },
        "20024": {
            "year_quarter": 20024,
            "year": 2002,
            "quarter": 4,
            "eps": null,
            "eps_growth_year": null,
            "eps_4q": null,
            "eps_4q_growth_year": null,
            "roe": null,
            "roe_4q": 0,
            "gross_profit": null,
            "gross_margin": null,
            "gross_margin_4q_avg": 0,
            "net_income": null,
            "net_income_4q": null,
            "revenue": null,
            "revenue_4q": null,
            "common_shares": null,
            "book_valuer_per_share": null,
            "book_valuer_per_share_4q_avg": 0,
            "equity": null,
            "current_ratio": null,
            "debt_ratio": null,
            "inventory_turnover_ratio": null,
            "account_receivable_turnover_ratio": null,
            "reinvestment_rate": null,
            "research_to_sale_ratio": null,
            "price_fair": 0,
            "eps_avg_yearly": 0,
            "eps_latest_yearly": 0,
            "eps_growth_yearly": 0
        },
        "20031": {
            "year_quarter": 20031,
            "year": 2003,
            "quarter": 1,
            "eps": null,
            "eps_growth_year": null,
            "eps_4q": null,
            "eps_4q_growth_year": null,
            "roe": null,
            "roe_4q": 0,
            "gross_profit": null,
            "gross_margin": null,
            "gross_margin_4q_avg": 0,
            "net_income": null,
            "net_income_4q": null,
            "revenue": null,
            "revenue_4q": null,
            "common_shares": null,
            "book_valuer_per_share": null,
            "book_valuer_per_share_4q_avg": 0,
            "equity": null,
            "current_ratio": null,
            "debt_ratio": null,
            "inventory_turnover_ratio": null,
            "account_receivable_turnover_ratio": null,
            "reinvestment_rate": null,
            "research_to_sale_ratio": null,
            "price_fair": 0,
            "eps_avg_yearly": 0,
            "eps_latest_yearly": 0,
            "eps_growth_yearly": 0
        },
        "20032": {
            "year_quarter": 20032,
            "year": 2003,
            "quarter": 2,
            "eps": null,
            "eps_growth_year": null,
            "eps_4q": null,
            "eps_4q_growth_year": null,
            "roe": null,
            "roe_4q": 0,
            "gross_profit": null,
            "gross_margin": null,
            "gross_margin_4q_avg": 0,
            "net_income": null,
            "net_income_4q": null,
            "revenue": null,
            "revenue_4q": null,
            "common_shares": null,
            "book_valuer_per_share": null,
            "book_valuer_per_share_4q_avg": 0,
            "equity": null,
            "current_ratio": null,
            "debt_ratio": null,
            "inventory_turnover_ratio": null,
            "account_receivable_turnover_ratio": null,
            "reinvestment_rate": null,
            "research_to_sale_ratio": null,
            "price_fair": 0,
            "eps_avg_yearly": 0,
            "eps_latest_yearly": 0,
            "eps_growth_yearly": 0
        },
        "20033": {
            "year_quarter": 20033,
            "year": 2003,
            "quarter": 3,
            "eps": null,
            "eps_growth_year": null,
            "eps_4q": null,
            "eps_4q_growth_year": null,
            "roe": null,
            "roe_4q": 0,
            "gross_profit": null,
            "gross_margin": null,
            "gross_margin_4q_avg": 0,
            "net_income": null,
            "net_income_4q": null,
            "revenue": null,
            "revenue_4q": null,
            "common_shares": null,
            "book_valuer_per_share": null,
            "book_valuer_per_share_4q_avg": 0,
            "equity": null,
            "current_ratio": null,
            "debt_ratio": null,
            "inventory_turnover_ratio": null,
            "account_receivable_turnover_ratio": null,
            "reinvestment_rate": null,
            "research_to_sale_ratio": null,
            "price_fair": 0,
            "eps_avg_yearly": 0,
            "eps_latest_yearly": 0,
            "eps_growth_yearly": 0
        },
        "20034": {
            "year_quarter": 20034,
            "year": 2003,
            "quarter": 4,
            "eps": null,
            "eps_growth_year": null,
            "eps_4q": null,
            "eps_4q_growth_year": null,
            "roe": null,
            "roe_4q": 0,
            "gross_profit": null,
            "gross_margin": null,
            "gross_margin_4q_avg": 0,
            "net_income": null,
            "net_income_4q": null,
            "revenue": null,
            "revenue_4q": null,
            "common_shares": null,
            "book_valuer_per_share": null,
            "book_valuer_per_share_4q_avg": 0,
            "equity": null,
            "current_ratio": null,
            "debt_ratio": null,
            "inventory_turnover_ratio": null,
            "account_receivable_turnover_ratio": null,
            "reinvestment_rate": null,
            "research_to_sale_ratio": null,
            "price_fair": 0,
            "eps_avg_yearly": 0,
            "eps_latest_yearly": 0,
            "eps_growth_yearly": 0
        },
        "20041": {
            "year_quarter": 20041,
            "year": 2004,
            "quarter": 1,
            "eps": null,
            "eps_growth_year": null,
            "eps_4q": null,
            "eps_4q_growth_year": null,
            "roe": null,
            "roe_4q": 0,
            "gross_profit": null,
            "gross_margin": null,
            "gross_margin_4q_avg": 0,
            "net_income": null,
            "net_income_4q": null,
            "revenue": null,
            "revenue_4q": null,
            "common_shares": null,
            "book_valuer_per_share": null,
            "book_valuer_per_share_4q_avg": 0,
            "equity": null,
            "current_ratio": null,
            "debt_ratio": null,
            "inventory_turnover_ratio": null,
            "account_receivable_turnover_ratio": null,
            "reinvestment_rate": null,
            "research_to_sale_ratio": null,
            "price_fair": 0,
            "eps_avg_yearly": 0,
            "eps_latest_yearly": 0,
            "eps_growth_yearly": 0
        },
        "20042": {
            "year_quarter": 20042,
            "year": 2004,
            "quarter": 2,
            "eps": null,
            "eps_growth_year": null,
            "eps_4q": null,
            "eps_4q_growth_year": null,
            "roe": null,
            "roe_4q": 0,
            "gross_profit": null,
            "gross_margin": null,
            "gross_margin_4q_avg": 0,
            "net_income": null,
            "net_income_4q": null,
            "revenue": null,
            "revenue_4q": null,
            "common_shares": null,
            "book_valuer_per_share": null,
            "book_valuer_per_share_4q_avg": 0,
            "equity": null,
            "current_ratio": null,
            "debt_ratio": null,
            "inventory_turnover_ratio": null,
            "account_receivable_turnover_ratio": null,
            "reinvestment_rate": null,
            "research_to_sale_ratio": null,
            "price_fair": 0,
            "eps_avg_yearly": 0,
            "eps_latest_yearly": 0,
            "eps_growth_yearly": 0
        },
        "20043": {
            "year_quarter": 20043,
            "year": 2004,
            "quarter": 3,
            "eps": null,
            "eps_growth_year": null,
            "eps_4q": null,
            "eps_4q_growth_year": null,
            "roe": null,
            "roe_4q": 0,
            "gross_profit": null,
            "gross_margin": null,
            "gross_margin_4q_avg": 0,
            "net_income": null,
            "net_income_4q": null,
            "revenue": null,
            "revenue_4q": null,
            "common_shares": null,
            "book_valuer_per_share": null,
            "book_valuer_per_share_4q_avg": 0,
            "equity": null,
            "current_ratio": null,
            "debt_ratio": null,
            "inventory_turnover_ratio": null,
            "account_receivable_turnover_ratio": null,
            "reinvestment_rate": null,
            "research_to_sale_ratio": null,
            "price_fair": 0,
            "eps_avg_yearly": 0,
            "eps_latest_yearly": 0,
            "eps_growth_yearly": 0
        },
        "20044": {
            "year_quarter": 20044,
            "year": 2004,
            "quarter": 4,
            "eps": null,
            "eps_growth_year": null,
            "eps_4q": null,
            "eps_4q_growth_year": null,
            "roe": null,
            "roe_4q": 0,
            "gross_profit": null,
            "gross_margin": null,
            "gross_margin_4q_avg": 0,
            "net_income": null,
            "net_income_4q": null,
            "revenue": null,
            "revenue_4q": null,
            "common_shares": null,
            "book_valuer_per_share": null,
            "book_valuer_per_share_4q_avg": 0,
            "equity": null,
            "current_ratio": null,
            "debt_ratio": null,
            "inventory_turnover_ratio": null,
            "account_receivable_turnover_ratio": null,
            "reinvestment_rate": null,
            "research_to_sale_ratio": null,
            "price_fair": 0,
            "eps_avg_yearly": 0,
            "eps_latest_yearly": 0,
            "eps_growth_yearly": 0
        },
        "20051": {
            "year_quarter": 20051,
            "year": 2005,
            "quarter": 1,
            "eps": null,
            "eps_growth_year": null,
            "eps_4q": null,
            "eps_4q_growth_year": null,
            "roe": null,
            "roe_4q": 0,
            "gross_profit": null,
            "gross_margin": null,
            "gross_margin_4q_avg": 0,
            "net_income": null,
            "net_income_4q": null,
            "revenue": null,
            "revenue_4q": null,
            "common_shares": null,
            "book_valuer_per_share": null,
            "book_valuer_per_share_4q_avg": 0,
            "equity": null,
            "current_ratio": null,
            "debt_ratio": null,
            "inventory_turnover_ratio": null,
            "account_receivable_turnover_ratio": null,
            "reinvestment_rate": null,
            "research_to_sale_ratio": null,
            "price_fair": 0,
            "eps_avg_yearly": 0,
            "eps_latest_yearly": 0,
            "eps_growth_yearly": 0
        },
        "20052": {
            "year_quarter": 20052,
            "year": 2005,
            "quarter": 2,
            "eps": null,
            "eps_growth_year": null,
            "eps_4q": null,
            "eps_4q_growth_year": null,
            "roe": null,
            "roe_4q": 0,
            "gross_profit": null,
            "gross_margin": null,
            "gross_margin_4q_avg": 0,
            "net_income": null,
            "net_income_4q": null,
            "revenue": null,
            "revenue_4q": null,
            "common_shares": null,
            "book_valuer_per_share": null,
            "book_valuer_per_share_4q_avg": 0,
            "equity": null,
            "current_ratio": null,
            "debt_ratio": null,
            "inventory_turnover_ratio": null,
            "account_receivable_turnover_ratio": null,
            "reinvestment_rate": null,
            "research_to_sale_ratio": null,
            "price_fair": 0,
            "eps_avg_yearly": 0,
            "eps_latest_yearly": 0,
            "eps_growth_yearly": 0
        },
        "20053": {
            "year_quarter": 20053,
            "year": 2005,
            "quarter": 3,
            "eps": null,
            "eps_growth_year": null,
            "eps_4q": null,
            "eps_4q_growth_year": null,
            "roe": null,
            "roe_4q": 0,
            "gross_profit": null,
            "gross_margin": null,
            "gross_margin_4q_avg": 0,
            "net_income": null,
            "net_income_4q": null,
            "revenue": null,
            "revenue_4q": null,
            "common_shares": null,
            "book_valuer_per_share": null,
            "book_valuer_per_share_4q_avg": 0,
            "equity": null,
            "current_ratio": null,
            "debt_ratio": null,
            "inventory_turnover_ratio": null,
            "account_receivable_turnover_ratio": null,
            "reinvestment_rate": null,
            "research_to_sale_ratio": null,
            "price_fair": 0,
            "eps_avg_yearly": 0,
            "eps_latest_yearly": 0,
            "eps_growth_yearly": 0
        },
        "20054": {
            "year_quarter": 20054,
            "year": 2005,
            "quarter": 4,
            "eps": null,
            "eps_growth_year": null,
            "eps_4q": null,
            "eps_4q_growth_year": null,
            "roe": null,
            "roe_4q": 0,
            "gross_profit": null,
            "gross_margin": null,
            "gross_margin_4q_avg": 0,
            "net_income": null,
            "net_income_4q": null,
            "revenue": null,
            "revenue_4q": null,
            "common_shares": null,
            "book_valuer_per_share": null,
            "book_valuer_per_share_4q_avg": 0,
            "equity": null,
            "current_ratio": null,
            "debt_ratio": null,
            "inventory_turnover_ratio": null,
            "account_receivable_turnover_ratio": null,
            "reinvestment_rate": null,
            "research_to_sale_ratio": null,
            "price_fair": 0,
            "eps_avg_yearly": 0,
            "eps_latest_yearly": 0,
            "eps_growth_yearly": 0
        },
        "20061": {
            "year_quarter": 20061,
            "year": 2006,
            "quarter": 1,
            "eps": null,
            "eps_growth_year": null,
            "eps_4q": null,
            "eps_4q_growth_year": null,
            "roe": null,
            "roe_4q": 0,
            "gross_profit": null,
            "gross_margin": null,
            "gross_margin_4q_avg": 0,
            "net_income": null,
            "net_income_4q": null,
            "revenue": null,
            "revenue_4q": null,
            "common_shares": null,
            "book_valuer_per_share": null,
            "book_valuer_per_share_4q_avg": 0,
            "equity": null,
            "current_ratio": null,
            "debt_ratio": null,
            "inventory_turnover_ratio": null,
            "account_receivable_turnover_ratio": null,
            "reinvestment_rate": null,
            "research_to_sale_ratio": null,
            "price_fair": 0,
            "eps_avg_yearly": 0,
            "eps_latest_yearly": 0,
            "eps_growth_yearly": 0
        },
        "20062": {
            "year_quarter": 20062,
            "year": 2006,
            "quarter": 2,
            "eps": null,
            "eps_growth_year": null,
            "eps_4q": null,
            "eps_4q_growth_year": null,
            "roe": null,
            "roe_4q": 0,
            "gross_profit": null,
            "gross_margin": null,
            "gross_margin_4q_avg": 0,
            "net_income": null,
            "net_income_4q": null,
            "revenue": null,
            "revenue_4q": null,
            "common_shares": null,
            "book_valuer_per_share": null,
            "book_valuer_per_share_4q_avg": 0,
            "equity": null,
            "current_ratio": null,
            "debt_ratio": null,
            "inventory_turnover_ratio": null,
            "account_receivable_turnover_ratio": null,
            "reinvestment_rate": null,
            "research_to_sale_ratio": null,
            "price_fair": 0,
            "eps_avg_yearly": 0,
            "eps_latest_yearly": 0,
            "eps_growth_yearly": 0
        },
        "20063": {
            "year_quarter": 20063,
            "year": 2006,
            "quarter": 3,
            "eps": null,
            "eps_growth_year": null,
            "eps_4q": null,
            "eps_4q_growth_year": null,
            "roe": null,
            "roe_4q": 0,
            "gross_profit": null,
            "gross_margin": null,
            "gross_margin_4q_avg": 0,
            "net_income": null,
            "net_income_4q": null,
            "revenue": null,
            "revenue_4q": null,
            "common_shares": null,
            "book_valuer_per_share": null,
            "book_valuer_per_share_4q_avg": 0,
            "equity": null,
            "current_ratio": null,
            "debt_ratio": null,
            "inventory_turnover_ratio": null,
            "account_receivable_turnover_ratio": null,
            "reinvestment_rate": null,
            "research_to_sale_ratio": null,
            "price_fair": 0,
            "eps_avg_yearly": 0,
            "eps_latest_yearly": 0,
            "eps_growth_yearly": 0
        },
        "20064": {
            "year_quarter": 20064,
            "year": 2006,
            "quarter": 4,
            "eps": null,
            "eps_growth_year": null,
            "eps_4q": null,
            "eps_4q_growth_year": null,
            "roe": null,
            "roe_4q": 0,
            "gross_profit": null,
            "gross_margin": null,
            "gross_margin_4q_avg": 0,
            "net_income": null,
            "net_income_4q": null,
            "revenue": null,
            "revenue_4q": null,
            "common_shares": null,
            "book_valuer_per_share": null,
            "book_valuer_per_share_4q_avg": 0,
            "equity": null,
            "current_ratio": null,
            "debt_ratio": null,
            "inventory_turnover_ratio": null,
            "account_receivable_turnover_ratio": null,
            "reinvestment_rate": null,
            "research_to_sale_ratio": null,
            "price_fair": 0,
            "eps_avg_yearly": 0,
            "eps_latest_yearly": 0,
            "eps_growth_yearly": 0
        },
        "20071": {
            "year_quarter": 20071,
            "year": 2007,
            "quarter": 1,
            "eps": null,
            "eps_growth_year": null,
            "eps_4q": null,
            "eps_4q_growth_year": null,
            "roe": null,
            "roe_4q": 0,
            "gross_profit": null,
            "gross_margin": null,
            "gross_margin_4q_avg": 0,
            "net_income": null,
            "net_income_4q": null,
            "revenue": null,
            "revenue_4q": null,
            "common_shares": null,
            "book_valuer_per_share": null,
            "book_valuer_per_share_4q_avg": 0,
            "equity": null,
            "current_ratio": null,
            "debt_ratio": null,
            "inventory_turnover_ratio": null,
            "account_receivable_turnover_ratio": null,
            "reinvestment_rate": null,
            "research_to_sale_ratio": null,
            "price_fair": 0,
            "eps_avg_yearly": 0,
            "eps_latest_yearly": 0,
            "eps_growth_yearly": 0
        },
        "20072": {
            "year_quarter": 20072,
            "year": 2007,
            "quarter": 2,
            "eps": null,
            "eps_growth_year": null,
            "eps_4q": null,
            "eps_4q_growth_year": null,
            "roe": null,
            "roe_4q": 0,
            "gross_profit": null,
            "gross_margin": null,
            "gross_margin_4q_avg": 0,
            "net_income": null,
            "net_income_4q": null,
            "revenue": null,
            "revenue_4q": null,
            "common_shares": null,
            "book_valuer_per_share": null,
            "book_valuer_per_share_4q_avg": 0,
            "equity": null,
            "current_ratio": null,
            "debt_ratio": null,
            "inventory_turnover_ratio": null,
            "account_receivable_turnover_ratio": null,
            "reinvestment_rate": null,
            "research_to_sale_ratio": null,
            "price_fair": 0,
            "eps_avg_yearly": 0,
            "eps_latest_yearly": 0,
            "eps_growth_yearly": 0
        },
        "20073": {
            "year_quarter": 20073,
            "year": 2007,
            "quarter": 3,
            "eps": null,
            "eps_growth_year": null,
            "eps_4q": null,
            "eps_4q_growth_year": null,
            "roe": null,
            "roe_4q": 0,
            "gross_profit": null,
            "gross_margin": null,
            "gross_margin_4q_avg": 0,
            "net_income": null,
            "net_income_4q": null,
            "revenue": null,
            "revenue_4q": null,
            "common_shares": null,
            "book_valuer_per_share": null,
            "book_valuer_per_share_4q_avg": 0,
            "equity": null,
            "current_ratio": null,
            "debt_ratio": null,
            "inventory_turnover_ratio": null,
            "account_receivable_turnover_ratio": null,
            "reinvestment_rate": null,
            "research_to_sale_ratio": null,
            "price_fair": 0,
            "eps_avg_yearly": 0,
            "eps_latest_yearly": 0,
            "eps_growth_yearly": 0
        },
        "20074": {
            "year_quarter": 20074,
            "year": 2007,
            "quarter": 4,
            "eps": null,
            "eps_growth_year": null,
            "eps_4q": null,
            "eps_4q_growth_year": null,
            "roe": null,
            "roe_4q": 0,
            "gross_profit": null,
            "gross_margin": null,
            "gross_margin_4q_avg": 0,
            "net_income": null,
            "net_income_4q": null,
            "revenue": null,
            "revenue_4q": null,
            "common_shares": 135,
            "book_valuer_per_share": -907.04,
            "book_valuer_per_share_4q_avg": -226.76,
            "equity": -12245,
            "current_ratio": 199.24,
            "debt_ratio": 101.02,
            "inventory_turnover_ratio": null,
            "account_receivable_turnover_ratio": null,
            "reinvestment_rate": null,
            "research_to_sale_ratio": null,
            "price_fair": 0,
            "eps_avg_yearly": 0,
            "eps_latest_yearly": 0,
            "eps_growth_yearly": 0
        },
        "20081": {
            "year_quarter": 20081,
            "year": 2008,
            "quarter": 1,
            "eps": null,
            "eps_growth_year": null,
            "eps_4q": null,
            "eps_4q_growth_year": null,
            "roe": null,
            "roe_4q": 0,
            "gross_profit": null,
            "gross_margin": null,
            "gross_margin_4q_avg": 0,
            "net_income": null,
            "net_income_4q": null,
            "revenue": null,
            "revenue_4q": null,
            "common_shares": null,
            "book_valuer_per_share": null,
            "book_valuer_per_share_4q_avg": -226.76,
            "equity": null,
            "current_ratio": null,
            "debt_ratio": null,
            "inventory_turnover_ratio": null,
            "account_receivable_turnover_ratio": null,
            "reinvestment_rate": null,
            "research_to_sale_ratio": null,
            "price_fair": 0,
            "eps_avg_yearly": 0,
            "eps_latest_yearly": 0,
            "eps_growth_yearly": 0
        },
        "20082": {
            "year_quarter": 20082,
            "year": 2008,
            "quarter": 2,
            "eps": null,
            "eps_growth_year": null,
            "eps_4q": null,
            "eps_4q_growth_year": null,
            "roe": null,
            "roe_4q": 0,
            "gross_profit": null,
            "gross_margin": null,
            "gross_margin_4q_avg": 0,
            "net_income": null,
            "net_income_4q": null,
            "revenue": null,
            "revenue_4q": null,
            "common_shares": null,
            "book_valuer_per_share": null,
            "book_valuer_per_share_4q_avg": -226.76,
            "equity": null,
            "current_ratio": null,
            "debt_ratio": null,
            "inventory_turnover_ratio": null,
            "account_receivable_turnover_ratio": null,
            "reinvestment_rate": null,
            "research_to_sale_ratio": null,
            "price_fair": 0,
            "eps_avg_yearly": 0,
            "eps_latest_yearly": 0,
            "eps_growth_yearly": 0
        },
        "20083": {
            "year_quarter": 20083,
            "year": 2008,
            "quarter": 3,
            "eps": null,
            "eps_growth_year": null,
            "eps_4q": null,
            "eps_4q_growth_year": null,
            "roe": null,
            "roe_4q": 0,
            "gross_profit": null,
            "gross_margin": null,
            "gross_margin_4q_avg": 0,
            "net_income": null,
            "net_income_4q": null,
            "revenue": null,
            "revenue_4q": null,
            "common_shares": null,
            "book_valuer_per_share": null,
            "book_valuer_per_share_4q_avg": -226.76,
            "equity": null,
            "current_ratio": null,
            "debt_ratio": null,
            "inventory_turnover_ratio": null,
            "account_receivable_turnover_ratio": null,
            "reinvestment_rate": null,
            "research_to_sale_ratio": null,
            "price_fair": 0,
            "eps_avg_yearly": 0,
            "eps_latest_yearly": 0,
            "eps_growth_yearly": 0
        },
        "20084": {
            "year_quarter": 20084,
            "year": 2008,
            "quarter": 4,
            "eps": null,
            "eps_growth_year": null,
            "eps_4q": null,
            "eps_4q_growth_year": null,
            "roe": null,
            "roe_4q": 0,
            "gross_profit": null,
            "gross_margin": null,
            "gross_margin_4q_avg": 0,
            "net_income": null,
            "net_income_4q": null,
            "revenue": null,
            "revenue_4q": null,
            "common_shares": 139,
            "book_valuer_per_share": -14086.33,
            "book_valuer_per_share_4q_avg": -3521.58,
            "equity": -195800,
            "current_ratio": 199.35,
            "debt_ratio": 122.59,
            "inventory_turnover_ratio": null,
            "account_receivable_turnover_ratio": null,
            "reinvestment_rate": null,
            "research_to_sale_ratio": null,
            "price_fair": 0,
            "eps_avg_yearly": 0,
            "eps_latest_yearly": 0,
            "eps_growth_yearly": 0
        },
        "20091": {
            "year_quarter": 20091,
            "year": 2009,
            "quarter": 1,
            "eps": null,
            "eps_growth_year": null,
            "eps_4q": null,
            "eps_4q_growth_year": null,
            "roe": null,
            "roe_4q": 0,
            "gross_profit": null,
            "gross_margin": null,
            "gross_margin_4q_avg": 0,
            "net_income": null,
            "net_income_4q": null,
            "revenue": null,
            "revenue_4q": null,
            "common_shares": null,
            "book_valuer_per_share": null,
            "book_valuer_per_share_4q_avg": -3521.58,
            "equity": null,
            "current_ratio": null,
            "debt_ratio": null,
            "inventory_turnover_ratio": null,
            "account_receivable_turnover_ratio": null,
            "reinvestment_rate": null,
            "research_to_sale_ratio": null,
            "price_fair": 0,
            "eps_avg_yearly": 0,
            "eps_latest_yearly": 0,
            "eps_growth_yearly": 0
        },
        "20092": {
            "year_quarter": 20092,
            "year": 2009,
            "quarter": 2,
            "eps": null,
            "eps_growth_year": null,
            "eps_4q": null,
            "eps_4q_growth_year": null,
            "roe": null,
            "roe_4q": 0,
            "gross_profit": null,
            "gross_margin": null,
            "gross_margin_4q_avg": 0,
            "net_income": null,
            "net_income_4q": null,
            "revenue": null,
            "revenue_4q": null,
            "common_shares": 0,
            "book_valuer_per_share": null,
            "book_valuer_per_share_4q_avg": -3521.58,
            "equity": 0,
            "current_ratio": null,
            "debt_ratio": null,
            "inventory_turnover_ratio": null,
            "account_receivable_turnover_ratio": null,
            "reinvestment_rate": null,
            "research_to_sale_ratio": null,
            "price_fair": 0,
            "eps_avg_yearly": 0,
            "eps_latest_yearly": 0,
            "eps_growth_yearly": 0
        },
        "20093": {
            "year_quarter": 20093,
            "year": 2009,
            "quarter": 3,
            "eps": null,
            "eps_growth_year": null,
            "eps_4q": null,
            "eps_4q_growth_year": null,
            "roe": null,
            "roe_4q": 0,
            "gross_profit": 0,
            "gross_margin": null,
            "gross_margin_4q_avg": 0,
            "net_income": 0,
            "net_income_4q": null,
            "revenue": 0,
            "revenue_4q": null,
            "common_shares": 0,
            "book_valuer_per_share": null,
            "book_valuer_per_share_4q_avg": -3521.58,
            "equity": 0,
            "current_ratio": null,
            "debt_ratio": null,
            "inventory_turnover_ratio": null,
            "account_receivable_turnover_ratio": null,
            "reinvestment_rate": null,
            "research_to_sale_ratio": null,
            "price_fair": 0,
            "eps_avg_yearly": 0,
            "eps_latest_yearly": 0,
            "eps_growth_yearly": 0
        },
        "20094": {
            "year_quarter": 20094,
            "year": 2009,
            "quarter": 4,
            "eps": null,
            "eps_growth_year": null,
            "eps_4q": null,
            "eps_4q_growth_year": null,
            "roe": null,
            "roe_4q": 0,
            "gross_profit": 531653,
            "gross_margin": null,
            "gross_margin_4q_avg": 0,
            "net_income": 14852,
            "net_income_4q": null,
            "revenue": 948465,
            "revenue_4q": null,
            "common_shares": 135,
            "book_valuer_per_share": -12633.63,
            "book_valuer_per_share_4q_avg": -3158.41,
            "equity": -170554,
            "current_ratio": 108.15,
            "debt_ratio": 113.56,
            "inventory_turnover_ratio": null,
            "account_receivable_turnover_ratio": null,
            "reinvestment_rate": null,
            "research_to_sale_ratio": null,
            "price_fair": 0,
            "eps_avg_yearly": 0,
            "eps_latest_yearly": 0,
            "eps_growth_yearly": 0
        },
        "20101": {
            "year_quarter": 20101,
            "year": 2010,
            "quarter": 1,
            "eps": null,
            "eps_growth_year": null,
            "eps_4q": null,
            "eps_4q_growth_year": null,
            "roe": null,
            "roe_4q": 0,
            "gross_profit": null,
            "gross_margin": null,
            "gross_margin_4q_avg": 0,
            "net_income": null,
            "net_income_4q": null,
            "revenue": null,
            "revenue_4q": null,
            "common_shares": null,
            "book_valuer_per_share": null,
            "book_valuer_per_share_4q_avg": -3158.41,
            "equity": null,
            "current_ratio": null,
            "debt_ratio": null,
            "inventory_turnover_ratio": null,
            "account_receivable_turnover_ratio": null,
            "reinvestment_rate": null,
            "research_to_sale_ratio": null,
            "price_fair": 0,
            "eps_avg_yearly": 0,
            "eps_latest_yearly": 0,
            "eps_growth_yearly": 0
        },
        "20102": {
            "year_quarter": 20102,
            "year": 2010,
            "quarter": 2,
            "eps": null,
            "eps_growth_year": null,
            "eps_4q": null,
            "eps_4q_growth_year": null,
            "roe": null,
            "roe_4q": 0,
            "gross_profit": null,
            "gross_margin": null,
            "gross_margin_4q_avg": 0,
            "net_income": null,
            "net_income_4q": null,
            "revenue": null,
            "revenue_4q": null,
            "common_shares": 833,
            "book_valuer_per_share": 0,
            "book_valuer_per_share_4q_avg": -3158.41,
            "equity": 1342494,
            "current_ratio": 321.59,
            "debt_ratio": 21.12,
            "inventory_turnover_ratio": null,
            "account_receivable_turnover_ratio": null,
            "reinvestment_rate": null,
            "research_to_sale_ratio": null,
            "price_fair": 0,
            "eps_avg_yearly": 0,
            "eps_latest_yearly": 0,
            "eps_growth_yearly": 0
        },
        "20103": {
            "year_quarter": 20103,
            "year": 2010,
            "quarter": 3,
            "eps": 0.46,
            "eps_growth_year": null,
            "eps_4q": null,
            "eps_4q_growth_year": null,
            "roe": 1.75,
            "roe_4q": 1.75,
            "gross_profit": 130483,
            "gross_margin": 21.58,
            "gross_margin_4q_avg": 5.4,
            "net_income": 24639,
            "net_income_4q": null,
            "revenue": 604767,
            "revenue_4q": null,
            "common_shares": 538713,
            "book_valuer_per_share": 0,
            "book_valuer_per_share_4q_avg": -3158.41,
            "equity": 1469728,
            "current_ratio": 407.83,
            "debt_ratio": 18.13,
            "inventory_turnover_ratio": 2.91,
            "account_receivable_turnover_ratio": 2.24,
            "reinvestment_rate": null,
            "research_to_sale_ratio": 10.29,
            "price_fair": 0,
            "eps_avg_yearly": 0,
            "eps_latest_yearly": 0,
            "eps_growth_yearly": 0
        },
        "20104": {
            "year_quarter": 20104,
            "year": 2010,
            "quarter": 4,
            "eps": 0.99,
            "eps_growth_year": null,
            "eps_4q": null,
            "eps_4q_growth_year": null,
            "roe": 3.59,
            "roe_4q": 5.34,
            "gross_profit": 122764,
            "gross_margin": 24.52,
            "gross_margin_4q_avg": 11.53,
            "net_income": 53093,
            "net_income_4q": null,
            "revenue": 500673,
            "revenue_4q": null,
            "common_shares": 538713,
            "book_valuer_per_share": 27.64,
            "book_valuer_per_share_4q_avg": 6.91,
            "equity": 1488843,
            "current_ratio": 414.14,
            "debt_ratio": 18.23,
            "inventory_turnover_ratio": 1.92,
            "account_receivable_turnover_ratio": 1.95,
            "reinvestment_rate": null,
            "research_to_sale_ratio": 10.42,
            "price_fair": 138.6,
            "eps_avg_yearly": 3.96,
            "eps_latest_yearly": 3.96,
            "eps_growth_yearly": 460.87
        },
        "20111": {
            "year_quarter": 20111,
            "year": 2011,
            "quarter": 1,
            "eps": null,
            "eps_growth_year": null,
            "eps_4q": null,
            "eps_4q_growth_year": null,
            "roe": null,
            "roe_4q": 5.34,
            "gross_profit": null,
            "gross_margin": null,
            "gross_margin_4q_avg": 11.53,
            "net_income": null,
            "net_income_4q": null,
            "revenue": null,
            "revenue_4q": null,
            "common_shares": null,
            "book_valuer_per_share": null,
            "book_valuer_per_share_4q_avg": 6.91,
            "equity": null,
            "current_ratio": null,
            "debt_ratio": null,
            "inventory_turnover_ratio": null,
            "account_receivable_turnover_ratio": null,
            "reinvestment_rate": null,
            "research_to_sale_ratio": null,
            "price_fair": 138.6,
            "eps_avg_yearly": 3.96,
            "eps_latest_yearly": 3.96,
            "eps_growth_yearly": 460.87
        },
        "20112": {
            "year_quarter": 20112,
            "year": 2011,
            "quarter": 2,
            "eps": null,
            "eps_growth_year": null,
            "eps_4q": null,
            "eps_4q_growth_year": null,
            "roe": null,
            "roe_4q": 5.34,
            "gross_profit": null,
            "gross_margin": null,
            "gross_margin_4q_avg": 11.53,
            "net_income": null,
            "net_income_4q": null,
            "revenue": null,
            "revenue_4q": null,
            "common_shares": 538713,
            "book_valuer_per_share": 27.84,
            "book_valuer_per_share_4q_avg": 13.87,
            "equity": 1499923,
            "current_ratio": 342.32,
            "debt_ratio": 21.23,
            "inventory_turnover_ratio": null,
            "account_receivable_turnover_ratio": null,
            "reinvestment_rate": null,
            "research_to_sale_ratio": null,
            "price_fair": 138.6,
            "eps_avg_yearly": 3.96,
            "eps_latest_yearly": 3.96,
            "eps_growth_yearly": 460.87
        },
        "20113": {
            "year_quarter": 20113,
            "year": 2011,
            "quarter": 3,
            "eps": null,
            "eps_growth_year": null,
            "eps_4q": null,
            "eps_4q_growth_year": null,
            "roe": null,
            "roe_4q": 3.59,
            "gross_profit": null,
            "gross_margin": null,
            "gross_margin_4q_avg": 6.13,
            "net_income": null,
            "net_income_4q": null,
            "revenue": null,
            "revenue_4q": null,
            "common_shares": null,
            "book_valuer_per_share": null,
            "book_valuer_per_share_4q_avg": 13.87,
            "equity": null,
            "current_ratio": null,
            "debt_ratio": null,
            "inventory_turnover_ratio": null,
            "account_receivable_turnover_ratio": null,
            "reinvestment_rate": null,
            "research_to_sale_ratio": null,
            "price_fair": 138.6,
            "eps_avg_yearly": 3.96,
            "eps_latest_yearly": 3.96,
            "eps_growth_yearly": 460.87
        },
        "20114": {
            "year_quarter": 20114,
            "year": 2011,
            "quarter": 4,
            "eps": null,
            "eps_growth_year": null,
            "eps_4q": null,
            "eps_4q_growth_year": null,
            "roe": null,
            "roe_4q": 0,
            "gross_profit": null,
            "gross_margin": null,
            "gross_margin_4q_avg": 0,
            "net_income": null,
            "net_income_4q": null,
            "revenue": null,
            "revenue_4q": null,
            "common_shares": 538713,
            "book_valuer_per_share": 28.88,
            "book_valuer_per_share_4q_avg": 14.18,
            "equity": 1555701,
            "current_ratio": 425.4,
            "debt_ratio": 17.7,
            "inventory_turnover_ratio": null,
            "account_receivable_turnover_ratio": null,
            "reinvestment_rate": null,
            "research_to_sale_ratio": null,
            "price_fair": 138.6,
            "eps_avg_yearly": 3.96,
            "eps_latest_yearly": 3.96,
            "eps_growth_yearly": 460.87
        },
        "20121": {
            "year_quarter": 20121,
            "year": 2012,
            "quarter": 1,
            "eps": null,
            "eps_growth_year": null,
            "eps_4q": null,
            "eps_4q_growth_year": null,
            "roe": null,
            "roe_4q": 0,
            "gross_profit": null,
            "gross_margin": null,
            "gross_margin_4q_avg": 0,
            "net_income": null,
            "net_income_4q": null,
            "revenue": null,
            "revenue_4q": null,
            "common_shares": null,
            "book_valuer_per_share": null,
            "book_valuer_per_share_4q_avg": 14.18,
            "equity": null,
            "current_ratio": null,
            "debt_ratio": null,
            "inventory_turnover_ratio": null,
            "account_receivable_turnover_ratio": null,
            "reinvestment_rate": null,
            "research_to_sale_ratio": null,
            "price_fair": 138.6,
            "eps_avg_yearly": 3.96,
            "eps_latest_yearly": 3.96,
            "eps_growth_yearly": 460.87
        },
        "20122": {
            "year_quarter": 20122,
            "year": 2012,
            "quarter": 2,
            "eps": null,
            "eps_growth_year": null,
            "eps_4q": null,
            "eps_4q_growth_year": null,
            "roe": null,
            "roe_4q": 0,
            "gross_profit": null,
            "gross_margin": null,
            "gross_margin_4q_avg": 0,
            "net_income": null,
            "net_income_4q": null,
            "revenue": null,
            "revenue_4q": null,
            "common_shares": 538713,
            "book_valuer_per_share": 28.63,
            "book_valuer_per_share_4q_avg": 14.38,
            "equity": 1542579,
            "current_ratio": 392.56,
            "debt_ratio": 18.29,
            "inventory_turnover_ratio": null,
            "account_receivable_turnover_ratio": null,
            "reinvestment_rate": null,
            "research_to_sale_ratio": null,
            "price_fair": 138.6,
            "eps_avg_yearly": 3.96,
            "eps_latest_yearly": 3.96,
            "eps_growth_yearly": 460.87
        },
        "20123": {
            "year_quarter": 20123,
            "year": 2012,
            "quarter": 3,
            "eps": null,
            "eps_growth_year": null,
            "eps_4q": null,
            "eps_4q_growth_year": null,
            "roe": null,
            "roe_4q": 0,
            "gross_profit": null,
            "gross_margin": null,
            "gross_margin_4q_avg": 0,
            "net_income": null,
            "net_income_4q": null,
            "revenue": null,
            "revenue_4q": null,
            "common_shares": null,
            "book_valuer_per_share": null,
            "book_valuer_per_share_4q_avg": 14.38,
            "equity": null,
            "current_ratio": null,
            "debt_ratio": null,
            "inventory_turnover_ratio": null,
            "account_receivable_turnover_ratio": null,
            "reinvestment_rate": null,
            "research_to_sale_ratio": null,
            "price_fair": 138.6,
            "eps_avg_yearly": 3.96,
            "eps_latest_yearly": 3.96,
            "eps_growth_yearly": 460.87
        },
        "20124": {
            "year_quarter": 20124,
            "year": 2012,
            "quarter": 4,
            "eps": null,
            "eps_growth_year": null,
            "eps_4q": null,
            "eps_4q_growth_year": null,
            "roe": null,
            "roe_4q": 0,
            "gross_profit": null,
            "gross_margin": null,
            "gross_margin_4q_avg": 0,
            "net_income": null,
            "net_income_4q": null,
            "revenue": null,
            "revenue_4q": null,
            "common_shares": 538713,
            "book_valuer_per_share": 28.05,
            "book_valuer_per_share_4q_avg": 14.17,
            "equity": 1511170,
            "current_ratio": 573.13,
            "debt_ratio": 13.78,
            "inventory_turnover_ratio": null,
            "account_receivable_turnover_ratio": null,
            "reinvestment_rate": null,
            "research_to_sale_ratio": null,
            "price_fair": 138.6,
            "eps_avg_yearly": 3.96,
            "eps_latest_yearly": 3.96,
            "eps_growth_yearly": 460.87
        },
        "20131": {
            "year_quarter": 20131,
            "year": 2013,
            "quarter": 1,
            "eps": null,
            "eps_growth_year": null,
            "eps_4q": null,
            "eps_4q_growth_year": null,
            "roe": null,
            "roe_4q": 0,
            "gross_profit": 50456,
            "gross_margin": null,
            "gross_margin_4q_avg": 0,
            "net_income": -78365,
            "net_income_4q": null,
            "revenue": 536568,
            "revenue_4q": null,
            "common_shares": 538713,
            "book_valuer_per_share": 27.17,
            "book_valuer_per_share_4q_avg": 20.96,
            "equity": 1463787,
            "current_ratio": 534.02,
            "debt_ratio": 13.83,
            "inventory_turnover_ratio": null,
            "account_receivable_turnover_ratio": null,
            "reinvestment_rate": null,
            "research_to_sale_ratio": null,
            "price_fair": 138.6,
            "eps_avg_yearly": 3.96,
            "eps_latest_yearly": 3.96,
            "eps_growth_yearly": 460.87
        },
        "20132": {
            "year_quarter": 20132,
            "year": 2013,
            "quarter": 2,
            "eps": 0.06,
            "eps_growth_year": null,
            "eps_4q": null,
            "eps_4q_growth_year": null,
            "roe": 0.21,
            "roe_4q": 0.21,
            "gross_profit": 148042,
            "gross_margin": 25.27,
            "gross_margin_4q_avg": 6.32,
            "net_income": 3151,
            "net_income_4q": null,
            "revenue": 585822,
            "revenue_4q": null,
            "common_shares": 538713,
            "book_valuer_per_share": 27.4,
            "book_valuer_per_share_4q_avg": 20.66,
            "equity": 1476041,
            "current_ratio": 534.72,
            "debt_ratio": 13.77,
            "inventory_turnover_ratio": 3,
            "account_receivable_turnover_ratio": 2.81,
            "reinvestment_rate": null,
            "research_to_sale_ratio": null,
            "price_fair": 138.6,
            "eps_avg_yearly": 3.96,
            "eps_latest_yearly": 3.96,
            "eps_growth_yearly": 460.87
        },
        "20133": {
            "year_quarter": 20133,
            "year": 2013,
            "quarter": 3,
            "eps": null,
            "eps_growth_year": null,
            "eps_4q": null,
            "eps_4q_growth_year": null,
            "roe": null,
            "roe_4q": 0.21,
            "gross_profit": 268213,
            "gross_margin": null,
            "gross_margin_4q_avg": 6.32,
            "net_income": 90393,
            "net_income_4q": null,
            "revenue": 711462,
            "revenue_4q": null,
            "common_shares": 538713,
            "book_valuer_per_share": 28.76,
            "book_valuer_per_share_4q_avg": 27.85,
            "equity": 1549559,
            "current_ratio": 387.63,
            "debt_ratio": 18.7,
            "inventory_turnover_ratio": null,
            "account_receivable_turnover_ratio": null,
            "reinvestment_rate": null,
            "research_to_sale_ratio": null,
            "price_fair": 138.6,
            "eps_avg_yearly": 3.96,
            "eps_latest_yearly": 3.96,
            "eps_growth_yearly": 460.87
        },
        "20134": {
            "year_quarter": 20134,
            "year": 2013,
            "quarter": 4,
            "eps": null,
            "eps_growth_year": null,
            "eps_4q": null,
            "eps_4q_growth_year": null,
            "roe": null,
            "roe_4q": 0.21,
            "gross_profit": 291152,
            "gross_margin": null,
            "gross_margin_4q_avg": 6.32,
            "net_income": 97945,
            "net_income_4q": null,
            "revenue": 749711,
            "revenue_4q": null,
            "common_shares": 539473,
            "book_valuer_per_share": 30.7,
            "book_valuer_per_share_4q_avg": 28.51,
            "equity": 1656202,
            "current_ratio": 540.39,
            "debt_ratio": 13.06,
            "inventory_turnover_ratio": null,
            "account_receivable_turnover_ratio": null,
            "reinvestment_rate": null,
            "research_to_sale_ratio": null,
            "price_fair": 138.6,
            "eps_avg_yearly": 3.96,
            "eps_latest_yearly": 3.96,
            "eps_growth_yearly": 460.87
        },
        "20141": {
            "year_quarter": 20141,
            "year": 2014,
            "quarter": 1,
            "eps": 0.98,
            "eps_growth_year": null,
            "eps_4q": 1.04,
            "eps_4q_growth_year": null,
            "roe": 3.11,
            "roe_4q": 3.32,
            "gross_profit": 204973,
            "gross_margin": 24.4,
            "gross_margin_4q_avg": 12.42,
            "net_income": 53098,
            "net_income_4q": null,
            "revenue": 839949,
            "revenue_4q": null,
            "common_shares": 541133,
            "book_valuer_per_share": 32.53,
            "book_valuer_per_share_4q_avg": 29.85,
            "equity": 1760328,
            "current_ratio": 313.05,
            "debt_ratio": 22.87,
            "inventory_turnover_ratio": 4.35,
            "account_receivable_turnover_ratio": 1.93,
            "reinvestment_rate": null,
            "research_to_sale_ratio": 10.36,
            "price_fair": 138.6,
            "eps_avg_yearly": 3.96,
            "eps_latest_yearly": 3.96,
            "eps_growth_yearly": 460.87
        },
        "20142": {
            "year_quarter": 20142,
            "year": 2014,
            "quarter": 2,
            "eps": 1.1,
            "eps_growth_year": 1780.63,
            "eps_4q": 2.07,
            "eps_4q_growth_year": null,
            "roe": 3.36,
            "roe_4q": 6.47,
            "gross_profit": 219783,
            "gross_margin": 16.56,
            "gross_margin_4q_avg": 10.24,
            "net_income": 59564,
            "net_income_4q": null,
            "revenue": 1327221,
            "revenue_4q": null,
            "common_shares": 543108,
            "book_valuer_per_share": 32.86,
            "book_valuer_per_share_4q_avg": 31.21,
            "equity": 1784599,
            "current_ratio": 270.76,
            "debt_ratio": 26.01,
            "inventory_turnover_ratio": 4.89,
            "account_receivable_turnover_ratio": 3.19,
            "reinvestment_rate": null,
            "research_to_sale_ratio": 6.5,
            "price_fair": 146.3,
            "eps_avg_yearly": 4.18,
            "eps_latest_yearly": 4.4,
            "eps_growth_yearly": 254.92
        },
        "20143": {
            "year_quarter": 20143,
            "year": 2014,
            "quarter": 3,
            "eps": 1.62,
            "eps_growth_year": null,
            "eps_4q": 3.67,
            "eps_4q_growth_year": null,
            "roe": 4.76,
            "roe_4q": 11.229999999999999,
            "gross_profit": 241466,
            "gross_margin": 18.58,
            "gross_margin_4q_avg": 14.89,
            "net_income": 88629,
            "net_income_4q": null,
            "revenue": 1299417,
            "revenue_4q": null,
            "common_shares": 547848,
            "book_valuer_per_share": 35.35,
            "book_valuer_per_share_4q_avg": 32.86,
            "equity": 1936683,
            "current_ratio": 269.53,
            "debt_ratio": 28.48,
            "inventory_turnover_ratio": 3.36,
            "account_receivable_turnover_ratio": 2.5,
            "reinvestment_rate": null,
            "research_to_sale_ratio": 7.07,
            "price_fair": 173.13,
            "eps_avg_yearly": 4.95,
            "eps_latest_yearly": 6.48,
            "eps_growth_yearly": 232.98
        },
        "20144": {
            "year_quarter": 20144,
            "year": 2014,
            "quarter": 4,
            "eps": 0.16,
            "eps_growth_year": null,
            "eps_4q": 3.33,
            "eps_4q_growth_year": null,
            "roe": 0.42,
            "roe_4q": 11.649999999999999,
            "gross_profit": 287085,
            "gross_margin": 23.43,
            "gross_margin_4q_avg": 20.74,
            "net_income": 9895,
            "net_income_4q": null,
            "revenue": 1225154,
            "revenue_4q": null,
            "common_shares": 634818,
            "book_valuer_per_share": 43.77,
            "book_valuer_per_share_4q_avg": 36.13,
            "equity": 2778523,
            "current_ratio": 497.43,
            "debt_ratio": 16.29,
            "inventory_turnover_ratio": 3.09,
            "account_receivable_turnover_ratio": 1.96,
            "reinvestment_rate": null,
            "research_to_sale_ratio": 8.39,
            "price_fair": 11.52,
            "eps_avg_yearly": 3.84,
            "eps_latest_yearly": 0.64,
            "eps_growth_yearly": -40.81
        },
        "20151": {
            "year_quarter": 20151,
            "year": 2015,
            "quarter": 1,
            "eps": -0.88,
            "eps_growth_year": -189.8,
            "eps_4q": 1.6,
            "eps_4q_growth_year": 54.23,
            "roe": -2.04,
            "roe_4q": 6.5,
            "gross_profit": 92463,
            "gross_margin": 13.15,
            "gross_margin_4q_avg": 17.93,
            "net_income": -55953,
            "net_income_4q": null,
            "revenue": 703150,
            "revenue_4q": null,
            "common_shares": 637668,
            "book_valuer_per_share": 42.51,
            "book_valuer_per_share_4q_avg": 38.62,
            "equity": 2707965,
            "current_ratio": 299.52,
            "debt_ratio": 24.16,
            "inventory_turnover_ratio": 2.37,
            "account_receivable_turnover_ratio": 1.44,
            "reinvestment_rate": null,
            "research_to_sale_ratio": 13.68,
            "price_fair": 11.52,
            "eps_avg_yearly": 3.84,
            "eps_latest_yearly": 0.64,
            "eps_growth_yearly": -40.81
        },
        "20152": {
            "year_quarter": 20152,
            "year": 2015,
            "quarter": 2,
            "eps": 0.25,
            "eps_growth_year": -77.27,
            "eps_4q": 0.95,
            "eps_4q_growth_year": -54.19,
            "roe": 0.61,
            "roe_4q": 3.7499999999999996,
            "gross_profit": 188326,
            "gross_margin": 21.53,
            "gross_margin_4q_avg": 19.17,
            "net_income": 15937,
            "net_income_4q": null,
            "revenue": 874550,
            "revenue_4q": null,
            "common_shares": 637668,
            "book_valuer_per_share": 40.91,
            "book_valuer_per_share_4q_avg": 40.64,
            "equity": 2518532,
            "current_ratio": 195.96,
            "debt_ratio": 32.6,
            "inventory_turnover_ratio": 2.19,
            "account_receivable_turnover_ratio": 1.72,
            "reinvestment_rate": null,
            "research_to_sale_ratio": 11.16,
            "price_fair": 11.52,
            "eps_avg_yearly": 3.84,
            "eps_latest_yearly": 0.64,
            "eps_growth_yearly": -40.81
        },
        "20153": {
            "year_quarter": 20153,
            "year": 2015,
            "quarter": 3,
            "eps": 1.51,
            "eps_growth_year": -6.79,
            "eps_4q": 1.02,
            "eps_4q_growth_year": -72.34,
            "roe": 3.52,
            "roe_4q": 2.51,
            "gross_profit": 262975,
            "gross_margin": 20.03,
            "gross_margin_4q_avg": 19.54,
            "net_income": 92685,
            "net_income_4q": null,
            "revenue": 1313152,
            "revenue_4q": null,
            "common_shares": 615678,
            "book_valuer_per_share": 44.53,
            "book_valuer_per_share_4q_avg": 42.93,
            "equity": 2741713,
            "current_ratio": 202.3,
            "debt_ratio": 33.39,
            "inventory_turnover_ratio": 3,
            "account_receivable_turnover_ratio": 1.51,
            "reinvestment_rate": null,
            "research_to_sale_ratio": 7.89,
            "price_fair": 153.65,
            "eps_avg_yearly": 4.39,
            "eps_latest_yearly": 6.04,
            "eps_growth_yearly": 473.39
        },
        "20154": {
            "year_quarter": 20154,
            "year": 2015,
            "quarter": 4,
            "eps": 1.24,
            "eps_growth_year": 694.73,
            "eps_4q": 2.09,
            "eps_4q_growth_year": -37.05,
            "roe": 2.74,
            "roe_4q": 4.83,
            "gross_profit": 278733,
            "gross_margin": 31.15,
            "gross_margin_4q_avg": 21.47,
            "net_income": 76267,
            "net_income_4q": null,
            "revenue": 894889,
            "revenue_4q": null,
            "common_shares": 615678,
            "book_valuer_per_share": 45.92,
            "book_valuer_per_share_4q_avg": 43.47,
            "equity": 2827197,
            "current_ratio": 237.32,
            "debt_ratio": 27.79,
            "inventory_turnover_ratio": 2.06,
            "account_receivable_turnover_ratio": 0.95,
            "reinvestment_rate": null,
            "research_to_sale_ratio": 12.84,
            "price_fair": 157.64,
            "eps_avg_yearly": 4.5,
            "eps_latest_yearly": 4.96,
            "eps_growth_yearly": 364.41
        },
        "20161": {
            "year_quarter": 20161,
            "year": 2016,
            "quarter": 1,
            "eps": 0.14,
            "eps_growth_year": null,
            "eps_4q": 3.15,
            "eps_4q_growth_year": 96.19,
            "roe": 0.31,
            "roe_4q": 7.180000000000001,
            "gross_profit": 171131,
            "gross_margin": 18.03,
            "gross_margin_4q_avg": 22.69,
            "net_income": 8763,
            "net_income_4q": null,
            "revenue": 949373,
            "revenue_4q": null,
            "common_shares": 615678,
            "book_valuer_per_share": 45.49,
            "book_valuer_per_share_4q_avg": 44.21,
            "equity": 2800798,
            "current_ratio": 287.28,
            "debt_ratio": 22.74,
            "inventory_turnover_ratio": 2.7,
            "account_receivable_turnover_ratio": 1.19,
            "reinvestment_rate": null,
            "research_to_sale_ratio": 11.9,
            "price_fair": 134.63,
            "eps_avg_yearly": 3.85,
            "eps_latest_yearly": 0.56,
            "eps_growth_yearly": 244.54
        },
        "20162": {
            "year_quarter": 20162,
            "year": 2016,
            "quarter": 2,
            "eps": -3.94,
            "eps_growth_year": -1676,
            "eps_4q": -1.05,
            "eps_4q_growth_year": -210.69,
            "roe": -9.05,
            "roe_4q": -2.48,
            "gross_profit": 17007,
            "gross_margin": 2.09,
            "gross_margin_4q_avg": 17.83,
            "net_income": -242475,
            "net_income_4q": null,
            "revenue": 814171,
            "revenue_4q": null,
            "common_shares": 615678,
            "book_valuer_per_share": 41.54,
            "book_valuer_per_share_4q_avg": 44.37,
            "equity": 2557446,
            "current_ratio": 278.77,
            "debt_ratio": 23,
            "inventory_turnover_ratio": 2.49,
            "account_receivable_turnover_ratio": 1.04,
            "reinvestment_rate": null,
            "research_to_sale_ratio": 13.14,
            "price_fair": 134.63,
            "eps_avg_yearly": 3.85,
            "eps_latest_yearly": 0.56,
            "eps_growth_yearly": 244.54
        },
        "20163": {
            "year_quarter": 20163,
            "year": 2016,
            "quarter": 3,
            "eps": -0.42,
            "eps_growth_year": -127.81,
            "eps_4q": -3.01,
            "eps_4q_growth_year": -396.69,
            "roe": -1.02,
            "roe_4q": -7.02,
            "gross_profit": 107554,
            "gross_margin": 11.84,
            "gross_margin_4q_avg": 15.78,
            "net_income": -25566,
            "net_income_4q": null,
            "revenue": 908159,
            "revenue_4q": null,
            "common_shares": 615678,
            "book_valuer_per_share": 40.43,
            "book_valuer_per_share_4q_avg": 43.35,
            "equity": 2454331,
            "current_ratio": 412.66,
            "debt_ratio": 15.41,
            "inventory_turnover_ratio": 4.16,
            "account_receivable_turnover_ratio": 1.17,
            "reinvestment_rate": null,
            "research_to_sale_ratio": 11.52,
            "price_fair": 134.63,
            "eps_avg_yearly": 3.85,
            "eps_latest_yearly": 0.56,
            "eps_growth_yearly": 244.54
        },
        "20164": {
            "year_quarter": 20164,
            "year": 2016,
            "quarter": 4,
            "eps": 0.79,
            "eps_growth_year": -36.32,
            "eps_4q": -3.48,
            "eps_4q_growth_year": -266.29,
            "roe": 1.91,
            "roe_4q": -7.8500000000000005,
            "gross_profit": 192141,
            "gross_margin": 18.85,
            "gross_margin_4q_avg": 12.7,
            "net_income": 47882,
            "net_income_4q": null,
            "revenue": 1019274,
            "revenue_4q": null,
            "common_shares": 607028,
            "book_valuer_per_share": 42.13,
            "book_valuer_per_share_4q_avg": 42.4,
            "equity": 2557568,
            "current_ratio": 310.01,
            "debt_ratio": 22.23,
            "inventory_turnover_ratio": 6.56,
            "account_receivable_turnover_ratio": 1.17,
            "reinvestment_rate": 255.1,
            "research_to_sale_ratio": 9.74,
            "price_fair": 134.63,
            "eps_avg_yearly": 3.85,
            "eps_latest_yearly": 0.56,
            "eps_growth_yearly": 244.54
        },
        "20171": {
            "year_quarter": 20171,
            "year": 2017,
            "quarter": 1,
            "eps": 0.61,
            "eps_growth_year": 335.71,
            "eps_4q": -3.01,
            "eps_4q_growth_year": -195.79,
            "roe": 1.49,
            "roe_4q": -6.670000000000001,
            "gross_profit": 220108,
            "gross_margin": 28.75,
            "gross_margin_4q_avg": 15.38,
            "net_income": 37270,
            "net_income_4q": null,
            "revenue": 765634,
            "revenue_4q": null,
            "common_shares": 607028,
            "book_valuer_per_share": 40.49,
            "book_valuer_per_share_4q_avg": 41.15,
            "equity": 2458036,
            "current_ratio": 365.13,
            "debt_ratio": 18.42,
            "inventory_turnover_ratio": 3.04,
            "account_receivable_turnover_ratio": 0.99,
            "reinvestment_rate": 164.88,
            "research_to_sale_ratio": 14.69,
            "price_fair": 127.6,
            "eps_avg_yearly": 3.65,
            "eps_latest_yearly": 2.44,
            "eps_growth_yearly": 196.58
        },
        "20172": {
            "year_quarter": 20172,
            "year": 2017,
            "quarter": 2,
            "eps": 1.53,
            "eps_growth_year": null,
            "eps_4q": 2.51,
            "eps_4q_growth_year": null,
            "roe": 3.69,
            "roe_4q": 6.07,
            "gross_profit": 312936,
            "gross_margin": 26.78,
            "gross_margin_4q_avg": 21.56,
            "net_income": 92611,
            "net_income_4q": null,
            "revenue": 1168604,
            "revenue_4q": null,
            "common_shares": 607028,
            "book_valuer_per_share": 42.14,
            "book_valuer_per_share_4q_avg": 41.3,
            "equity": 2558088,
            "current_ratio": 235,
            "debt_ratio": 33.69,
            "inventory_turnover_ratio": 1.68,
            "account_receivable_turnover_ratio": 2.56,
            "reinvestment_rate": 122.17,
            "research_to_sale_ratio": 12.11,
            "price_fair": 138.43,
            "eps_avg_yearly": 3.96,
            "eps_latest_yearly": 6.12,
            "eps_growth_yearly": 247.42
        },
        "20173": {
            "year_quarter": 20173,
            "year": 2017,
            "quarter": 3,
            "eps": 1.62,
            "eps_growth_year": null,
            "eps_4q": 4.55,
            "eps_4q_growth_year": null,
            "roe": 3.77,
            "roe_4q": 10.86,
            "gross_profit": 310518,
            "gross_margin": 19.33,
            "gross_margin_4q_avg": 23.43,
            "net_income": 98326,
            "net_income_4q": null,
            "revenue": 1606413,
            "revenue_4q": null,
            "common_shares": 607456,
            "book_valuer_per_share": 43.66,
            "book_valuer_per_share_4q_avg": 42.11,
            "equity": 2651862,
            "current_ratio": 397.98,
            "debt_ratio": 19.31,
            "inventory_turnover_ratio": 2.73,
            "account_receivable_turnover_ratio": 2.79,
            "reinvestment_rate": 102.28,
            "research_to_sale_ratio": 7.41,
            "price_fair": 148.24,
            "eps_avg_yearly": 4.24,
            "eps_latest_yearly": 6.48,
            "eps_growth_yearly": 222.54
        },
        "20174": {
            "year_quarter": 20174,
            "year": 2017,
            "quarter": 4,
            "eps": 1.32,
            "eps_growth_year": 67.37,
            "eps_4q": 5.06,
            "eps_4q_growth_year": null,
            "roe": 3,
            "roe_4q": 11.95,
            "gross_profit": 357568,
            "gross_margin": 49.32,
            "gross_margin_4q_avg": 31.05,
            "net_income": 80536,
            "net_income_4q": null,
            "revenue": 724992,
            "revenue_4q": null,
            "common_shares": 610010,
            "book_valuer_per_share": 44.5,
            "book_valuer_per_share_4q_avg": 42.7,
            "equity": 2714445,
            "current_ratio": 651.3,
            "debt_ratio": 12.88,
            "inventory_turnover_ratio": 3.99,
            "account_receivable_turnover_ratio": 1.2,
            "reinvestment_rate": 76.76,
            "research_to_sale_ratio": 20.59,
            "price_fair": 151.9,
            "eps_avg_yearly": 4.34,
            "eps_latest_yearly": 5.28,
            "eps_growth_yearly": 192.88
        },
        "20181": {
            "year_quarter": 20181,
            "year": 2018,
            "quarter": 1,
            "eps": 1.85,
            "eps_growth_year": 203.28,
            "eps_4q": 6.26,
            "eps_4q_growth_year": null,
            "roe": 4.12,
            "roe_4q": 14.58,
            "gross_profit": 372035,
            "gross_margin": 45.84,
            "gross_margin_4q_avg": 35.32,
            "net_income": 113472,
            "net_income_4q": null,
            "revenue": 811513,
            "revenue_4q": null,
            "common_shares": 615054,
            "book_valuer_per_share": 45.49,
            "book_valuer_per_share_4q_avg": 43.95,
            "equity": 2798027,
            "current_ratio": 458.11,
            "debt_ratio": 18.22,
            "inventory_turnover_ratio": 3.74,
            "account_receivable_turnover_ratio": 1.67,
            "reinvestment_rate": -1.28,
            "research_to_sale_ratio": 18.84,
            "price_fair": 161.64,
            "eps_avg_yearly": 4.62,
            "eps_latest_yearly": 7.4,
            "eps_growth_yearly": 189.95
        },
        "20182": {
            "year_quarter": 20182,
            "year": 2018,
            "quarter": 2,
            "eps": 1.95,
            "eps_growth_year": 27.45,
            "eps_4q": 6.69,
            "eps_4q_growth_year": 166.66,
            "roe": 4.12,
            "roe_4q": 15.01,
            "gross_profit": 450329,
            "gross_margin": 46.26,
            "gross_margin_4q_avg": 40.19,
            "net_income": 119691,
            "net_income_4q": null,
            "revenue": 973467,
            "revenue_4q": null,
            "common_shares": 616261,
            "book_valuer_per_share": 48.78,
            "book_valuer_per_share_4q_avg": 45.61,
            "equity": 3005851,
            "current_ratio": 388.36,
            "debt_ratio": 21.88,
            "inventory_turnover_ratio": 4.15,
            "account_receivable_turnover_ratio": 2.09,
            "reinvestment_rate": -10.28,
            "research_to_sale_ratio": 15.49,
            "price_fair": 172.45,
            "eps_avg_yearly": 4.93,
            "eps_latest_yearly": 7.8,
            "eps_growth_yearly": 187.46
        },
        "20183": {
            "year_quarter": 20183,
            "year": 2018,
            "quarter": 3,
            "eps": 1.51,
            "eps_growth_year": -6.79,
            "eps_4q": 6.7,
            "eps_4q_growth_year": 47.49,
            "roe": 3.09,
            "roe_4q": 14.33,
            "gross_profit": 364577,
            "gross_margin": 41.84,
            "gross_margin_4q_avg": 45.82,
            "net_income": 93206,
            "net_income_4q": null,
            "revenue": 871383,
            "revenue_4q": null,
            "common_shares": 616778,
            "book_valuer_per_share": 49.88,
            "book_valuer_per_share_4q_avg": 47.16,
            "equity": 3027648,
            "current_ratio": 298.82,
            "debt_ratio": 26.45,
            "inventory_turnover_ratio": 3.39,
            "account_receivable_turnover_ratio": 1.78,
            "reinvestment_rate": 9.75,
            "research_to_sale_ratio": 18.37,
            "price_fair": 171.05,
            "eps_avg_yearly": 4.89,
            "eps_latest_yearly": 6.04,
            "eps_growth_yearly": 162.06
        },
        "20184": {
            "year_quarter": 20184,
            "year": 2018,
            "quarter": 4,
            "eps": -1.15,
            "eps_growth_year": -187.45,
            "eps_4q": 4.31,
            "eps_4q_growth_year": -14.93,
            "roe": -2.32,
            "roe_4q": 9.010000000000002,
            "gross_profit": 104500,
            "gross_margin": 13.16,
            "gross_margin_4q_avg": 36.78,
            "net_income": -69012,
            "net_income_4q": null,
            "revenue": 794315,
            "revenue_4q": null,
            "common_shares": 597731,
            "book_valuer_per_share": 48.87,
            "book_valuer_per_share_4q_avg": 48.26,
            "equity": 2920899,
            "current_ratio": 375.21,
            "debt_ratio": 21.43,
            "inventory_turnover_ratio": 2.75,
            "account_receivable_turnover_ratio": 1.24,
            "reinvestment_rate": -8.55,
            "research_to_sale_ratio": 19.72,
            "price_fair": 185.92,
            "eps_avg_yearly": 5.31,
            "eps_latest_yearly": 6.04,
            "eps_growth_yearly": 214.32
        },
        "20191": {
            "year_quarter": 20191,
            "year": 2019,
            "quarter": 1,
            "eps": 1.66,
            "eps_growth_year": -10.27,
            "eps_4q": 4.06,
            "eps_4q_growth_year": -35.06,
            "roe": 3.32,
            "roe_4q": 8.21,
            "gross_profit": 377007,
            "gross_margin": 33.75,
            "gross_margin_4q_avg": 33.75,
            "net_income": 99489,
            "net_income_4q": null,
            "revenue": 1117131,
            "revenue_4q": null,
            "common_shares": 598813,
            "book_valuer_per_share": 51.16,
            "book_valuer_per_share_4q_avg": 49.67,
            "equity": 3063556,
            "current_ratio": 441.63,
            "debt_ratio": 21.06,
            "inventory_turnover_ratio": 2.95,
            "account_receivable_turnover_ratio": 1.2,
            "reinvestment_rate": -69.36,
            "research_to_sale_ratio": 14.49,
            "price_fair": 185.92,
            "eps_avg_yearly": 5.31,
            "eps_latest_yearly": 6.04,
            "eps_growth_yearly": 214.32
        },
        "20192": {
            "year_quarter": 20192,
            "year": 2019,
            "quarter": 2,
            "eps": 1.27,
            "eps_growth_year": -34.87,
            "eps_4q": 3.32,
            "eps_4q_growth_year": -50.3,
            "roe": 2.48,
            "roe_4q": 6.57,
            "gross_profit": 343309,
            "gross_margin": 39.68,
            "gross_margin_4q_avg": 32.11,
            "net_income": 76337,
            "net_income_4q": null,
            "revenue": 865165,
            "revenue_4q": null,
            "common_shares": 601891,
            "book_valuer_per_share": 51.52,
            "book_valuer_per_share_4q_avg": 50.36,
            "equity": 3100826,
            "current_ratio": 283.79,
            "debt_ratio": 28.69,
            "inventory_turnover_ratio": 2.84,
            "account_receivable_turnover_ratio": 0.85,
            "reinvestment_rate": -120.24,
            "research_to_sale_ratio": 19.28,
            "price_fair": 185.18,
            "eps_avg_yearly": 5.29,
            "eps_latest_yearly": 5.08,
            "eps_growth_yearly": 186.29
        },
        "20193": {
            "year_quarter": 20193,
            "year": 2019,
            "quarter": 3,
            "eps": 1.93,
            "eps_growth_year": 27.81,
            "eps_4q": 3.69,
            "eps_4q_growth_year": -44.89,
            "roe": 3.66,
            "roe_4q": 7.140000000000001,
            "gross_profit": 421852,
            "gross_margin": 46.36,
            "gross_margin_4q_avg": 33.24,
            "net_income": 116108,
            "net_income_4q": null,
            "revenue": 910036,
            "revenue_4q": null,
            "common_shares": 603371,
            "book_valuer_per_share": 53.69,
            "book_valuer_per_share_4q_avg": 51.31,
            "equity": 3239747,
            "current_ratio": 265.76,
            "debt_ratio": 30.93,
            "inventory_turnover_ratio": 2.24,
            "account_receivable_turnover_ratio": 1.01,
            "reinvestment_rate": -119.35,
            "research_to_sale_ratio": 18.06,
            "price_fair": 173.75,
            "eps_avg_yearly": 5.44,
            "eps_latest_yearly": 7.72,
            "eps_growth_yearly": 21.92
        },
        "20194": {
            "year_quarter": 20194,
            "year": 2019,
            "quarter": 4,
            "eps": 2.34,
            "eps_growth_year": null,
            "eps_4q": 7.15,
            "eps_4q_growth_year": 66.11,
            "roe": 4.33,
            "roe_4q": 13.790000000000001,
            "gross_profit": 468874,
            "gross_margin": 32.57,
            "gross_margin_4q_avg": 38.09,
            "net_income": 141578,
            "net_income_4q": null,
            "revenue": 1439624,
            "revenue_4q": null,
            "common_shares": 606129,
            "book_valuer_per_share": 54.47,
            "book_valuer_per_share_4q_avg": 52.71,
            "equity": 3301745,
            "current_ratio": 226.27,
            "debt_ratio": 36.81,
            "inventory_turnover_ratio": 2.23,
            "account_receivable_turnover_ratio": 1.55,
            "reinvestment_rate": -97.08,
            "research_to_sale_ratio": 13.39,
            "price_fair": 204.53,
            "eps_avg_yearly": 5.84,
            "eps_latest_yearly": 9.36,
            "eps_growth_yearly": 36.15
        },
        "20201": {
            "year_quarter": 20201,
            "year": 2020,
            "quarter": 1,
            "eps": 2.87,
            "eps_growth_year": 72.89,
            "eps_4q": 8.37,
            "eps_4q_growth_year": 105.9,
            "roe": 5.13,
            "roe_4q": 15.600000000000001,
            "gross_profit": 504424,
            "gross_margin": 33.18,
            "gross_margin_4q_avg": 37.95,
            "net_income": 174311,
            "net_income_4q": null,
            "revenue": 1520133,
            "revenue_4q": null,
            "common_shares": 607442,
            "book_valuer_per_share": 57.48,
            "book_valuer_per_share_4q_avg": 54.29,
            "equity": 3491353,
            "current_ratio": 222.93,
            "debt_ratio": 39.5,
            "inventory_turnover_ratio": 1.54,
            "account_receivable_turnover_ratio": 1.87,
            "reinvestment_rate": -76.96,
            "research_to_sale_ratio": 11.61,
            "price_fair": 239.27,
            "eps_avg_yearly": 6.84,
            "eps_latest_yearly": 11.48,
            "eps_growth_yearly": 76.64
        },
        "20202": {
            "year_quarter": 20202,
            "year": 2020,
            "quarter": 2,
            "eps": 3.14,
            "eps_growth_year": 147.24,
            "eps_4q": 10.17,
            "eps_4q_growth_year": 206.05,
            "roe": 5.51,
            "roe_4q": 18.630000000000003,
            "gross_profit": 573174,
            "gross_margin": 34.88,
            "gross_margin_4q_avg": 36.75,
            "net_income": 191730,
            "net_income_4q": null,
            "revenue": 1643459,
            "revenue_4q": null,
            "common_shares": 613269,
            "book_valuer_per_share": 56.55,
            "book_valuer_per_share_4q_avg": 55.55,
            "equity": 3468208,
            "current_ratio": 167.7,
            "debt_ratio": 53.65,
            "inventory_turnover_ratio": 1.46,
            "account_receivable_turnover_ratio": 3.49,
            "reinvestment_rate": -45.46,
            "research_to_sale_ratio": 11.3,
            "price_fair": 255.97,
            "eps_avg_yearly": 7.31,
            "eps_latest_yearly": 12.56,
            "eps_growth_yearly": 73.39
        },
        "20203": {
            "year_quarter": 20203,
            "year": 2020,
            "quarter": 3,
            "eps": 3.78,
            "eps_growth_year": 95.85,
            "eps_4q": 11.97,
            "eps_4q_growth_year": 223.87,
            "roe": 6.48,
            "roe_4q": 21.450000000000003,
            "gross_profit": 629531,
            "gross_margin": 31.5,
            "gross_margin_4q_avg": 33.03,
            "net_income": 232294,
            "net_income_4q": null,
            "revenue": 1998739,
            "revenue_4q": null,
            "common_shares": 618353,
            "book_valuer_per_share": 59.81,
            "book_valuer_per_share_4q_avg": 57.08,
            "equity": 3698384,
            "current_ratio": 148.96,
            "debt_ratio": 56.74,
            "inventory_turnover_ratio": 2.32,
            "account_receivable_turnover_ratio": 7.08,
            "reinvestment_rate": 6.27,
            "research_to_sale_ratio": 9.99,
            "price_fair": 276.98,
            "eps_avg_yearly": 7.91,
            "eps_latest_yearly": 15.12,
            "eps_growth_yearly": 74.02
        },
        "20204": {
            "year_quarter": 20204,
            "year": 2020,
            "quarter": 4,
            "eps": 3.81,
            "eps_growth_year": 63.29,
            "eps_4q": 13.46,
            "eps_4q_growth_year": 88.2,
            "roe": 6.24,
            "roe_4q": 23.36,
            "gross_profit": 600138,
            "gross_margin": 31.31,
            "gross_margin_4q_avg": 32.72,
            "net_income": 236582,
            "net_income_4q": null,
            "revenue": 1916588,
            "revenue_4q": null,
            "common_shares": 620285,
            "book_valuer_per_share": 62.68,
            "book_valuer_per_share_4q_avg": 59.13,
            "equity": 3888242,
            "current_ratio": 149.93,
            "debt_ratio": 57.33,
            "inventory_turnover_ratio": 1.87,
            "account_receivable_turnover_ratio": 4.12,
            "reinvestment_rate": -2.82,
            "research_to_sale_ratio": 11.6,
            "price_fair": 295.3,
            "eps_avg_yearly": 8.44,
            "eps_latest_yearly": 15.24,
            "eps_growth_yearly": 68.96
        },
        "20211": {
            "year_quarter": 20211,
            "year": 2021,
            "quarter": 1,
            "eps": 5.68,
            "eps_growth_year": 97.91,
            "eps_4q": 14.99,
            "eps_4q_growth_year": 79.08,
            "roe": 5.64,
            "roe_4q": 23.869999999999997,
            "gross_profit": 967042,
            "gross_margin": 36.37,
            "gross_margin_4q_avg": 33.52,
            "net_income": 387732,
            "net_income_4q": null,
            "revenue": 2658679,
            "revenue_4q": null,
            "common_shares": 699536,
            "book_valuer_per_share": 140.8,
            "book_valuer_per_share_4q_avg": 79.96,
            "equity": 9849248,
            "current_ratio": 276.04,
            "debt_ratio": 33.49,
            "inventory_turnover_ratio": 1.54,
            "account_receivable_turnover_ratio": 5.01,
            "reinvestment_rate": -19.16,
            "research_to_sale_ratio": 9.04,
            "price_fair": 346,
            "eps_avg_yearly": 9.89,
            "eps_latest_yearly": 22.72,
            "eps_growth_yearly": 89.49
        },
        "20212": {
            "year_quarter": 20212,
            "year": 2021,
            "quarter": 2,
            "eps": 5.54,
            "eps_growth_year": 76.43,
            "eps_4q": 17.78,
            "eps_4q_growth_year": 74.82,
            "roe": 4.03,
            "roe_4q": 22.39,
            "gross_profit": 927032,
            "gross_margin": 34,
            "gross_margin_4q_avg": 33.3,
            "net_income": 388926,
            "net_income_4q": null,
            "revenue": 2726333,
            "revenue_4q": null,
            "common_shares": 704503,
            "book_valuer_per_share": 134.63,
            "book_valuer_per_share_4q_avg": 99.48,
            "equity": 9430956,
            "current_ratio": 285.79,
            "debt_ratio": 32.43,
            "inventory_turnover_ratio": 1.62,
            "account_receivable_turnover_ratio": 5.24,
            "reinvestment_rate": -10.26,
            "research_to_sale_ratio": 9.3,
            "price_fair": 386.1,
            "eps_avg_yearly": 11.03,
            "eps_latest_yearly": 22.16,
            "eps_growth_yearly": 45.69
        },
        "20213": {
            "year_quarter": 20213,
            "year": 2021,
            "quarter": 3,
            "eps": 5.12,
            "eps_growth_year": 35.45,
            "eps_4q": 19.51,
            "eps_4q_growth_year": 63.01,
            "roe": 3.73,
            "roe_4q": 19.64,
            "gross_profit": 824368,
            "gross_margin": 32.22,
            "gross_margin_4q_avg": 33.48,
            "net_income": 359936,
            "net_income_4q": null,
            "revenue": 2558178,
            "revenue_4q": null,
            "common_shares": 708209,
            "book_valuer_per_share": 140.2,
            "book_valuer_per_share_4q_avg": 119.58,
            "equity": 9869744,
            "current_ratio": 323.91,
            "debt_ratio": 27.45,
            "inventory_turnover_ratio": 1.89,
            "account_receivable_turnover_ratio": 4.77,
            "reinvestment_rate": 12.78,
            "research_to_sale_ratio": 8.78,
            "price_fair": 421.1,
            "eps_avg_yearly": 12.03,
            "eps_latest_yearly": 20.48,
            "eps_growth_yearly": 41.85
        },
        "20214": {
            "year_quarter": 20214,
            "year": 2021,
            "quarter": 4,
            "eps": 5,
            "eps_growth_year": 30.98,
            "eps_4q": 21.07,
            "eps_4q_growth_year": 56.57,
            "roe": 3.49,
            "roe_4q": 16.89,
            "gross_profit": 844123,
            "gross_margin": 33.97,
            "gross_margin_4q_avg": 34.14,
            "net_income": 353129,
            "net_income_4q": null,
            "revenue": 2485086,
            "revenue_4q": null,
            "common_shares": 706876,
            "book_valuer_per_share": 146.39,
            "book_valuer_per_share_4q_avg": 140.51,
            "equity": 10348204,
            "current_ratio": 407.1,
            "debt_ratio": 21.95,
            "inventory_turnover_ratio": 1.7,
            "account_receivable_turnover_ratio": 3.36,
            "reinvestment_rate": 7.32,
            "research_to_sale_ratio": 10.9,
            "price_fair": 457.9,
            "eps_avg_yearly": 13.08,
            "eps_latest_yearly": 20,
            "eps_growth_yearly": 46.47
        },
        "20221": {
            "year_quarter": 20221,
            "year": 2022,
            "quarter": 1,
            "eps": 6.32,
            "eps_growth_year": 11.27,
            "eps_4q": 21.76,
            "eps_4q_growth_year": 45.23,
            "roe": 4.15,
            "roe_4q": 15.400000000000002,
            "gross_profit": 1008929,
            "gross_margin": 38.55,
            "gross_margin_4q_avg": 34.69,
            "net_income": 448560,
            "net_income_4q": null,
            "revenue": 2617041,
            "revenue_4q": null,
            "common_shares": 712425,
            "book_valuer_per_share": 158.21,
            "book_valuer_per_share_4q_avg": 144.86,
            "equity": 11271062,
            "current_ratio": 363.43,
            "debt_ratio": 24.11,
            "inventory_turnover_ratio": 1.08,
            "account_receivable_turnover_ratio": 2.7,
            "reinvestment_rate": 15.21,
            "research_to_sale_ratio": 10.13,
            "price_fair": 502.6,
            "eps_avg_yearly": 14.36,
            "eps_latest_yearly": 25.28,
            "eps_growth_yearly": 42.54
        },
        "20222": {
            "year_quarter": 20222,
            "year": 2022,
            "quarter": 2,
            "eps": 6.01,
            "eps_growth_year": 8.48,
            "eps_4q": 22.25,
            "eps_4q_growth_year": 25.12,
            "roe": 3.78,
            "roe_4q": 15.15,
            "gross_profit": 1029299,
            "gross_margin": 34.6,
            "gross_margin_4q_avg": 34.84,
            "net_income": 428049,
            "net_income_4q": null,
            "revenue": 2974640,
            "revenue_4q": null,
            "common_shares": 714572,
            "book_valuer_per_share": 159.25,
            "book_valuer_per_share_4q_avg": 151.01,
            "equity": 11379875,
            "current_ratio": 293.41,
            "debt_ratio": 31.12,
            "inventory_turnover_ratio": 0.71,
            "account_receivable_turnover_ratio": 2.28,
            "reinvestment_rate": 19.69,
            "research_to_sale_ratio": 8.78,
            "price_fair": 543.2,
            "eps_avg_yearly": 15.52,
            "eps_latest_yearly": 24.04,
            "eps_growth_yearly": 39.59
        },
        "20223": {
            "year_quarter": 20223,
            "year": 2022,
            "quarter": 3,
            "eps": 6.2,
            "eps_growth_year": 21.09,
            "eps_4q": 23.34,
            "eps_4q_growth_year": 19.64,
            "roe": 3.68,
            "roe_4q": 15.1,
            "gross_profit": 1131268,
            "gross_margin": 31.85,
            "gross_margin_4q_avg": 34.74,
            "net_income": 443554,
            "net_income_4q": null,
            "revenue": 3551392,
            "revenue_4q": null,
            "common_shares": 717011,
            "book_valuer_per_share": 177.71,
            "book_valuer_per_share_4q_avg": 160.39,
            "equity": 12741814,
            "current_ratio": 264.85,
            "debt_ratio": 34.95,
            "inventory_turnover_ratio": 0.46,
            "account_receivable_turnover_ratio": 2.13,
            "reinvestment_rate": 11.25,
            "research_to_sale_ratio": 9.49,
            "price_fair": 590.1,
            "eps_avg_yearly": 16.86,
            "eps_latest_yearly": 24.8,
            "eps_growth_yearly": 46.94
        },
        "20224": {
            "year_quarter": 20224,
            "year": 2022,
            "quarter": 4,
            "eps": 7.15,
            "eps_growth_year": 43.12,
            "eps_4q": 25.5,
            "eps_4q_growth_year": 21.01,
            "roe": 3.99,
            "roe_4q": 15.6,
            "gross_profit": 1260075,
            "gross_margin": 27.5,
            "gross_margin_4q_avg": 33.13,
            "net_income": 513130,
            "net_income_4q": null,
            "revenue": 4582131,
            "revenue_4q": null,
            "common_shares": 719280,
            "book_valuer_per_share": 180.65,
            "book_valuer_per_share_4q_avg": 168.96,
            "equity": 13002054,
            "current_ratio": 276.05,
            "debt_ratio": 34.13,
            "inventory_turnover_ratio": 0.42,
            "account_receivable_turnover_ratio": 2.95,
            "reinvestment_rate": 8.57,
            "research_to_sale_ratio": 6.72,
            "price_fair": 617.49,
            "eps_avg_yearly": 17.64,
            "eps_latest_yearly": 28.6,
            "eps_growth_yearly": 47.9
        },
        "20231": {
            "year_quarter": 20231,
            "year": 2023,
            "quarter": 1,
            "eps": 8.09,
            "eps_growth_year": 28.01,
            "eps_4q": 27.22,
            "eps_4q_growth_year": 25.04,
            "roe": 4.35,
            "roe_4q": 15.799999999999999,
            "gross_profit": 1198509,
            "gross_margin": 20.97,
            "gross_margin_4q_avg": 28.73,
            "net_income": 581178,
            "net_income_4q": null,
            "revenue": 5716430,
            "revenue_4q": null,
            "common_shares": 723248,
            "book_valuer_per_share": 189.29,
            "book_valuer_per_share_4q_avg": 176.73,
            "equity": 13707046,
            "current_ratio": 313.99,
            "debt_ratio": 29.16,
            "inventory_turnover_ratio": 0.53,
            "account_receivable_turnover_ratio": 2.95,
            "reinvestment_rate": 18.87,
            "research_to_sale_ratio": 5.84,
            "price_fair": 649.69,
            "eps_avg_yearly": 18.56,
            "eps_latest_yearly": 32.36,
            "eps_growth_yearly": 48.19
        },
        "20232": {
            "year_quarter": 20232,
            "year": 2023,
            "quarter": 2,
            "eps": 10.16,
            "eps_growth_year": 69.05,
            "eps_4q": 31.38,
            "eps_4q_growth_year": 41.05,
            "roe": 5.31,
            "roe_4q": 17.330000000000002,
            "gross_profit": 1692083,
            "gross_margin": 21.34,
            "gross_margin_4q_avg": 25.42,
            "net_income": 734113,
            "net_income_4q": null,
            "revenue": 7928474,
            "revenue_4q": null,
            "common_shares": 725093,
            "book_valuer_per_share": 191.85,
            "book_valuer_per_share_4q_avg": 184.88,
            "equity": 13934085,
            "current_ratio": 258.09,
            "debt_ratio": 35.23,
            "inventory_turnover_ratio": 0.8,
            "account_receivable_turnover_ratio": 2.77,
            "reinvestment_rate": 10.82,
            "research_to_sale_ratio": 4.26,
            "price_fair": 727.48,
            "eps_avg_yearly": 20.79,
            "eps_latest_yearly": 40.64,
            "eps_growth_yearly": 60.46
        },
        "20233": {
            "year_quarter": 20233,
            "year": 2023,
            "quarter": 3,
            "eps": 12.03,
            "eps_growth_year": 94.03,
            "eps_4q": 36.71,
            "eps_4q_growth_year": 57.3,
            "roe": 5.62,
            "roe_4q": 19.27,
            "gross_profit": 1803682,
            "gross_margin": 23.7,
            "gross_margin_4q_avg": 23.38,
            "net_income": 885057,
            "net_income_4q": null,
            "revenue": 7609996,
            "revenue_4q": null,
            "common_shares": 740967,
            "book_valuer_per_share": 236.65,
            "book_valuer_per_share_4q_avg": 199.61,
            "equity": 17554832,
            "current_ratio": 259.62,
            "debt_ratio": 35.42,
            "inventory_turnover_ratio": 0.62,
            "account_receivable_turnover_ratio": 2.54,
            "reinvestment_rate": 12.69,
            "research_to_sale_ratio": 6.13,
            "price_fair": 815.85,
            "eps_avg_yearly": 23.31,
            "eps_latest_yearly": 48.12,
            "eps_growth_yearly": 52.07
        }
    },
    "months": {
        "2011-07": {
            "month": "2011-07",
            "price": "65.12",
            "revenue": 157730
        },
        "2011-08": {
            "month": "2011-08",
            "price": "45.58",
            "revenue": 174794
        },
        "2011-09": {
            "month": "2011-09",
            "price": "37.50",
            "revenue": 334957
        },
        "2011-10": {
            "month": "2011-10",
            "price": "39.89",
            "revenue": 190528
        },
        "2011-11": {
            "month": "2011-11",
            "price": "41.59",
            "revenue": 186658
        },
        "2011-12": {
            "month": "2011-12",
            "price": "36.21",
            "revenue": 336689
        },
        "2012-01": {
            "month": "2012-01",
            "price": "33.15",
            "revenue": 158258
        },
        "2012-02": {
            "month": "2012-02",
            "price": "32.11",
            "revenue": 199856
        },
        "2012-03": {
            "month": "2012-03",
            "price": "31.82",
            "revenue": 329740
        },
        "2012-04": {
            "month": "2012-04",
            "price": "34.65",
            "revenue": 156994
        },
        "2012-05": {
            "month": "2012-05",
            "price": "40.09",
            "revenue": 157525
        },
        "2012-06": {
            "month": "2012-06",
            "price": "38.12",
            "revenue": 287005
        },
        "2012-07": {
            "month": "2012-07",
            "price": "35.97",
            "revenue": 167245
        },
        "2012-08": {
            "month": "2012-08",
            "price": "36.08",
            "revenue": 194430
        },
        "2012-09": {
            "month": "2012-09",
            "price": "36.04",
            "revenue": 291834
        },
        "2012-10": {
            "month": "2012-10",
            "price": "34.25",
            "revenue": 155294
        },
        "2012-11": {
            "month": "2012-11",
            "price": "31.20",
            "revenue": 234476
        },
        "2012-12": {
            "month": "2012-12",
            "price": "29.88",
            "revenue": 319421
        },
        "2013-01": {
            "month": "2013-01",
            "price": "30.05",
            "revenue": 122120
        },
        "2013-02": {
            "month": "2013-02",
            "price": "29.02",
            "revenue": 125523
        },
        "2013-03": {
            "month": "2013-03",
            "price": "26.55",
            "revenue": 291023
        },
        "2013-04": {
            "month": "2013-04",
            "price": "24.42",
            "revenue": 122833
        },
        "2013-05": {
            "month": "2013-05",
            "price": "20.54",
            "revenue": 132194
        },
        "2013-06": {
            "month": "2013-06",
            "price": "21.06",
            "revenue": 331705
        },
        "2013-07": {
            "month": "2013-07",
            "price": "29.02",
            "revenue": 223263
        },
        "2013-08": {
            "month": "2013-08",
            "price": "30.69",
            "revenue": 182424
        },
        "2013-09": {
            "month": "2013-09",
            "price": "36.50",
            "revenue": 305393
        },
        "2013-10": {
            "month": "2013-10",
            "price": "42.50",
            "revenue": 131286
        },
        "2013-11": {
            "month": "2013-11",
            "price": "52.76",
            "revenue": 179619
        },
        "2013-12": {
            "month": "2013-12",
            "price": "64.95",
            "revenue": 439526
        },
        "2014-01": {
            "month": "2014-01",
            "price": "66.67",
            "revenue": 129045
        },
        "2014-02": {
            "month": "2014-02",
            "price": "78.67",
            "revenue": 294276
        },
        "2014-03": {
            "month": "2014-03",
            "price": "95.66",
            "revenue": 418633
        },
        "2014-04": {
            "month": "2014-04",
            "price": "93.29",
            "revenue": 391075
        },
        "2014-05": {
            "month": "2014-05",
            "price": "93.76",
            "revenue": 408620
        },
        "2014-06": {
            "month": "2014-06",
            "price": "122.77",
            "revenue": 525510
        },
        "2014-07": {
            "month": "2014-07",
            "price": "133.16",
            "revenue": 283563
        },
        "2014-08": {
            "month": "2014-08",
            "price": "116.67",
            "revenue": 508698
        },
        "2014-09": {
            "month": "2014-09",
            "price": "115.61",
            "revenue": 502455
        },
        "2014-10": {
            "month": "2014-10",
            "price": "94.48",
            "revenue": 411269
        },
        "2014-11": {
            "month": "2014-11",
            "price": "101.84",
            "revenue": 344616
        },
        "2014-12": {
            "month": "2014-12",
            "price": "112.70",
            "revenue": 468146
        },
        "2015-01": {
            "month": "2015-01",
            "price": "95.64",
            "revenue": 283476
        },
        "2015-02": {
            "month": "2015-02",
            "price": "74.54",
            "revenue": 222526
        },
        "2015-03": {
            "month": "2015-03",
            "price": "65.53",
            "revenue": 197069
        },
        "2015-04": {
            "month": "2015-04",
            "price": "59.32",
            "revenue": 212548
        },
        "2015-05": {
            "month": "2015-05",
            "price": "49.90",
            "revenue": 307211
        },
        "2015-06": {
            "month": "2015-06",
            "price": "44.62",
            "revenue": 351039
        },
        "2015-07": {
            "month": "2015-07",
            "price": "47.51",
            "revenue": 372868
        },
        "2015-08": {
            "month": "2015-08",
            "price": "38.55",
            "revenue": 377155
        },
        "2015-09": {
            "month": "2015-09",
            "price": "39.04",
            "revenue": 571233
        },
        "2015-10": {
            "month": "2015-10",
            "price": "41.78",
            "revenue": 271149
        },
        "2015-11": {
            "month": "2015-11",
            "price": "41.06",
            "revenue": 219608
        },
        "2015-12": {
            "month": "2015-12",
            "price": "34.64",
            "revenue": 401839
        },
        "2016-01": {
            "month": "2016-01",
            "price": "33.97",
            "revenue": 217757
        },
        "2016-02": {
            "month": "2016-02",
            "price": "35.04",
            "revenue": 183885
        },
        "2016-03": {
            "month": "2016-03",
            "price": "36.32",
            "revenue": 543668
        },
        "2016-04": {
            "month": "2016-04",
            "price": "40.77",
            "revenue": 216011
        },
        "2016-05": {
            "month": "2016-05",
            "price": "31.72",
            "revenue": 191215
        },
        "2016-06": {
            "month": "2016-06",
            "price": "25.49",
            "revenue": 408428
        },
        "2016-07": {
            "month": "2016-07",
            "price": "26.88",
            "revenue": 233693
        },
        "2016-08": {
            "month": "2016-08",
            "price": "24.68",
            "revenue": 329609
        },
        "2016-09": {
            "month": "2016-09",
            "price": "25.13",
            "revenue": 346929
        },
        "2016-10": {
            "month": "2016-10",
            "price": "26.84",
            "revenue": 172538
        },
        "2016-11": {
            "month": "2016-11",
            "price": "28.55",
            "revenue": 275984
        },
        "2016-12": {
            "month": "2016-12",
            "price": "30.25",
            "revenue": 566295
        },
        "2017-01": {
            "month": "2017-01",
            "price": "29.91",
            "revenue": 184308
        },
        "2017-02": {
            "month": "2017-02",
            "price": "35.24",
            "revenue": 127913
        },
        "2017-03": {
            "month": "2017-03",
            "price": "42.99",
            "revenue": 450766
        },
        "2017-04": {
            "month": "2017-04",
            "price": "53.92",
            "revenue": 394165
        },
        "2017-05": {
            "month": "2017-05",
            "price": "60.34",
            "revenue": 372790
        },
        "2017-06": {
            "month": "2017-06",
            "price": "61.49",
            "revenue": 398227
        },
        "2017-07": {
            "month": "2017-07",
            "price": "69.39",
            "revenue": 388063
        },
        "2017-08": {
            "month": "2017-08",
            "price": "77.59",
            "revenue": 489339
        },
        "2017-09": {
            "month": "2017-09",
            "price": "81.82",
            "revenue": 721300
        },
        "2017-10": {
            "month": "2017-10",
            "price": "112.58",
            "revenue": 190057
        },
        "2017-11": {
            "month": "2017-11",
            "price": "94.15",
            "revenue": 217922
        },
        "2017-12": {
            "month": "2017-12",
            "price": "86.22",
            "revenue": 321470
        },
        "2018-01": {
            "month": "2018-01",
            "price": "103.80",
            "revenue": 189179
        },
        "2018-02": {
            "month": "2018-02",
            "price": "108.81",
            "revenue": 293396
        },
        "2018-03": {
            "month": "2018-03",
            "price": "130.70",
            "revenue": 329221
        },
        "2018-04": {
            "month": "2018-04",
            "price": "126.28",
            "revenue": 332842
        },
        "2018-05": {
            "month": "2018-05",
            "price": "135.41",
            "revenue": 323726
        },
        "2018-06": {
            "month": "2018-06",
            "price": "142.35",
            "revenue": 319497
        },
        "2018-07": {
            "month": "2018-07",
            "price": "136.18",
            "revenue": 277084
        },
        "2018-08": {
            "month": "2018-08",
            "price": "112.87",
            "revenue": 296279
        },
        "2018-09": {
            "month": "2018-09",
            "price": "98.36",
            "revenue": 298196
        },
        "2018-10": {
            "month": "2018-10",
            "price": "74.29",
            "revenue": 251872
        },
        "2018-11": {
            "month": "2018-11",
            "price": "77.89",
            "revenue": 213612
        },
        "2018-12": {
            "month": "2018-12",
            "price": "73.18",
            "revenue": 326460
        },
        "2019-01": {
            "month": "2019-01",
            "price": "73.58",
            "revenue": 331042
        },
        "2019-02": {
            "month": "2019-02",
            "price": "83.03",
            "revenue": 285780
        },
        "2019-03": {
            "month": "2019-03",
            "price": "80.08",
            "revenue": 499959
        },
        "2019-04": {
            "month": "2019-04",
            "price": "80.36",
            "revenue": 337276
        },
        "2019-05": {
            "month": "2019-05",
            "price": "81.24",
            "revenue": 302926
        },
        "2019-06": {
            "month": "2019-06",
            "price": "89.29",
            "revenue": 222480
        },
        "2019-07": {
            "month": "2019-07",
            "price": "95.72",
            "revenue": 289948
        },
        "2019-08": {
            "month": "2019-08",
            "price": "113.95",
            "revenue": 310718
        },
        "2019-09": {
            "month": "2019-09",
            "price": "141.26",
            "revenue": 307407
        },
        "2019-10": {
            "month": "2019-10",
            "price": "176.90",
            "revenue": 416935
        },
        "2019-11": {
            "month": "2019-11",
            "price": "211.64",
            "revenue": 440377
        },
        "2019-12": {
            "month": "2019-12",
            "price": "229.25",
            "revenue": 573929
        },
        "2020-01": {
            "month": "2020-01",
            "price": "237.27",
            "revenue": 397250
        },
        "2020-02": {
            "month": "2020-02",
            "price": "219.87",
            "revenue": 501419
        },
        "2020-03": {
            "month": "2020-03",
            "price": "197.70",
            "revenue": 621679
        },
        "2020-04": {
            "month": "2020-04",
            "price": "234.25",
            "revenue": 530416
        },
        "2020-05": {
            "month": "2020-05",
            "price": "286.60",
            "revenue": 555764
        },
        "2020-06": {
            "month": "2020-06",
            "price": "383.88",
            "revenue": 557546
        },
        "2020-07": {
            "month": "2020-07",
            "price": "539.17",
            "revenue": 656117
        },
        "2020-08": {
            "month": "2020-08",
            "price": "624.57",
            "revenue": 685088
        },
        "2020-09": {
            "month": "2020-09",
            "price": "491.05",
            "revenue": 652246
        },
        "2020-10": {
            "month": "2020-10",
            "price": "508.71",
            "revenue": 573581
        },
        "2020-11": {
            "month": "2020-11",
            "price": "588.69",
            "revenue": 662483
        },
        "2020-12": {
            "month": "2020-12",
            "price": "616.00",
            "revenue": 670879
        },
        "2021-01": {
            "month": "2021-01",
            "price": "809.80",
            "revenue": 748874
        },
        "2021-02": {
            "month": "2021-02",
            "price": "874.46",
            "revenue": 876860
        },
        "2021-03": {
            "month": "2021-03",
            "price": "889.91",
            "revenue": 1032917
        },
        "2021-04": {
            "month": "2021-04",
            "price": "616.18",
            "revenue": 1008533
        },
        "2021-05": {
            "month": "2021-05",
            "price": "455.24",
            "revenue": 920126
        },
        "2021-06": {
            "month": "2021-06",
            "price": "580.95",
            "revenue": 797577
        },
        "2021-07": {
            "month": "2021-07",
            "price": "651.36",
            "revenue": 812533
        },
        "2021-08": {
            "month": "2021-08",
            "price": "613.41",
            "revenue": 840549
        },
        "2021-09": {
            "month": "2021-09",
            "price": "819.35",
            "revenue": 904978
        },
        "2021-10": {
            "month": "2021-10",
            "price": "931.75",
            "revenue": 841759
        },
        "2021-11": {
            "month": "2021-11",
            "price": "1149.41",
            "revenue": 847924
        },
        "2021-12": {
            "month": "2021-12",
            "price": "993.91",
            "revenue": 793411
        },
        "2022-01": {
            "month": "2022-01",
            "price": "941.67",
            "revenue": 874914
        },
        "2022-02": {
            "month": "2022-02",
            "price": "1085.00",
            "revenue": 886744
        },
        "2022-03": {
            "month": "2022-03",
            "price": "1055.09",
            "revenue": 854680
        },
        "2022-04": {
            "month": "2022-04",
            "price": "942.74",
            "revenue": 913462
        },
        "2022-05": {
            "month": "2022-05",
            "price": "915.10",
            "revenue": 1006161
        },
        "2022-06": {
            "month": "2022-06",
            "price": "780.62",
            "revenue": 1056510
        },
        "2022-07": {
            "month": "2022-07",
            "price": "642.10",
            "revenue": 950674
        },
        "2022-08": {
            "month": "2022-08",
            "price": "742.70",
            "revenue": 1166107
        },
        "2022-09": {
            "month": "2022-09",
            "price": "892.62",
            "revenue": 1464348
        },
        "2022-10": {
            "month": "2022-10",
            "price": "717.45",
            "revenue": 1230104
        },
        "2022-11": {
            "month": "2022-11",
            "price": "827.59",
            "revenue": 1764891
        },
        "2022-12": {
            "month": "2022-12",
            "price": "849.09",
            "revenue": 1635779
        },
        "2023-01": {
            "month": "2023-01",
            "price": "850.54",
            "revenue": 1632410
        },
        "2023-02": {
            "month": "2023-02",
            "price": "942.78",
            "revenue": 1538317
        },
        "2023-03": {
            "month": "2023-03",
            "price": "1121.61",
            "revenue": 2550850
        },
        "2023-04": {
            "month": "2023-04",
            "price": "1261.76",
            "revenue": 2607936
        },
        "2023-05": {
            "month": "2023-05",
            "price": "1429.09",
            "revenue": 2722334
        },
        "2023-06": {
            "month": "2023-06",
            "price": "1733.25",
            "revenue": 2609723
        },
        "2023-07": {
            "month": "2023-07",
            "price": "2007.86",
            "revenue": 2255324
        },
        "2023-08": {
            "month": "2023-08",
            "price": "2135.68",
            "revenue": 2465370
        },
        "2023-09": {
            "month": "2023-09",
            "price": "2534.50",
            "revenue": 2902891
        },
        "2023-10": {
            "month": "2023-10",
            "price": "2653.75",
            "revenue": 2837433
        },
        "2023-11": {
            "month": "2023-11",
            "price": "3074.77",
            "revenue": 2912288
        },
        "2023-12": {
            "month": "2023-12",
            "price": "3353.33",
            "revenue": 3510037
        }
    }
}
