{
    "summary": {
        "stock_name": "鑫科",
        "stock_id": "3663",
        "category": "其他電子",
        "main_business": "各式薄膜濺鍍靶材及貴金屬材料之加工銷售",
        "website_url": "http://www.e-ttmc.com.tw",
        "ceo": "潘永村",
        "pe_ratio": 38,
        "report_year_from": 2008,
        "report_year_to": 2023,
        "age": 15,
        "eps_negative_percentage": 29,
        "eps_growth_avg": {
            "last_all": 10.16,
            "last_2y": 1.9,
            "last_4y": 33.92,
            "last_8y": 15.04,
            "last_12y": null,
            "last_16y": null,
            "last_20y": null,
            "at_2006_last_3y": null,
            "at_2007_last_3y": null,
            "at_2008_last_3y": null,
            "at_2009_last_3y": null,
            "at_2010_last_3y": null,
            "at_2011_last_3y": null,
            "at_2012_last_3y": null,
            "at_2013_last_3y": null,
            "at_2014_last_3y": null,
            "at_2015_last_3y": -4.69,
            "at_2016_last_3y": -31.09,
            "at_2017_last_3y": -16.43,
            "at_2018_last_3y": -28.47,
            "at_2019_last_3y": 38.2,
            "at_2020_last_3y": 13.43,
            "at_2021_last_3y": 38.45,
            "at_2022_last_3y": 26.43,
            "at_2023_last_3y": 26.43,
            "at_2006_last_all": null,
            "at_2007_last_all": null,
            "at_2008_last_all": null,
            "at_2009_last_all": null,
            "at_2010_last_all": null,
            "at_2011_last_all": null,
            "at_2012_last_all": null,
            "at_2013_last_all": -9.37,
            "at_2014_last_all": 27.08,
            "at_2015_last_all": -4.69,
            "at_2016_last_all": -4.69,
            "at_2017_last_all": -13.61,
            "at_2018_last_all": -0.69,
            "at_2019_last_all": 13.69,
            "at_2020_last_all": 4.37,
            "at_2021_last_all": 9.53,
            "at_2022_last_all": 10.16,
            "at_2023_last_all": 10.16
        },
        "latest_eps": 0.84,
        "latest_price": 31.8,
        "latest_roe": 5.03,
        "latest_gross_margin": 7.85,
        "latest_equity": 1245116,
        "latest_revenue": 549032,
        "latest_gross_profit": 43103,
        "latest_net_income": 8331,
        "latest_debt_ratio": 39.37,
        "latest_current_ratio": 305.96,
        "latest_account_receivable_turnover_ratio": 2.37,
        "latest_inventory_turnover_ratio": 0.61,
        "latest_reinvestment_rate": -15.25,
        "latest_research_to_sale_ratio": 1.33
    },
    "eps_dividends": {
        "2001": {
            "cash": 0,
            "stock": 0,
            "eps": 0
        },
        "2002": {
            "cash": 0,
            "stock": 0,
            "eps": 0
        },
        "2003": {
            "cash": 0,
            "stock": 0,
            "eps": 0
        },
        "2004": {
            "cash": 0,
            "stock": 0,
            "eps": 0
        },
        "2005": {
            "cash": 0,
            "stock": 0,
            "eps": 0
        },
        "2006": {
            "cash": 0,
            "stock": 0,
            "eps": 0
        },
        "2007": {
            "cash": 0,
            "stock": 0,
            "eps": 0
        },
        "2008": {
            "cash": 0,
            "stock": 0,
            "eps": 0
        },
        "2009": {
            "cash": 2,
            "stock": 1,
            "eps": 0
        },
        "2010": {
            "cash": 0,
            "stock": 0,
            "eps": 0
        },
        "2011": {
            "cash": 1,
            "stock": 1,
            "eps": 0.51
        },
        "2012": {
            "cash": 1,
            "stock": 0,
            "eps": 0.89
        },
        "2013": {
            "cash": 1,
            "stock": 0,
            "eps": 0.06
        },
        "2014": {
            "cash": 0,
            "stock": 0,
            "eps": 0.33
        },
        "2015": {
            "cash": 1,
            "stock": 0,
            "eps": -2.6
        },
        "2016": {
            "cash": 0,
            "stock": 0,
            "eps": 0.71
        },
        "2017": {
            "cash": 1,
            "stock": 0,
            "eps": 0.36
        },
        "2018": {
            "cash": 1,
            "stock": 0,
            "eps": 0.59
        },
        "2019": {
            "cash": 0,
            "stock": 0,
            "eps": 1.61
        },
        "2020": {
            "cash": 1,
            "stock": 0,
            "eps": 0.63
        },
        "2021": {
            "cash": 1,
            "stock": 0,
            "eps": 0.95
        },
        "2022": {
            "cash": 1,
            "stock": 0,
            "eps": 1.1
        },
        "2023": {
            "cash": 1,
            "stock": 0,
            "eps": 0.11
        }
    },
    "dividends": {
        "2009-04-02": {
            "cash": 1.5,
            "stock": 0.5
        },
        "2010-03-31": {
            "cash": 0.43,
            "stock": 0.26
        },
        "2011-03-22": {
            "cash": 1.3,
            "stock": 0.5
        },
        "2012-06-26": {
            "cash": 1,
            "stock": 0
        },
        "2013-06-20": {
            "cash": 0.9,
            "stock": 0
        },
        "2015-10-02": {
            "cash": 0.5,
            "stock": 0
        },
        "2017-09-30": {
            "cash": 0.6,
            "stock": 0
        },
        "2018-09-28": {
            "cash": 0.5,
            "stock": 0
        },
        "2019-09-27": {
            "cash": 0.4,
            "stock": 0
        },
        "2020-09-23": {
            "cash": 1,
            "stock": 0
        },
        "2021-09-27": {
            "cash": 0.8,
            "stock": 0
        },
        "2022-09-06": {
            "cash": 0.9,
            "stock": 0
        },
        "2023-02-21": {
            "cash": 1,
            "stock": 0
        }
    },
    "prices": {
        "200101": "無",
        "200102": "無",
        "200103": "無",
        "200104": "無",
        "200105": "無",
        "200106": "無",
        "200107": "無",
        "200108": "無",
        "200109": "無",
        "200110": "無",
        "200111": "無",
        "200112": "無",
        "200201": "無",
        "200202": "無",
        "200203": "無",
        "200204": "無",
        "200205": "無",
        "200206": "無",
        "200207": "無",
        "200208": "無",
        "200209": "無",
        "200210": "無",
        "200211": "無",
        "200212": "無",
        "200301": "無",
        "200302": "無",
        "200303": "無",
        "200304": "無",
        "200305": "無",
        "200306": "無",
        "200307": "無",
        "200308": "無",
        "200309": "無",
        "200310": "無",
        "200311": "無",
        "200312": "無",
        "200401": "無",
        "200402": "無",
        "200403": "無",
        "200404": "無",
        "200405": "無",
        "200406": "無",
        "200407": "無",
        "200408": "無",
        "200409": "無",
        "200410": "無",
        "200411": "無",
        "200412": "無",
        "200501": "無",
        "200502": "無",
        "200503": "無",
        "200504": "無",
        "200505": "無",
        "200506": "無",
        "200507": "無",
        "200508": "無",
        "200509": "無",
        "200510": "無",
        "200511": "無",
        "200512": "無",
        "200601": "無",
        "200602": "無",
        "200603": "無",
        "200604": "無",
        "200605": "無",
        "200606": "無",
        "200607": "無",
        "200608": "無",
        "200609": "無",
        "200610": "無",
        "200611": "無",
        "200612": "無",
        "200701": "無",
        "200702": "無",
        "200703": "無",
        "200704": "無",
        "200705": "無",
        "200706": "無",
        "200707": "無",
        "200708": "無",
        "200709": "無",
        "200710": "無",
        "200711": "無",
        "200712": "無",
        "200801": "無",
        "200802": "無",
        "200803": "無",
        "200804": "無",
        "200805": "無",
        "200806": "無",
        "200807": "無",
        "200808": "無",
        "200809": "無",
        "200810": "無",
        "200811": "無",
        "200812": "無",
        "200901": "無",
        "200902": "無",
        "200903": "無",
        "200904": "無",
        "200905": "無",
        "200906": "無",
        "200907": "無",
        "200908": "無",
        "200909": "無",
        "200910": "無",
        "200911": "無",
        "200912": "無",
        "201001": "無",
        "201002": "無",
        "201003": "無",
        "201004": "無",
        "201005": "無",
        "201006": "無",
        "201007": "無",
        "201008": "無",
        "201009": "無",
        "201010": "無",
        "201011": "無",
        "201012": "無",
        "201101": "無",
        "201102": "68.66",
        "201103": "59.76",
        "201104": "53.38",
        "201105": "53.24",
        "201106": "53.12",
        "201107": "53.16",
        "201108": "51.87",
        "201109": "49.59",
        "201110": "47.31",
        "201111": "36.85",
        "201112": "27.98",
        "201201": "27.35",
        "201202": "34.58",
        "201203": "34.89",
        "201204": "35.33",
        "201205": "33.20",
        "201206": "29.55",
        "201207": "30.97",
        "201208": "28.83",
        "201209": "28.76",
        "201210": "26.04",
        "201211": "23.81",
        "201212": "34.98",
        "201301": "35.33",
        "201302": "33.85",
        "201303": "31.16",
        "201304": "27.39",
        "201305": "28.58",
        "201306": "30.90",
        "201307": "27.37",
        "201308": "23.76",
        "201309": "24.06",
        "201310": "27.56",
        "201311": "27.91",
        "201312": "26.16",
        "201401": "31.16",
        "201402": "29.32",
        "201403": "28.88",
        "201404": "27.74",
        "201405": "26.85",
        "201406": "27.57",
        "201407": "26.21",
        "201408": "24.55",
        "201409": "25.39",
        "201410": "23.56",
        "201411": "23.79",
        "201412": "24.31",
        "201501": "23.76",
        "201502": "23.43",
        "201503": "22.99",
        "201504": "22.73",
        "201505": "22.22",
        "201506": "19.80",
        "201507": "20.67",
        "201508": "19.14",
        "201509": "16.76",
        "201510": "17.51",
        "201511": "16.04",
        "201512": "15.81",
        "201601": "15.78",
        "201602": "15.76",
        "201603": "15.95",
        "201604": "15.64",
        "201605": "15.53",
        "201606": "15.14",
        "201607": "15.78",
        "201608": "17.30",
        "201609": "20.24",
        "201610": "18.47",
        "201611": "17.83",
        "201612": "18.18",
        "201701": "19.33",
        "201702": "18.98",
        "201703": "18.31",
        "201704": "18.15",
        "201705": "17.18",
        "201706": "16.28",
        "201707": "16.32",
        "201708": "16.05",
        "201709": "15.95",
        "201710": "15.96",
        "201711": "15.70",
        "201712": "15.65",
        "201801": "18.65",
        "201802": "19.11",
        "201803": "21.51",
        "201804": "21.76",
        "201805": "21.30",
        "201806": "21.51",
        "201807": "19.47",
        "201808": "19.49",
        "201809": "19.78",
        "201810": "17.93",
        "201811": "17.44",
        "201812": "18.21",
        "201901": "17.18",
        "201902": "17.95",
        "201903": "18.12",
        "201904": "17.78",
        "201905": "18.03",
        "201906": "18.13",
        "201907": "17.44",
        "201908": "18.34",
        "201909": "19.09",
        "201910": "20.71",
        "201911": "21.39",
        "201912": "21.15",
        "202001": "21.59",
        "202002": "19.77",
        "202003": "16.77",
        "202004": "17.90",
        "202005": "18.79",
        "202006": "18.92",
        "202007": "19.26",
        "202008": "19.11",
        "202009": "18.76",
        "202010": "18.56",
        "202011": "18.58",
        "202012": "21.01",
        "202101": "20.71",
        "202102": "19.90",
        "202103": "21.71",
        "202104": "25.61",
        "202105": "22.12",
        "202106": "23.15",
        "202107": "27.05",
        "202108": "41.74",
        "202109": "44.74",
        "202110": "40.82",
        "202111": "38.44",
        "202112": "34.46",
        "202201": "31.76",
        "202202": "30.46",
        "202203": "31.60",
        "202204": "30.07",
        "202205": "26.21",
        "202206": "31.14",
        "202207": "26.39",
        "202208": "29.84",
        "202209": "27.94",
        "202210": "24.84",
        "202211": "27.04",
        "202212": "29.02",
        "202301": "28.27",
        "202302": "28.67",
        "202303": "30.22",
        "202304": "33.96",
        "202305": "33.84"
    },
    "quarters": {
        "20011": {
            "year_quarter": 20011,
            "year": 2001,
            "quarter": 1,
            "eps": null,
            "eps_growth_year": null,
            "eps_4q": null,
            "eps_4q_growth_year": null,
            "roe": null,
            "gross_profit": null,
            "gross_margin": null,
            "net_income": null,
            "revenue": null,
            "common_shares": null,
            "equity": null,
            "current_ratio": null,
            "debt_ratio": null,
            "inventory_turnover_ratio": null,
            "account_receivable_turnover_ratio": null,
            "reinvestment_rate": null,
            "research_to_sale_ratio": null,
            "price_fair": 0,
            "eps_avg_yearly": 0,
            "eps_latest_yearly": 0,
            "eps_growth_yearly": 0
        },
        "20012": {
            "year_quarter": 20012,
            "year": 2001,
            "quarter": 2,
            "eps": null,
            "eps_growth_year": null,
            "eps_4q": null,
            "eps_4q_growth_year": null,
            "roe": null,
            "gross_profit": null,
            "gross_margin": null,
            "net_income": null,
            "revenue": null,
            "common_shares": null,
            "equity": null,
            "current_ratio": null,
            "debt_ratio": null,
            "inventory_turnover_ratio": null,
            "account_receivable_turnover_ratio": null,
            "reinvestment_rate": null,
            "research_to_sale_ratio": null,
            "price_fair": 0,
            "eps_avg_yearly": 0,
            "eps_latest_yearly": 0,
            "eps_growth_yearly": 0
        },
        "20013": {
            "year_quarter": 20013,
            "year": 2001,
            "quarter": 3,
            "eps": null,
            "eps_growth_year": null,
            "eps_4q": null,
            "eps_4q_growth_year": null,
            "roe": null,
            "gross_profit": null,
            "gross_margin": null,
            "net_income": null,
            "revenue": null,
            "common_shares": null,
            "equity": null,
            "current_ratio": null,
            "debt_ratio": null,
            "inventory_turnover_ratio": null,
            "account_receivable_turnover_ratio": null,
            "reinvestment_rate": null,
            "research_to_sale_ratio": null,
            "price_fair": 0,
            "eps_avg_yearly": 0,
            "eps_latest_yearly": 0,
            "eps_growth_yearly": 0
        },
        "20014": {
            "year_quarter": 20014,
            "year": 2001,
            "quarter": 4,
            "eps": null,
            "eps_growth_year": null,
            "eps_4q": null,
            "eps_4q_growth_year": null,
            "roe": null,
            "gross_profit": null,
            "gross_margin": null,
            "net_income": null,
            "revenue": null,
            "common_shares": null,
            "equity": null,
            "current_ratio": null,
            "debt_ratio": null,
            "inventory_turnover_ratio": null,
            "account_receivable_turnover_ratio": null,
            "reinvestment_rate": null,
            "research_to_sale_ratio": null,
            "price_fair": 0,
            "eps_avg_yearly": 0,
            "eps_latest_yearly": 0,
            "eps_growth_yearly": 0
        },
        "20021": {
            "year_quarter": 20021,
            "year": 2002,
            "quarter": 1,
            "eps": null,
            "eps_growth_year": null,
            "eps_4q": null,
            "eps_4q_growth_year": null,
            "roe": null,
            "gross_profit": null,
            "gross_margin": null,
            "net_income": null,
            "revenue": null,
            "common_shares": null,
            "equity": null,
            "current_ratio": null,
            "debt_ratio": null,
            "inventory_turnover_ratio": null,
            "account_receivable_turnover_ratio": null,
            "reinvestment_rate": null,
            "research_to_sale_ratio": null,
            "price_fair": 0,
            "eps_avg_yearly": 0,
            "eps_latest_yearly": 0,
            "eps_growth_yearly": 0
        },
        "20022": {
            "year_quarter": 20022,
            "year": 2002,
            "quarter": 2,
            "eps": null,
            "eps_growth_year": null,
            "eps_4q": null,
            "eps_4q_growth_year": null,
            "roe": null,
            "gross_profit": null,
            "gross_margin": null,
            "net_income": null,
            "revenue": null,
            "common_shares": null,
            "equity": null,
            "current_ratio": null,
            "debt_ratio": null,
            "inventory_turnover_ratio": null,
            "account_receivable_turnover_ratio": null,
            "reinvestment_rate": null,
            "research_to_sale_ratio": null,
            "price_fair": 0,
            "eps_avg_yearly": 0,
            "eps_latest_yearly": 0,
            "eps_growth_yearly": 0
        },
        "20023": {
            "year_quarter": 20023,
            "year": 2002,
            "quarter": 3,
            "eps": null,
            "eps_growth_year": null,
            "eps_4q": null,
            "eps_4q_growth_year": null,
            "roe": null,
            "gross_profit": null,
            "gross_margin": null,
            "net_income": null,
            "revenue": null,
            "common_shares": null,
            "equity": null,
            "current_ratio": null,
            "debt_ratio": null,
            "inventory_turnover_ratio": null,
            "account_receivable_turnover_ratio": null,
            "reinvestment_rate": null,
            "research_to_sale_ratio": null,
            "price_fair": 0,
            "eps_avg_yearly": 0,
            "eps_latest_yearly": 0,
            "eps_growth_yearly": 0
        },
        "20024": {
            "year_quarter": 20024,
            "year": 2002,
            "quarter": 4,
            "eps": null,
            "eps_growth_year": null,
            "eps_4q": null,
            "eps_4q_growth_year": null,
            "roe": null,
            "gross_profit": null,
            "gross_margin": null,
            "net_income": null,
            "revenue": null,
            "common_shares": null,
            "equity": null,
            "current_ratio": null,
            "debt_ratio": null,
            "inventory_turnover_ratio": null,
            "account_receivable_turnover_ratio": null,
            "reinvestment_rate": null,
            "research_to_sale_ratio": null,
            "price_fair": 0,
            "eps_avg_yearly": 0,
            "eps_latest_yearly": 0,
            "eps_growth_yearly": 0
        },
        "20031": {
            "year_quarter": 20031,
            "year": 2003,
            "quarter": 1,
            "eps": null,
            "eps_growth_year": null,
            "eps_4q": null,
            "eps_4q_growth_year": null,
            "roe": null,
            "gross_profit": null,
            "gross_margin": null,
            "net_income": null,
            "revenue": null,
            "common_shares": null,
            "equity": null,
            "current_ratio": null,
            "debt_ratio": null,
            "inventory_turnover_ratio": null,
            "account_receivable_turnover_ratio": null,
            "reinvestment_rate": null,
            "research_to_sale_ratio": null,
            "price_fair": 0,
            "eps_avg_yearly": 0,
            "eps_latest_yearly": 0,
            "eps_growth_yearly": 0
        },
        "20032": {
            "year_quarter": 20032,
            "year": 2003,
            "quarter": 2,
            "eps": null,
            "eps_growth_year": null,
            "eps_4q": null,
            "eps_4q_growth_year": null,
            "roe": null,
            "gross_profit": null,
            "gross_margin": null,
            "net_income": null,
            "revenue": null,
            "common_shares": null,
            "equity": null,
            "current_ratio": null,
            "debt_ratio": null,
            "inventory_turnover_ratio": null,
            "account_receivable_turnover_ratio": null,
            "reinvestment_rate": null,
            "research_to_sale_ratio": null,
            "price_fair": 0,
            "eps_avg_yearly": 0,
            "eps_latest_yearly": 0,
            "eps_growth_yearly": 0
        },
        "20033": {
            "year_quarter": 20033,
            "year": 2003,
            "quarter": 3,
            "eps": null,
            "eps_growth_year": null,
            "eps_4q": null,
            "eps_4q_growth_year": null,
            "roe": null,
            "gross_profit": null,
            "gross_margin": null,
            "net_income": null,
            "revenue": null,
            "common_shares": null,
            "equity": null,
            "current_ratio": null,
            "debt_ratio": null,
            "inventory_turnover_ratio": null,
            "account_receivable_turnover_ratio": null,
            "reinvestment_rate": null,
            "research_to_sale_ratio": null,
            "price_fair": 0,
            "eps_avg_yearly": 0,
            "eps_latest_yearly": 0,
            "eps_growth_yearly": 0
        },
        "20034": {
            "year_quarter": 20034,
            "year": 2003,
            "quarter": 4,
            "eps": null,
            "eps_growth_year": null,
            "eps_4q": null,
            "eps_4q_growth_year": null,
            "roe": null,
            "gross_profit": null,
            "gross_margin": null,
            "net_income": null,
            "revenue": null,
            "common_shares": 177042,
            "equity": 310870,
            "current_ratio": 222.35,
            "debt_ratio": 38.77,
            "inventory_turnover_ratio": null,
            "account_receivable_turnover_ratio": null,
            "reinvestment_rate": null,
            "research_to_sale_ratio": null,
            "price_fair": 0,
            "eps_avg_yearly": 0,
            "eps_latest_yearly": 0,
            "eps_growth_yearly": 0
        },
        "20041": {
            "year_quarter": 20041,
            "year": 2004,
            "quarter": 1,
            "eps": null,
            "eps_growth_year": null,
            "eps_4q": null,
            "eps_4q_growth_year": null,
            "roe": null,
            "gross_profit": null,
            "gross_margin": null,
            "net_income": null,
            "revenue": null,
            "common_shares": null,
            "equity": null,
            "current_ratio": null,
            "debt_ratio": null,
            "inventory_turnover_ratio": null,
            "account_receivable_turnover_ratio": null,
            "reinvestment_rate": null,
            "research_to_sale_ratio": null,
            "price_fair": 0,
            "eps_avg_yearly": 0,
            "eps_latest_yearly": 0,
            "eps_growth_yearly": 0
        },
        "20042": {
            "year_quarter": 20042,
            "year": 2004,
            "quarter": 2,
            "eps": null,
            "eps_growth_year": null,
            "eps_4q": null,
            "eps_4q_growth_year": null,
            "roe": null,
            "gross_profit": null,
            "gross_margin": null,
            "net_income": null,
            "revenue": null,
            "common_shares": null,
            "equity": null,
            "current_ratio": null,
            "debt_ratio": null,
            "inventory_turnover_ratio": null,
            "account_receivable_turnover_ratio": null,
            "reinvestment_rate": null,
            "research_to_sale_ratio": null,
            "price_fair": 0,
            "eps_avg_yearly": 0,
            "eps_latest_yearly": 0,
            "eps_growth_yearly": 0
        },
        "20043": {
            "year_quarter": 20043,
            "year": 2004,
            "quarter": 3,
            "eps": null,
            "eps_growth_year": null,
            "eps_4q": null,
            "eps_4q_growth_year": null,
            "roe": null,
            "gross_profit": null,
            "gross_margin": null,
            "net_income": null,
            "revenue": null,
            "common_shares": null,
            "equity": null,
            "current_ratio": null,
            "debt_ratio": null,
            "inventory_turnover_ratio": null,
            "account_receivable_turnover_ratio": null,
            "reinvestment_rate": null,
            "research_to_sale_ratio": null,
            "price_fair": 0,
            "eps_avg_yearly": 0,
            "eps_latest_yearly": 0,
            "eps_growth_yearly": 0
        },
        "20044": {
            "year_quarter": 20044,
            "year": 2004,
            "quarter": 4,
            "eps": null,
            "eps_growth_year": null,
            "eps_4q": null,
            "eps_4q_growth_year": null,
            "roe": null,
            "gross_profit": null,
            "gross_margin": null,
            "net_income": null,
            "revenue": null,
            "common_shares": 308732,
            "equity": 565799,
            "current_ratio": 265.38,
            "debt_ratio": 33.33,
            "inventory_turnover_ratio": null,
            "account_receivable_turnover_ratio": null,
            "reinvestment_rate": null,
            "research_to_sale_ratio": null,
            "price_fair": 0,
            "eps_avg_yearly": 0,
            "eps_latest_yearly": 0,
            "eps_growth_yearly": 0
        },
        "20051": {
            "year_quarter": 20051,
            "year": 2005,
            "quarter": 1,
            "eps": null,
            "eps_growth_year": null,
            "eps_4q": null,
            "eps_4q_growth_year": null,
            "roe": null,
            "gross_profit": null,
            "gross_margin": null,
            "net_income": null,
            "revenue": null,
            "common_shares": null,
            "equity": null,
            "current_ratio": null,
            "debt_ratio": null,
            "inventory_turnover_ratio": null,
            "account_receivable_turnover_ratio": null,
            "reinvestment_rate": null,
            "research_to_sale_ratio": null,
            "price_fair": 0,
            "eps_avg_yearly": 0,
            "eps_latest_yearly": 0,
            "eps_growth_yearly": 0
        },
        "20052": {
            "year_quarter": 20052,
            "year": 2005,
            "quarter": 2,
            "eps": null,
            "eps_growth_year": null,
            "eps_4q": null,
            "eps_4q_growth_year": null,
            "roe": null,
            "gross_profit": null,
            "gross_margin": null,
            "net_income": null,
            "revenue": null,
            "common_shares": null,
            "equity": null,
            "current_ratio": null,
            "debt_ratio": null,
            "inventory_turnover_ratio": null,
            "account_receivable_turnover_ratio": null,
            "reinvestment_rate": null,
            "research_to_sale_ratio": null,
            "price_fair": 0,
            "eps_avg_yearly": 0,
            "eps_latest_yearly": 0,
            "eps_growth_yearly": 0
        },
        "20053": {
            "year_quarter": 20053,
            "year": 2005,
            "quarter": 3,
            "eps": null,
            "eps_growth_year": null,
            "eps_4q": null,
            "eps_4q_growth_year": null,
            "roe": null,
            "gross_profit": null,
            "gross_margin": null,
            "net_income": null,
            "revenue": null,
            "common_shares": null,
            "equity": null,
            "current_ratio": null,
            "debt_ratio": null,
            "inventory_turnover_ratio": null,
            "account_receivable_turnover_ratio": null,
            "reinvestment_rate": null,
            "research_to_sale_ratio": null,
            "price_fair": 0,
            "eps_avg_yearly": 0,
            "eps_latest_yearly": 0,
            "eps_growth_yearly": 0
        },
        "20054": {
            "year_quarter": 20054,
            "year": 2005,
            "quarter": 4,
            "eps": null,
            "eps_growth_year": null,
            "eps_4q": null,
            "eps_4q_growth_year": null,
            "roe": null,
            "gross_profit": null,
            "gross_margin": null,
            "net_income": null,
            "revenue": null,
            "common_shares": 327453,
            "equity": 556869,
            "current_ratio": 189.29,
            "debt_ratio": 35.71,
            "inventory_turnover_ratio": null,
            "account_receivable_turnover_ratio": null,
            "reinvestment_rate": null,
            "research_to_sale_ratio": null,
            "price_fair": 0,
            "eps_avg_yearly": 0,
            "eps_latest_yearly": 0,
            "eps_growth_yearly": 0
        },
        "20061": {
            "year_quarter": 20061,
            "year": 2006,
            "quarter": 1,
            "eps": null,
            "eps_growth_year": null,
            "eps_4q": null,
            "eps_4q_growth_year": null,
            "roe": null,
            "gross_profit": null,
            "gross_margin": null,
            "net_income": null,
            "revenue": null,
            "common_shares": null,
            "equity": null,
            "current_ratio": null,
            "debt_ratio": null,
            "inventory_turnover_ratio": null,
            "account_receivable_turnover_ratio": null,
            "reinvestment_rate": null,
            "research_to_sale_ratio": null,
            "price_fair": 0,
            "eps_avg_yearly": 0,
            "eps_latest_yearly": 0,
            "eps_growth_yearly": 0
        },
        "20062": {
            "year_quarter": 20062,
            "year": 2006,
            "quarter": 2,
            "eps": null,
            "eps_growth_year": null,
            "eps_4q": null,
            "eps_4q_growth_year": null,
            "roe": null,
            "gross_profit": null,
            "gross_margin": null,
            "net_income": null,
            "revenue": null,
            "common_shares": null,
            "equity": null,
            "current_ratio": null,
            "debt_ratio": null,
            "inventory_turnover_ratio": null,
            "account_receivable_turnover_ratio": null,
            "reinvestment_rate": null,
            "research_to_sale_ratio": null,
            "price_fair": 0,
            "eps_avg_yearly": 0,
            "eps_latest_yearly": 0,
            "eps_growth_yearly": 0
        },
        "20063": {
            "year_quarter": 20063,
            "year": 2006,
            "quarter": 3,
            "eps": null,
            "eps_growth_year": null,
            "eps_4q": null,
            "eps_4q_growth_year": null,
            "roe": null,
            "gross_profit": null,
            "gross_margin": null,
            "net_income": null,
            "revenue": null,
            "common_shares": null,
            "equity": null,
            "current_ratio": null,
            "debt_ratio": null,
            "inventory_turnover_ratio": null,
            "account_receivable_turnover_ratio": null,
            "reinvestment_rate": null,
            "research_to_sale_ratio": null,
            "price_fair": 0,
            "eps_avg_yearly": 0,
            "eps_latest_yearly": 0,
            "eps_growth_yearly": 0
        },
        "20064": {
            "year_quarter": 20064,
            "year": 2006,
            "quarter": 4,
            "eps": null,
            "eps_growth_year": null,
            "eps_4q": null,
            "eps_4q_growth_year": null,
            "roe": null,
            "gross_profit": null,
            "gross_margin": null,
            "net_income": null,
            "revenue": null,
            "common_shares": 349016,
            "equity": 601942,
            "current_ratio": 139,
            "debt_ratio": 41.94,
            "inventory_turnover_ratio": null,
            "account_receivable_turnover_ratio": null,
            "reinvestment_rate": null,
            "research_to_sale_ratio": null,
            "price_fair": 0,
            "eps_avg_yearly": 0,
            "eps_latest_yearly": 0,
            "eps_growth_yearly": 0
        },
        "20071": {
            "year_quarter": 20071,
            "year": 2007,
            "quarter": 1,
            "eps": null,
            "eps_growth_year": null,
            "eps_4q": null,
            "eps_4q_growth_year": null,
            "roe": null,
            "gross_profit": null,
            "gross_margin": null,
            "net_income": null,
            "revenue": null,
            "common_shares": null,
            "equity": null,
            "current_ratio": null,
            "debt_ratio": null,
            "inventory_turnover_ratio": null,
            "account_receivable_turnover_ratio": null,
            "reinvestment_rate": null,
            "research_to_sale_ratio": null,
            "price_fair": 0,
            "eps_avg_yearly": 0,
            "eps_latest_yearly": 0,
            "eps_growth_yearly": 0
        },
        "20072": {
            "year_quarter": 20072,
            "year": 2007,
            "quarter": 2,
            "eps": null,
            "eps_growth_year": null,
            "eps_4q": null,
            "eps_4q_growth_year": null,
            "roe": null,
            "gross_profit": null,
            "gross_margin": null,
            "net_income": null,
            "revenue": null,
            "common_shares": null,
            "equity": null,
            "current_ratio": null,
            "debt_ratio": null,
            "inventory_turnover_ratio": null,
            "account_receivable_turnover_ratio": null,
            "reinvestment_rate": null,
            "research_to_sale_ratio": null,
            "price_fair": 0,
            "eps_avg_yearly": 0,
            "eps_latest_yearly": 0,
            "eps_growth_yearly": 0
        },
        "20073": {
            "year_quarter": 20073,
            "year": 2007,
            "quarter": 3,
            "eps": null,
            "eps_growth_year": null,
            "eps_4q": null,
            "eps_4q_growth_year": null,
            "roe": null,
            "gross_profit": null,
            "gross_margin": null,
            "net_income": null,
            "revenue": null,
            "common_shares": null,
            "equity": null,
            "current_ratio": null,
            "debt_ratio": null,
            "inventory_turnover_ratio": null,
            "account_receivable_turnover_ratio": null,
            "reinvestment_rate": null,
            "research_to_sale_ratio": null,
            "price_fair": 0,
            "eps_avg_yearly": 0,
            "eps_latest_yearly": 0,
            "eps_growth_yearly": 0
        },
        "20074": {
            "year_quarter": 20074,
            "year": 2007,
            "quarter": 4,
            "eps": null,
            "eps_growth_year": null,
            "eps_4q": null,
            "eps_4q_growth_year": null,
            "roe": null,
            "gross_profit": null,
            "gross_margin": null,
            "net_income": null,
            "revenue": null,
            "common_shares": 404060,
            "equity": 656962,
            "current_ratio": 135.44,
            "debt_ratio": 45.22,
            "inventory_turnover_ratio": null,
            "account_receivable_turnover_ratio": null,
            "reinvestment_rate": null,
            "research_to_sale_ratio": null,
            "price_fair": 0,
            "eps_avg_yearly": 0,
            "eps_latest_yearly": 0,
            "eps_growth_yearly": 0
        },
        "20081": {
            "year_quarter": 20081,
            "year": 2008,
            "quarter": 1,
            "eps": null,
            "eps_growth_year": null,
            "eps_4q": null,
            "eps_4q_growth_year": null,
            "roe": null,
            "gross_profit": null,
            "gross_margin": null,
            "net_income": null,
            "revenue": null,
            "common_shares": null,
            "equity": null,
            "current_ratio": null,
            "debt_ratio": null,
            "inventory_turnover_ratio": null,
            "account_receivable_turnover_ratio": null,
            "reinvestment_rate": null,
            "research_to_sale_ratio": null,
            "price_fair": 0,
            "eps_avg_yearly": 0,
            "eps_latest_yearly": 0,
            "eps_growth_yearly": 0
        },
        "20082": {
            "year_quarter": 20082,
            "year": 2008,
            "quarter": 2,
            "eps": null,
            "eps_growth_year": null,
            "eps_4q": null,
            "eps_4q_growth_year": null,
            "roe": null,
            "gross_profit": null,
            "gross_margin": null,
            "net_income": null,
            "revenue": null,
            "common_shares": null,
            "equity": null,
            "current_ratio": null,
            "debt_ratio": null,
            "inventory_turnover_ratio": null,
            "account_receivable_turnover_ratio": null,
            "reinvestment_rate": null,
            "research_to_sale_ratio": null,
            "price_fair": 0,
            "eps_avg_yearly": 0,
            "eps_latest_yearly": 0,
            "eps_growth_yearly": 0
        },
        "20083": {
            "year_quarter": 20083,
            "year": 2008,
            "quarter": 3,
            "eps": null,
            "eps_growth_year": null,
            "eps_4q": null,
            "eps_4q_growth_year": null,
            "roe": null,
            "gross_profit": null,
            "gross_margin": null,
            "net_income": null,
            "revenue": null,
            "common_shares": null,
            "equity": null,
            "current_ratio": null,
            "debt_ratio": null,
            "inventory_turnover_ratio": null,
            "account_receivable_turnover_ratio": null,
            "reinvestment_rate": null,
            "research_to_sale_ratio": null,
            "price_fair": 0,
            "eps_avg_yearly": 0,
            "eps_latest_yearly": 0,
            "eps_growth_yearly": 0
        },
        "20084": {
            "year_quarter": 20084,
            "year": 2008,
            "quarter": 4,
            "eps": null,
            "eps_growth_year": null,
            "eps_4q": null,
            "eps_4q_growth_year": null,
            "roe": null,
            "gross_profit": null,
            "gross_margin": null,
            "net_income": null,
            "revenue": null,
            "common_shares": 431145,
            "equity": 690751,
            "current_ratio": 120.83,
            "debt_ratio": 47.02,
            "inventory_turnover_ratio": null,
            "account_receivable_turnover_ratio": null,
            "reinvestment_rate": null,
            "research_to_sale_ratio": null,
            "price_fair": 0,
            "eps_avg_yearly": 0,
            "eps_latest_yearly": 0,
            "eps_growth_yearly": 0
        },
        "20091": {
            "year_quarter": 20091,
            "year": 2009,
            "quarter": 1,
            "eps": null,
            "eps_growth_year": null,
            "eps_4q": null,
            "eps_4q_growth_year": null,
            "roe": null,
            "gross_profit": null,
            "gross_margin": null,
            "net_income": null,
            "revenue": null,
            "common_shares": null,
            "equity": null,
            "current_ratio": null,
            "debt_ratio": null,
            "inventory_turnover_ratio": null,
            "account_receivable_turnover_ratio": null,
            "reinvestment_rate": null,
            "research_to_sale_ratio": null,
            "price_fair": 0,
            "eps_avg_yearly": 0,
            "eps_latest_yearly": 0,
            "eps_growth_yearly": 0
        },
        "20092": {
            "year_quarter": 20092,
            "year": 2009,
            "quarter": 2,
            "eps": null,
            "eps_growth_year": null,
            "eps_4q": null,
            "eps_4q_growth_year": null,
            "roe": null,
            "gross_profit": null,
            "gross_margin": null,
            "net_income": null,
            "revenue": null,
            "common_shares": null,
            "equity": null,
            "current_ratio": null,
            "debt_ratio": null,
            "inventory_turnover_ratio": null,
            "account_receivable_turnover_ratio": null,
            "reinvestment_rate": null,
            "research_to_sale_ratio": null,
            "price_fair": 0,
            "eps_avg_yearly": 0,
            "eps_latest_yearly": 0,
            "eps_growth_yearly": 0
        },
        "20093": {
            "year_quarter": 20093,
            "year": 2009,
            "quarter": 3,
            "eps": null,
            "eps_growth_year": null,
            "eps_4q": null,
            "eps_4q_growth_year": null,
            "roe": null,
            "gross_profit": null,
            "gross_margin": null,
            "net_income": null,
            "revenue": null,
            "common_shares": null,
            "equity": null,
            "current_ratio": null,
            "debt_ratio": null,
            "inventory_turnover_ratio": null,
            "account_receivable_turnover_ratio": null,
            "reinvestment_rate": null,
            "research_to_sale_ratio": null,
            "price_fair": 0,
            "eps_avg_yearly": 0,
            "eps_latest_yearly": 0,
            "eps_growth_yearly": 0
        },
        "20094": {
            "year_quarter": 20094,
            "year": 2009,
            "quarter": 4,
            "eps": null,
            "eps_growth_year": null,
            "eps_4q": null,
            "eps_4q_growth_year": null,
            "roe": null,
            "gross_profit": null,
            "gross_margin": null,
            "net_income": null,
            "revenue": null,
            "common_shares": 454949,
            "equity": 663424,
            "current_ratio": 127.02,
            "debt_ratio": 53.94,
            "inventory_turnover_ratio": null,
            "account_receivable_turnover_ratio": null,
            "reinvestment_rate": null,
            "research_to_sale_ratio": null,
            "price_fair": 0,
            "eps_avg_yearly": 0,
            "eps_latest_yearly": 0,
            "eps_growth_yearly": 0
        },
        "20101": {
            "year_quarter": 20101,
            "year": 2010,
            "quarter": 1,
            "eps": null,
            "eps_growth_year": null,
            "eps_4q": null,
            "eps_4q_growth_year": null,
            "roe": null,
            "gross_profit": null,
            "gross_margin": null,
            "net_income": null,
            "revenue": null,
            "common_shares": null,
            "equity": null,
            "current_ratio": null,
            "debt_ratio": null,
            "inventory_turnover_ratio": null,
            "account_receivable_turnover_ratio": null,
            "reinvestment_rate": null,
            "research_to_sale_ratio": null,
            "price_fair": 0,
            "eps_avg_yearly": 0,
            "eps_latest_yearly": 0,
            "eps_growth_yearly": 0
        },
        "20102": {
            "year_quarter": 20102,
            "year": 2010,
            "quarter": 2,
            "eps": null,
            "eps_growth_year": null,
            "eps_4q": null,
            "eps_4q_growth_year": null,
            "roe": null,
            "gross_profit": null,
            "gross_margin": null,
            "net_income": null,
            "revenue": null,
            "common_shares": 524949,
            "equity": 808853,
            "current_ratio": null,
            "debt_ratio": null,
            "inventory_turnover_ratio": null,
            "account_receivable_turnover_ratio": null,
            "reinvestment_rate": null,
            "research_to_sale_ratio": null,
            "price_fair": 0,
            "eps_avg_yearly": 0,
            "eps_latest_yearly": 0,
            "eps_growth_yearly": 0
        },
        "20103": {
            "year_quarter": 20103,
            "year": 2010,
            "quarter": 3,
            "eps": null,
            "eps_growth_year": null,
            "eps_4q": null,
            "eps_4q_growth_year": null,
            "roe": null,
            "gross_profit": null,
            "gross_margin": null,
            "net_income": null,
            "revenue": null,
            "common_shares": null,
            "equity": null,
            "current_ratio": null,
            "debt_ratio": null,
            "inventory_turnover_ratio": null,
            "account_receivable_turnover_ratio": null,
            "reinvestment_rate": null,
            "research_to_sale_ratio": null,
            "price_fair": 0,
            "eps_avg_yearly": 0,
            "eps_latest_yearly": 0,
            "eps_growth_yearly": 0
        },
        "20104": {
            "year_quarter": 20104,
            "year": 2010,
            "quarter": 4,
            "eps": null,
            "eps_growth_year": null,
            "eps_4q": null,
            "eps_4q_growth_year": null,
            "roe": null,
            "gross_profit": null,
            "gross_margin": null,
            "net_income": null,
            "revenue": null,
            "common_shares": 558465,
            "equity": 902207,
            "current_ratio": 172.84,
            "debt_ratio": 39.79,
            "inventory_turnover_ratio": null,
            "account_receivable_turnover_ratio": null,
            "reinvestment_rate": null,
            "research_to_sale_ratio": null,
            "price_fair": 0,
            "eps_avg_yearly": 0,
            "eps_latest_yearly": 0,
            "eps_growth_yearly": 0
        },
        "20111": {
            "year_quarter": 20111,
            "year": 2011,
            "quarter": 1,
            "eps": null,
            "eps_growth_year": null,
            "eps_4q": null,
            "eps_4q_growth_year": null,
            "roe": null,
            "gross_profit": 67425,
            "gross_margin": null,
            "net_income": 26152,
            "revenue": 1128259,
            "common_shares": 558466,
            "equity": 928801,
            "current_ratio": 176.45,
            "debt_ratio": 39.51,
            "inventory_turnover_ratio": null,
            "account_receivable_turnover_ratio": null,
            "reinvestment_rate": null,
            "research_to_sale_ratio": null,
            "price_fair": 0,
            "eps_avg_yearly": 0,
            "eps_latest_yearly": 0,
            "eps_growth_yearly": 0
        },
        "20112": {
            "year_quarter": 20112,
            "year": 2011,
            "quarter": 2,
            "eps": 0.51,
            "eps_growth_year": null,
            "eps_4q": null,
            "eps_4q_growth_year": null,
            "roe": 3.29,
            "gross_profit": 64076,
            "gross_margin": 3.88,
            "net_income": 29891,
            "revenue": 1652293,
            "common_shares": 558466,
            "equity": 885862,
            "current_ratio": 151.45,
            "debt_ratio": 44.38,
            "inventory_turnover_ratio": 5.57,
            "account_receivable_turnover_ratio": 5.78,
            "reinvestment_rate": null,
            "research_to_sale_ratio": null,
            "price_fair": 0,
            "eps_avg_yearly": 0,
            "eps_latest_yearly": 0,
            "eps_growth_yearly": 0
        },
        "20113": {
            "year_quarter": 20113,
            "year": 2011,
            "quarter": 3,
            "eps": null,
            "eps_growth_year": null,
            "eps_4q": null,
            "eps_4q_growth_year": null,
            "roe": null,
            "gross_profit": 48338,
            "gross_margin": null,
            "net_income": 12261,
            "revenue": 1128726,
            "common_shares": 586389,
            "equity": 900949,
            "current_ratio": 152.78,
            "debt_ratio": 44.14,
            "inventory_turnover_ratio": null,
            "account_receivable_turnover_ratio": null,
            "reinvestment_rate": null,
            "research_to_sale_ratio": null,
            "price_fair": 0,
            "eps_avg_yearly": 0,
            "eps_latest_yearly": 0,
            "eps_growth_yearly": 0
        },
        "20114": {
            "year_quarter": 20114,
            "year": 2011,
            "quarter": 4,
            "eps": null,
            "eps_growth_year": null,
            "eps_4q": null,
            "eps_4q_growth_year": null,
            "roe": null,
            "gross_profit": 42892,
            "gross_margin": null,
            "net_income": 3443,
            "revenue": 1124978,
            "common_shares": 656389,
            "equity": 1185469,
            "current_ratio": 211.43,
            "debt_ratio": 33.3,
            "inventory_turnover_ratio": null,
            "account_receivable_turnover_ratio": null,
            "reinvestment_rate": null,
            "research_to_sale_ratio": null,
            "price_fair": 0,
            "eps_avg_yearly": 0,
            "eps_latest_yearly": 0,
            "eps_growth_yearly": 0
        },
        "20121": {
            "year_quarter": 20121,
            "year": 2012,
            "quarter": 1,
            "eps": null,
            "eps_growth_year": null,
            "eps_4q": null,
            "eps_4q_growth_year": null,
            "roe": null,
            "gross_profit": 46602,
            "gross_margin": null,
            "net_income": 9562,
            "revenue": 1035064,
            "common_shares": 656389,
            "equity": 1162193,
            "current_ratio": 202.26,
            "debt_ratio": 30.56,
            "inventory_turnover_ratio": null,
            "account_receivable_turnover_ratio": null,
            "reinvestment_rate": null,
            "research_to_sale_ratio": null,
            "price_fair": 0,
            "eps_avg_yearly": 0,
            "eps_latest_yearly": 0,
            "eps_growth_yearly": 0
        },
        "20122": {
            "year_quarter": 20122,
            "year": 2012,
            "quarter": 2,
            "eps": 0.18,
            "eps_growth_year": -64.37,
            "eps_4q": 0.18,
            "eps_4q_growth_year": null,
            "roe": 1.02,
            "gross_profit": 53458,
            "gross_margin": 4.17,
            "net_income": 11920,
            "revenue": 1282594,
            "common_shares": 656389,
            "equity": 1164894,
            "current_ratio": 208.56,
            "debt_ratio": 39.47,
            "inventory_turnover_ratio": 3.19,
            "account_receivable_turnover_ratio": 4.9,
            "reinvestment_rate": null,
            "research_to_sale_ratio": null,
            "price_fair": 0,
            "eps_avg_yearly": 0,
            "eps_latest_yearly": 0,
            "eps_growth_yearly": 0
        },
        "20123": {
            "year_quarter": 20123,
            "year": 2012,
            "quarter": 3,
            "eps": 0.37,
            "eps_growth_year": null,
            "eps_4q": 0.55,
            "eps_4q_growth_year": null,
            "roe": 1.95,
            "gross_profit": 60435,
            "gross_margin": 5.43,
            "net_income": 22939,
            "revenue": 1113275,
            "common_shares": 656389,
            "equity": 1185363,
            "current_ratio": 225.51,
            "debt_ratio": 33.82,
            "inventory_turnover_ratio": 2.69,
            "account_receivable_turnover_ratio": 2.5,
            "reinvestment_rate": null,
            "research_to_sale_ratio": 0.51,
            "price_fair": 51.8,
            "eps_avg_yearly": 1.48,
            "eps_latest_yearly": 1.48,
            "eps_growth_yearly": 422.22
        },
        "20124": {
            "year_quarter": 20124,
            "year": 2012,
            "quarter": 4,
            "eps": 0.34,
            "eps_growth_year": null,
            "eps_4q": 0.86,
            "eps_4q_growth_year": null,
            "roe": 1.79,
            "gross_profit": 76925,
            "gross_margin": 5.81,
            "net_income": 22593,
            "revenue": 1323241,
            "common_shares": 707239,
            "equity": 1339376,
            "current_ratio": 215.54,
            "debt_ratio": 34.89,
            "inventory_turnover_ratio": 2.98,
            "account_receivable_turnover_ratio": 2.58,
            "reinvestment_rate": null,
            "research_to_sale_ratio": 1.06,
            "price_fair": 49.7,
            "eps_avg_yearly": 1.42,
            "eps_latest_yearly": 1.36,
            "eps_growth_yearly": 194.89
        },
        "20131": {
            "year_quarter": 20131,
            "year": 2013,
            "quarter": 1,
            "eps": 0.07,
            "eps_growth_year": null,
            "eps_4q": 0.93,
            "eps_4q_growth_year": null,
            "roe": 0.21,
            "gross_profit": 35556,
            "gross_margin": 3.49,
            "net_income": 2791,
            "revenue": 1018398,
            "common_shares": 707239,
            "equity": 1347683,
            "current_ratio": 245.19,
            "debt_ratio": 29.32,
            "inventory_turnover_ratio": 2.34,
            "account_receivable_turnover_ratio": 1.82,
            "reinvestment_rate": null,
            "research_to_sale_ratio": 0.57,
            "price_fair": 35.41,
            "eps_avg_yearly": 1.04,
            "eps_latest_yearly": 0.28,
            "eps_growth_yearly": 24.05
        },
        "20132": {
            "year_quarter": 20132,
            "year": 2013,
            "quarter": 2,
            "eps": -0.03,
            "eps_growth_year": -116.52,
            "eps_4q": 0.73,
            "eps_4q_growth_year": 299.6,
            "roe": -0.43,
            "gross_profit": 26029,
            "gross_margin": 3.25,
            "net_income": -5717,
            "revenue": 800250,
            "common_shares": 707239,
            "equity": 1283522,
            "current_ratio": 196.26,
            "debt_ratio": 35.74,
            "inventory_turnover_ratio": 1.89,
            "account_receivable_turnover_ratio": 2.06,
            "reinvestment_rate": null,
            "research_to_sale_ratio": 1.41,
            "price_fair": 35.41,
            "eps_avg_yearly": 1.04,
            "eps_latest_yearly": 0.28,
            "eps_growth_yearly": 24.05
        },
        "20133": {
            "year_quarter": 20133,
            "year": 2013,
            "quarter": 3,
            "eps": 0.04,
            "eps_growth_year": -89.22,
            "eps_4q": 0.42,
            "eps_4q_growth_year": -23.89,
            "roe": -0.11,
            "gross_profit": 47076,
            "gross_margin": 5.95,
            "net_income": -1451,
            "revenue": 791822,
            "common_shares": 707239,
            "equity": 1292342,
            "current_ratio": 194.76,
            "debt_ratio": 47.75,
            "inventory_turnover_ratio": 1.67,
            "account_receivable_turnover_ratio": 2.2,
            "reinvestment_rate": null,
            "research_to_sale_ratio": 1.34,
            "price_fair": 35.41,
            "eps_avg_yearly": 1.04,
            "eps_latest_yearly": 0.28,
            "eps_growth_yearly": 24.05
        },
        "20134": {
            "year_quarter": 20134,
            "year": 2013,
            "quarter": 4,
            "eps": -0.02,
            "eps_growth_year": -106.96,
            "eps_4q": 0.05,
            "eps_4q_growth_year": -93.81,
            "roe": -0.68,
            "gross_profit": 35451,
            "gross_margin": 4.37,
            "net_income": -8936,
            "revenue": 810765,
            "common_shares": 707239,
            "equity": 1317382,
            "current_ratio": 263,
            "debt_ratio": 37,
            "inventory_turnover_ratio": 1.93,
            "account_receivable_turnover_ratio": 2.02,
            "reinvestment_rate": null,
            "research_to_sale_ratio": 1.25,
            "price_fair": 35.41,
            "eps_avg_yearly": 1.04,
            "eps_latest_yearly": 0.28,
            "eps_growth_yearly": 24.05
        },
        "20141": {
            "year_quarter": 20141,
            "year": 2014,
            "quarter": 1,
            "eps": 0.1,
            "eps_growth_year": 42.86,
            "eps_4q": 0.08,
            "eps_4q_growth_year": -91,
            "roe": 0.35,
            "gross_profit": 48456,
            "gross_margin": 5.59,
            "net_income": 4617,
            "revenue": 866526,
            "common_shares": 734456,
            "equity": 1354864,
            "current_ratio": 208.93,
            "debt_ratio": 40.27,
            "inventory_turnover_ratio": 2.24,
            "account_receivable_turnover_ratio": 2.1,
            "reinvestment_rate": null,
            "research_to_sale_ratio": 1.3,
            "price_fair": 35.41,
            "eps_avg_yearly": 1.04,
            "eps_latest_yearly": 0.28,
            "eps_growth_yearly": 24.05
        },
        "20142": {
            "year_quarter": 20142,
            "year": 2014,
            "quarter": 2,
            "eps": -0.09,
            "eps_growth_year": null,
            "eps_4q": 0.03,
            "eps_4q_growth_year": -96.42,
            "roe": -0.66,
            "gross_profit": 45991,
            "gross_margin": 6.19,
            "net_income": -8902,
            "revenue": 742942,
            "common_shares": 734456,
            "equity": 1338602,
            "current_ratio": 204.82,
            "debt_ratio": 41.1,
            "inventory_turnover_ratio": 1.89,
            "account_receivable_turnover_ratio": 1.8,
            "reinvestment_rate": null,
            "research_to_sale_ratio": 1.99,
            "price_fair": 35.41,
            "eps_avg_yearly": 1.04,
            "eps_latest_yearly": 0.28,
            "eps_growth_yearly": 24.05
        },
        "20143": {
            "year_quarter": 20143,
            "year": 2014,
            "quarter": 3,
            "eps": 0.11,
            "eps_growth_year": 175,
            "eps_4q": 0.1,
            "eps_4q_growth_year": -76.79,
            "roe": 0.48,
            "gross_profit": 54745,
            "gross_margin": 6.2,
            "net_income": 6474,
            "revenue": 882491,
            "common_shares": 734980,
            "equity": 1363315,
            "current_ratio": 191.3,
            "debt_ratio": 43.46,
            "inventory_turnover_ratio": 2.28,
            "account_receivable_turnover_ratio": 1.89,
            "reinvestment_rate": null,
            "research_to_sale_ratio": 1.98,
            "price_fair": 35.41,
            "eps_avg_yearly": 1.04,
            "eps_latest_yearly": 0.28,
            "eps_growth_yearly": 24.05
        },
        "20144": {
            "year_quarter": 20144,
            "year": 2014,
            "quarter": 4,
            "eps": 0.21,
            "eps_growth_year": null,
            "eps_4q": 0.33,
            "eps_4q_growth_year": 531.3,
            "roe": 0.71,
            "gross_profit": 58795,
            "gross_margin": 8.98,
            "net_income": 9706,
            "revenue": 654415,
            "common_shares": 734980,
            "equity": 1374204,
            "current_ratio": 177.23,
            "debt_ratio": 44.04,
            "inventory_turnover_ratio": 1.55,
            "account_receivable_turnover_ratio": 1.39,
            "reinvestment_rate": 220.1,
            "research_to_sale_ratio": 1.99,
            "price_fair": 34.65,
            "eps_avg_yearly": 0.99,
            "eps_latest_yearly": 0.84,
            "eps_growth_yearly": 108.94
        },
        "20151": {
            "year_quarter": 20151,
            "year": 2015,
            "quarter": 1,
            "eps": -0.4,
            "eps_growth_year": -500,
            "eps_4q": -0.17,
            "eps_4q_growth_year": -301.79,
            "roe": -2.45,
            "gross_profit": 10026,
            "gross_margin": 1.46,
            "net_income": -33202,
            "revenue": 686899,
            "common_shares": 734980,
            "equity": 1338370,
            "current_ratio": 168.55,
            "debt_ratio": 45.66,
            "inventory_turnover_ratio": 1.85,
            "account_receivable_turnover_ratio": 1.63,
            "reinvestment_rate": 346.64,
            "research_to_sale_ratio": 1.28,
            "price_fair": 34.65,
            "eps_avg_yearly": 0.99,
            "eps_latest_yearly": 0.84,
            "eps_growth_yearly": 108.94
        },
        "20152": {
            "year_quarter": 20152,
            "year": 2015,
            "quarter": 2,
            "eps": -0.26,
            "eps_growth_year": null,
            "eps_4q": -0.34,
            "eps_4q_growth_year": -1390.57,
            "roe": -2.02,
            "gross_profit": 39904,
            "gross_margin": 5.74,
            "net_income": -26418,
            "revenue": 695642,
            "common_shares": 734980,
            "equity": 1270766,
            "current_ratio": 198.24,
            "debt_ratio": 40.69,
            "inventory_turnover_ratio": 1.9,
            "account_receivable_turnover_ratio": 1.64,
            "reinvestment_rate": 410.07,
            "research_to_sale_ratio": 0.54,
            "price_fair": 34.65,
            "eps_avg_yearly": 0.99,
            "eps_latest_yearly": 0.84,
            "eps_growth_yearly": 108.94
        },
        "20153": {
            "year_quarter": 20153,
            "year": 2015,
            "quarter": 3,
            "eps": -1.13,
            "eps_growth_year": -1127.27,
            "eps_4q": -1.57,
            "eps_4q_growth_year": -1709.65,
            "roe": -8.48,
            "gross_profit": 34327,
            "gross_margin": 5.22,
            "net_income": -103754,
            "revenue": 657225,
            "common_shares": 734980,
            "equity": 1176093,
            "current_ratio": 147.01,
            "debt_ratio": 41.17,
            "inventory_turnover_ratio": 1.92,
            "account_receivable_turnover_ratio": 1.71,
            "reinvestment_rate": null,
            "research_to_sale_ratio": 1.6,
            "price_fair": 34.65,
            "eps_avg_yearly": 0.99,
            "eps_latest_yearly": 0.84,
            "eps_growth_yearly": 108.94
        },
        "20154": {
            "year_quarter": 20154,
            "year": 2015,
            "quarter": 4,
            "eps": -0.81,
            "eps_growth_year": -481.01,
            "eps_4q": -2.6,
            "eps_4q_growth_year": -877.08,
            "roe": -5.84,
            "gross_profit": 22388,
            "gross_margin": 3.51,
            "net_income": -66593,
            "revenue": 637369,
            "common_shares": 734980,
            "equity": 1104911,
            "current_ratio": 149.81,
            "debt_ratio": 36.52,
            "inventory_turnover_ratio": 2.09,
            "account_receivable_turnover_ratio": 1.93,
            "reinvestment_rate": null,
            "research_to_sale_ratio": 0.54,
            "price_fair": 34.65,
            "eps_avg_yearly": 0.99,
            "eps_latest_yearly": 0.84,
            "eps_growth_yearly": 108.94
        },
        "20161": {
            "year_quarter": 20161,
            "year": 2016,
            "quarter": 1,
            "eps": 0.16,
            "eps_growth_year": null,
            "eps_4q": -2.04,
            "eps_4q_growth_year": null,
            "roe": 1.1,
            "gross_profit": 35720,
            "gross_margin": 5.97,
            "net_income": 12229,
            "revenue": 598043,
            "common_shares": 734980,
            "equity": 1117138,
            "current_ratio": 157.04,
            "debt_ratio": 34.91,
            "inventory_turnover_ratio": 1.86,
            "account_receivable_turnover_ratio": 2.08,
            "reinvestment_rate": null,
            "research_to_sale_ratio": 1.24,
            "price_fair": 34.65,
            "eps_avg_yearly": 0.99,
            "eps_latest_yearly": 0.84,
            "eps_growth_yearly": 108.94
        },
        "20162": {
            "year_quarter": 20162,
            "year": 2016,
            "quarter": 2,
            "eps": 0.23,
            "eps_growth_year": null,
            "eps_4q": -1.55,
            "eps_4q_growth_year": null,
            "roe": 1.81,
            "gross_profit": 29980,
            "gross_margin": 4.93,
            "net_income": 20339,
            "revenue": 607773,
            "common_shares": 734980,
            "equity": 1133513,
            "current_ratio": 243.89,
            "debt_ratio": 24.77,
            "inventory_turnover_ratio": 1.96,
            "account_receivable_turnover_ratio": 2.28,
            "reinvestment_rate": null,
            "research_to_sale_ratio": 0.48,
            "price_fair": 34.16,
            "eps_avg_yearly": 0.98,
            "eps_latest_yearly": 0.92,
            "eps_growth_yearly": 122.16
        },
        "20163": {
            "year_quarter": 20163,
            "year": 2016,
            "quarter": 3,
            "eps": 0.22,
            "eps_growth_year": null,
            "eps_4q": -0.21,
            "eps_4q_growth_year": null,
            "roe": 1.38,
            "gross_profit": 57983,
            "gross_margin": 6.75,
            "net_income": 15685,
            "revenue": 859342,
            "common_shares": 734980,
            "equity": 1144999,
            "current_ratio": 250.68,
            "debt_ratio": 24.92,
            "inventory_turnover_ratio": 2.67,
            "account_receivable_turnover_ratio": 3.1,
            "reinvestment_rate": null,
            "research_to_sale_ratio": 0.94,
            "price_fair": 29.96,
            "eps_avg_yearly": 0.86,
            "eps_latest_yearly": 0.88,
            "eps_growth_yearly": 34.23
        },
        "20164": {
            "year_quarter": 20164,
            "year": 2016,
            "quarter": 4,
            "eps": 0.1,
            "eps_growth_year": null,
            "eps_4q": 0.7,
            "eps_4q_growth_year": null,
            "roe": 0.41,
            "gross_profit": 42104,
            "gross_margin": 5.01,
            "net_income": 4709,
            "revenue": 839852,
            "common_shares": 734980,
            "equity": 1147798,
            "current_ratio": 261.24,
            "debt_ratio": 24.44,
            "inventory_turnover_ratio": 2.57,
            "account_receivable_turnover_ratio": 2.82,
            "reinvestment_rate": null,
            "research_to_sale_ratio": 0.76,
            "price_fair": 1.99,
            "eps_avg_yearly": 0.66,
            "eps_latest_yearly": 0.4,
            "eps_growth_yearly": -2.92
        },
        "20171": {
            "year_quarter": 20171,
            "year": 2017,
            "quarter": 1,
            "eps": -0.01,
            "eps_growth_year": -106.25,
            "eps_4q": 0.53,
            "eps_4q_growth_year": null,
            "roe": -0.13,
            "gross_profit": 49578,
            "gross_margin": 7.19,
            "net_income": -1449,
            "revenue": 689314,
            "common_shares": 734980,
            "equity": 1142503,
            "current_ratio": 248.59,
            "debt_ratio": 26.5,
            "inventory_turnover_ratio": 2.08,
            "account_receivable_turnover_ratio": 2.44,
            "reinvestment_rate": null,
            "research_to_sale_ratio": 0.84,
            "price_fair": 26.6,
            "eps_avg_yearly": 0.76,
            "eps_latest_yearly": 0.4,
            "eps_growth_yearly": 75.77
        },
        "20172": {
            "year_quarter": 20172,
            "year": 2017,
            "quarter": 2,
            "eps": 0.15,
            "eps_growth_year": -34.78,
            "eps_4q": 0.45,
            "eps_4q_growth_year": null,
            "roe": 1.07,
            "gross_profit": 41323,
            "gross_margin": 6.13,
            "net_income": 11973,
            "revenue": 674307,
            "common_shares": 734980,
            "equity": 1097468,
            "current_ratio": 305.3,
            "debt_ratio": 20.53,
            "inventory_turnover_ratio": 1.88,
            "account_receivable_turnover_ratio": 2.65,
            "reinvestment_rate": null,
            "research_to_sale_ratio": 0.99,
            "price_fair": 26.6,
            "eps_avg_yearly": 0.76,
            "eps_latest_yearly": 0.4,
            "eps_growth_yearly": 75.77
        },
        "20173": {
            "year_quarter": 20173,
            "year": 2017,
            "quarter": 3,
            "eps": 0.19,
            "eps_growth_year": -13.64,
            "eps_4q": 0.43,
            "eps_4q_growth_year": null,
            "roe": 1.25,
            "gross_profit": 45894,
            "gross_margin": 7.33,
            "net_income": 13834,
            "revenue": 626218,
            "common_shares": 734980,
            "equity": 1112376,
            "current_ratio": 352.77,
            "debt_ratio": 17.87,
            "inventory_turnover_ratio": 1.74,
            "account_receivable_turnover_ratio": 2.38,
            "reinvestment_rate": null,
            "research_to_sale_ratio": 1.27,
            "price_fair": 26.6,
            "eps_avg_yearly": 0.76,
            "eps_latest_yearly": 0.76,
            "eps_growth_yearly": 81.95
        },
        "20174": {
            "year_quarter": 20174,
            "year": 2017,
            "quarter": 4,
            "eps": 0.03,
            "eps_growth_year": -65.91,
            "eps_4q": 0.37,
            "eps_4q_growth_year": -47.75,
            "roe": 0.15,
            "gross_profit": 40090,
            "gross_margin": 6.35,
            "net_income": 1631,
            "revenue": 631201,
            "common_shares": 734980,
            "equity": 1113334,
            "current_ratio": 514.06,
            "debt_ratio": 12.06,
            "inventory_turnover_ratio": 1.98,
            "account_receivable_turnover_ratio": 2.31,
            "reinvestment_rate": null,
            "research_to_sale_ratio": 1.12,
            "price_fair": 14.47,
            "eps_avg_yearly": 0.65,
            "eps_latest_yearly": 0.12,
            "eps_growth_yearly": 12.15
        },
        "20181": {
            "year_quarter": 20181,
            "year": 2018,
            "quarter": 1,
            "eps": 0.22,
            "eps_growth_year": null,
            "eps_4q": 0.59,
            "eps_4q_growth_year": 11.89,
            "roe": 1.41,
            "gross_profit": 41269,
            "gross_margin": 6.73,
            "net_income": 15863,
            "revenue": 613281,
            "common_shares": 734980,
            "equity": 1130596,
            "current_ratio": 321.44,
            "debt_ratio": 20.23,
            "inventory_turnover_ratio": 1.51,
            "account_receivable_turnover_ratio": 2.21,
            "reinvestment_rate": null,
            "research_to_sale_ratio": 0.7,
            "price_fair": 24,
            "eps_avg_yearly": 0.69,
            "eps_latest_yearly": 0.88,
            "eps_growth_yearly": 372.32
        },
        "20182": {
            "year_quarter": 20182,
            "year": 2018,
            "quarter": 2,
            "eps": 0.24,
            "eps_growth_year": 60,
            "eps_4q": 0.69,
            "eps_4q_growth_year": 50.89,
            "roe": 1.51,
            "gross_profit": 51960,
            "gross_margin": 9.17,
            "net_income": 16862,
            "revenue": 566910,
            "common_shares": 734980,
            "equity": 1110064,
            "current_ratio": 246.63,
            "debt_ratio": 27.59,
            "inventory_turnover_ratio": 0.98,
            "account_receivable_turnover_ratio": 1.84,
            "reinvestment_rate": null,
            "research_to_sale_ratio": 1.45,
            "price_fair": 25.2,
            "eps_avg_yearly": 0.72,
            "eps_latest_yearly": 0.96,
            "eps_growth_yearly": 330.32
        },
        "20183": {
            "year_quarter": 20183,
            "year": 2018,
            "quarter": 3,
            "eps": -0.03,
            "eps_growth_year": -115.79,
            "eps_4q": 0.46,
            "eps_4q_growth_year": 7.16,
            "roe": -0.27,
            "gross_profit": 50045,
            "gross_margin": 7.89,
            "net_income": -2934,
            "revenue": 634071,
            "common_shares": 734980,
            "equity": 1090570,
            "current_ratio": 256.97,
            "debt_ratio": 26.56,
            "inventory_turnover_ratio": 1.03,
            "account_receivable_turnover_ratio": 2.05,
            "reinvestment_rate": null,
            "research_to_sale_ratio": 0.97,
            "price_fair": 25.2,
            "eps_avg_yearly": 0.72,
            "eps_latest_yearly": 0.96,
            "eps_growth_yearly": 330.32
        },
        "20184": {
            "year_quarter": 20184,
            "year": 2018,
            "quarter": 4,
            "eps": 0.16,
            "eps_growth_year": 380.59,
            "eps_4q": 0.59,
            "eps_4q_growth_year": 61.62,
            "roe": 1.09,
            "gross_profit": 53842,
            "gross_margin": 9.62,
            "net_income": 11995,
            "revenue": 559632,
            "common_shares": 734980,
            "equity": 1102972,
            "current_ratio": 230.54,
            "debt_ratio": 30.69,
            "inventory_turnover_ratio": 0.87,
            "account_receivable_turnover_ratio": 1.74,
            "reinvestment_rate": null,
            "research_to_sale_ratio": 1.2,
            "price_fair": 24.6,
            "eps_avg_yearly": 0.7,
            "eps_latest_yearly": 0.96,
            "eps_growth_yearly": 325.56
        },
        "20191": {
            "year_quarter": 20191,
            "year": 2019,
            "quarter": 1,
            "eps": 0.49,
            "eps_growth_year": 122.73,
            "eps_4q": 0.87,
            "eps_4q_growth_year": 46.02,
            "roe": 3.24,
            "gross_profit": 35217,
            "gross_margin": 7.25,
            "net_income": 36232,
            "revenue": 485958,
            "common_shares": 734980,
            "equity": 1134495,
            "current_ratio": 276.12,
            "debt_ratio": 32.43,
            "inventory_turnover_ratio": 0.72,
            "account_receivable_turnover_ratio": 1.51,
            "reinvestment_rate": null,
            "research_to_sale_ratio": 1.54,
            "price_fair": 30.1,
            "eps_avg_yearly": 0.86,
            "eps_latest_yearly": 1.96,
            "eps_growth_yearly": 387.99
        },
        "20192": {
            "year_quarter": 20192,
            "year": 2019,
            "quarter": 2,
            "eps": 0.82,
            "eps_growth_year": 241.67,
            "eps_4q": 1.45,
            "eps_4q_growth_year": 110.91,
            "roe": 5.25,
            "gross_profit": 55705,
            "gross_margin": 10.96,
            "net_income": 60322,
            "revenue": 508259,
            "common_shares": 734980,
            "equity": 1165107,
            "current_ratio": 270.06,
            "debt_ratio": 32.15,
            "inventory_turnover_ratio": 0.72,
            "account_receivable_turnover_ratio": 1.79,
            "reinvestment_rate": -622.46,
            "research_to_sale_ratio": 1.15,
            "price_fair": 39.51,
            "eps_avg_yearly": 1.13,
            "eps_latest_yearly": 3.28,
            "eps_growth_yearly": 374.82
        },
        "20193": {
            "year_quarter": 20193,
            "year": 2019,
            "quarter": 3,
            "eps": 0.26,
            "eps_growth_year": null,
            "eps_4q": 1.74,
            "eps_4q_growth_year": 275.88,
            "roe": 1.64,
            "gross_profit": 46204,
            "gross_margin": 8.43,
            "net_income": 19238,
            "revenue": 547890,
            "common_shares": 734980,
            "equity": 1182555,
            "current_ratio": 293.18,
            "debt_ratio": 30.51,
            "inventory_turnover_ratio": 0.89,
            "account_receivable_turnover_ratio": 1.85,
            "reinvestment_rate": -274.76,
            "research_to_sale_ratio": 0.97,
            "price_fair": 39.2,
            "eps_avg_yearly": 1.12,
            "eps_latest_yearly": 1.04,
            "eps_growth_yearly": 310.02
        },
        "20194": {
            "year_quarter": 20194,
            "year": 2019,
            "quarter": 4,
            "eps": 0.04,
            "eps_growth_year": -73.86,
            "eps_4q": 1.62,
            "eps_4q_growth_year": 173.51,
            "roe": 0.26,
            "gross_profit": 38998,
            "gross_margin": 6.5,
            "net_income": 3132,
            "revenue": 599601,
            "common_shares": 734980,
            "equity": 1186216,
            "current_ratio": 302.53,
            "debt_ratio": 29.94,
            "inventory_turnover_ratio": 1.05,
            "account_receivable_turnover_ratio": 2.1,
            "reinvestment_rate": -180.98,
            "research_to_sale_ratio": 1.05,
            "price_fair": 36.15,
            "eps_avg_yearly": 1.03,
            "eps_latest_yearly": 0.16,
            "eps_growth_yearly": 251.06
        },
        "20201": {
            "year_quarter": 20201,
            "year": 2020,
            "quarter": 1,
            "eps": 0.14,
            "eps_growth_year": -71.43,
            "eps_4q": 1.27,
            "eps_4q_growth_year": 46.25,
            "roe": 0.89,
            "gross_profit": 41243,
            "gross_margin": 7.13,
            "net_income": 10582,
            "revenue": 578281,
            "common_shares": 734980,
            "equity": 1196441,
            "current_ratio": 517.67,
            "debt_ratio": 20.8,
            "inventory_turnover_ratio": 1.26,
            "account_receivable_turnover_ratio": 2.04,
            "reinvestment_rate": -178.48,
            "research_to_sale_ratio": 1.12,
            "price_fair": 34.77,
            "eps_avg_yearly": 0.99,
            "eps_latest_yearly": 0.56,
            "eps_growth_yearly": 313.48
        },
        "20202": {
            "year_quarter": 20202,
            "year": 2020,
            "quarter": 2,
            "eps": 0.13,
            "eps_growth_year": -84.15,
            "eps_4q": 0.58,
            "eps_4q_growth_year": -59.77,
            "roe": 0.84,
            "gross_profit": 58789,
            "gross_margin": 12.67,
            "net_income": 9829,
            "revenue": 464144,
            "common_shares": 734980,
            "equity": 1132218,
            "current_ratio": 265.33,
            "debt_ratio": 33.76,
            "inventory_turnover_ratio": 1.02,
            "account_receivable_turnover_ratio": 1.51,
            "reinvestment_rate": -113.5,
            "research_to_sale_ratio": 1.94,
            "price_fair": 33.6,
            "eps_avg_yearly": 0.96,
            "eps_latest_yearly": 0.52,
            "eps_growth_yearly": 296.51
        },
        "20203": {
            "year_quarter": 20203,
            "year": 2020,
            "quarter": 3,
            "eps": 0.17,
            "eps_growth_year": -34.62,
            "eps_4q": 0.49,
            "eps_4q_growth_year": -71.58,
            "roe": 1.12,
            "gross_profit": 54016,
            "gross_margin": 8.07,
            "net_income": 12769,
            "revenue": 669419,
            "common_shares": 734980,
            "equity": 1145648,
            "current_ratio": 297.49,
            "debt_ratio": 30.83,
            "inventory_turnover_ratio": 1.24,
            "account_receivable_turnover_ratio": 2.13,
            "reinvestment_rate": -104.95,
            "research_to_sale_ratio": 0.85,
            "price_fair": 33.02,
            "eps_avg_yearly": 0.94,
            "eps_latest_yearly": 0.68,
            "eps_growth_yearly": 308.22
        },
        "20204": {
            "year_quarter": 20204,
            "year": 2020,
            "quarter": 4,
            "eps": 0.19,
            "eps_growth_year": 351.63,
            "eps_4q": 0.64,
            "eps_4q_growth_year": -60.21,
            "roe": 1.23,
            "gross_profit": 54585,
            "gross_margin": 7.95,
            "net_income": 14145,
            "revenue": 686567,
            "common_shares": 734980,
            "equity": 1161275,
            "current_ratio": 267.57,
            "debt_ratio": 34.04,
            "inventory_turnover_ratio": 1.22,
            "account_receivable_turnover_ratio": 2.06,
            "reinvestment_rate": -94.89,
            "research_to_sale_ratio": 0.9,
            "price_fair": 34.07,
            "eps_avg_yearly": 0.97,
            "eps_latest_yearly": 0.76,
            "eps_growth_yearly": 330.32
        },
        "20211": {
            "year_quarter": 20211,
            "year": 2021,
            "quarter": 1,
            "eps": 0.18,
            "eps_growth_year": 28.57,
            "eps_4q": 0.68,
            "eps_4q_growth_year": -46.54,
            "roe": 1.12,
            "gross_profit": 55288,
            "gross_margin": 7.25,
            "net_income": 13123,
            "revenue": 762996,
            "common_shares": 734980,
            "equity": 1174387,
            "current_ratio": 317.2,
            "debt_ratio": 29.21,
            "inventory_turnover_ratio": 1.36,
            "account_receivable_turnover_ratio": 2.25,
            "reinvestment_rate": -72.48,
            "research_to_sale_ratio": 0.74,
            "price_fair": 33.38,
            "eps_avg_yearly": 0.95,
            "eps_latest_yearly": 0.72,
            "eps_growth_yearly": 303.29
        },
        "20212": {
            "year_quarter": 20212,
            "year": 2021,
            "quarter": 2,
            "eps": 0.21,
            "eps_growth_year": 61.54,
            "eps_4q": 0.76,
            "eps_4q_growth_year": 29.79,
            "roe": 1.34,
            "gross_profit": 54419,
            "gross_margin": 7.17,
            "net_income": 15488,
            "revenue": 758940,
            "common_shares": 734980,
            "equity": 1130748,
            "current_ratio": 274.88,
            "debt_ratio": 32.77,
            "inventory_turnover_ratio": 1.34,
            "account_receivable_turnover_ratio": 2.3,
            "reinvestment_rate": -70.21,
            "research_to_sale_ratio": 0.77,
            "price_fair": 33.1,
            "eps_avg_yearly": 0.95,
            "eps_latest_yearly": 0.84,
            "eps_growth_yearly": 286.39
        },
        "20213": {
            "year_quarter": 20213,
            "year": 2021,
            "quarter": 3,
            "eps": 0.22,
            "eps_growth_year": 29.41,
            "eps_4q": 0.81,
            "eps_4q_growth_year": 63.27,
            "roe": 1.45,
            "gross_profit": 57011,
            "gross_margin": 7.19,
            "net_income": 16530,
            "revenue": 792545,
            "common_shares": 734980,
            "equity": 1146519,
            "current_ratio": 354.69,
            "debt_ratio": 27.14,
            "inventory_turnover_ratio": 1.39,
            "account_receivable_turnover_ratio": 2.34,
            "reinvestment_rate": -68.12,
            "research_to_sale_ratio": 0.77,
            "price_fair": 33.4,
            "eps_avg_yearly": 0.95,
            "eps_latest_yearly": 0.88,
            "eps_growth_yearly": 280.13
        },
        "20214": {
            "year_quarter": 20214,
            "year": 2021,
            "quarter": 4,
            "eps": 0.34,
            "eps_growth_year": 77.94,
            "eps_4q": 0.96,
            "eps_4q_growth_year": 48.57,
            "roe": 2.17,
            "gross_profit": 65064,
            "gross_margin": 9.45,
            "net_income": 25170,
            "revenue": 688711,
            "common_shares": 734980,
            "equity": 1171337,
            "current_ratio": 301.34,
            "debt_ratio": 30.42,
            "inventory_turnover_ratio": 1.14,
            "account_receivable_turnover_ratio": 1.93,
            "reinvestment_rate": -61.54,
            "research_to_sale_ratio": 0.76,
            "price_fair": 36.5,
            "eps_avg_yearly": 1.04,
            "eps_latest_yearly": 1.36,
            "eps_growth_yearly": 319.78
        },
        "20221": {
            "year_quarter": 20221,
            "year": 2022,
            "quarter": 1,
            "eps": 0.39,
            "eps_growth_year": 116.67,
            "eps_4q": 1.17,
            "eps_4q_growth_year": 72.45,
            "roe": 2.43,
            "gross_profit": 67775,
            "gross_margin": 10.23,
            "net_income": 28808,
            "revenue": 662750,
            "common_shares": 734980,
            "equity": 1202187,
            "current_ratio": 301.13,
            "debt_ratio": 30.89,
            "inventory_turnover_ratio": 0.96,
            "account_receivable_turnover_ratio": 1.82,
            "reinvestment_rate": -59.1,
            "research_to_sale_ratio": 0.94,
            "price_fair": 38.2,
            "eps_avg_yearly": 1.09,
            "eps_latest_yearly": 1.56,
            "eps_growth_yearly": 143.03
        },
        "20222": {
            "year_quarter": 20222,
            "year": 2022,
            "quarter": 2,
            "eps": 0.44,
            "eps_growth_year": 109.52,
            "eps_4q": 1.4,
            "eps_4q_growth_year": 85.76,
            "roe": 2.76,
            "gross_profit": 82927,
            "gross_margin": 10.18,
            "net_income": 32638,
            "revenue": 814518,
            "common_shares": 734980,
            "equity": 1164965,
            "current_ratio": 299.5,
            "debt_ratio": 31.22,
            "inventory_turnover_ratio": 1.16,
            "account_receivable_turnover_ratio": 2.41,
            "reinvestment_rate": -54.89,
            "research_to_sale_ratio": 1.29,
            "price_fair": 40.2,
            "eps_avg_yearly": 1.15,
            "eps_latest_yearly": 1.76,
            "eps_growth_yearly": 144.09
        },
        "20223": {
            "year_quarter": 20223,
            "year": 2022,
            "quarter": 3,
            "eps": 0.15,
            "eps_growth_year": -31.82,
            "eps_4q": 1.33,
            "eps_4q_growth_year": 65.29,
            "roe": 0.97,
            "gross_profit": 31555,
            "gross_margin": 5.79,
            "net_income": 11375,
            "revenue": 545096,
            "common_shares": 734980,
            "equity": 1186931,
            "current_ratio": 325.61,
            "debt_ratio": 28.85,
            "inventory_turnover_ratio": 0.78,
            "account_receivable_turnover_ratio": 1.9,
            "reinvestment_rate": -41.4,
            "research_to_sale_ratio": 0.47,
            "price_fair": 38.92,
            "eps_avg_yearly": 1.11,
            "eps_latest_yearly": 0.6,
            "eps_growth_yearly": 116.91
        },
        "20224": {
            "year_quarter": 20224,
            "year": 2022,
            "quarter": 4,
            "eps": 0.12,
            "eps_growth_year": -63.52,
            "eps_4q": 1.12,
            "eps_4q_growth_year": 16.63,
            "roe": 0.77,
            "gross_profit": 45567,
            "gross_margin": 9.02,
            "net_income": 9182,
            "revenue": 505003,
            "common_shares": 734980,
            "equity": 1194196,
            "current_ratio": 256.94,
            "debt_ratio": 34.81,
            "inventory_turnover_ratio": 0.59,
            "account_receivable_turnover_ratio": 2.03,
            "reinvestment_rate": -38.66,
            "research_to_sale_ratio": 1.27,
            "price_fair": 37.54,
            "eps_avg_yearly": 1.07,
            "eps_latest_yearly": 0.48,
            "eps_growth_yearly": 104.6
        },
        "20231": {
            "year_quarter": 20231,
            "year": 2023,
            "quarter": 1,
            "eps": 0.11,
            "eps_growth_year": -71.79,
            "eps_4q": 0.84,
            "eps_4q_growth_year": -28.45,
            "roe": 0.68,
            "gross_profit": 43103,
            "gross_margin": 7.85,
            "net_income": 8331,
            "revenue": 549032,
            "common_shares": 734980,
            "equity": 1245116,
            "current_ratio": 305.96,
            "debt_ratio": 39.37,
            "inventory_turnover_ratio": 0.61,
            "account_receivable_turnover_ratio": 2.37,
            "reinvestment_rate": -15.25,
            "research_to_sale_ratio": 1.33,
            "price_fair": 34.21,
            "eps_avg_yearly": 0.98,
            "eps_latest_yearly": 0.44,
            "eps_growth_yearly": 50.96
        }
    },
    "months": {
        "2011-02": {
            "month": "2011-02",
            "price": "68.66",
            "revenue": 249186
        },
        "2011-03": {
            "month": "2011-03",
            "price": "59.76",
            "revenue": 416314
        },
        "2011-04": {
            "month": "2011-04",
            "price": "53.38",
            "revenue": 664018
        },
        "2011-05": {
            "month": "2011-05",
            "price": "53.24",
            "revenue": 529653
        },
        "2011-06": {
            "month": "2011-06",
            "price": "53.12",
            "revenue": 458621
        },
        "2011-07": {
            "month": "2011-07",
            "price": "53.16",
            "revenue": 359287
        },
        "2011-08": {
            "month": "2011-08",
            "price": "51.87",
            "revenue": 353291
        },
        "2011-09": {
            "month": "2011-09",
            "price": "49.59",
            "revenue": 416147
        },
        "2011-10": {
            "month": "2011-10",
            "price": "47.31",
            "revenue": 309957
        },
        "2011-11": {
            "month": "2011-11",
            "price": "36.85",
            "revenue": 356773
        },
        "2011-12": {
            "month": "2011-12",
            "price": "27.98",
            "revenue": 458249
        },
        "2012-01": {
            "month": "2012-01",
            "price": "27.35",
            "revenue": 295933
        },
        "2012-02": {
            "month": "2012-02",
            "price": "34.58",
            "revenue": 371212
        },
        "2012-03": {
            "month": "2012-03",
            "price": "34.89",
            "revenue": 367919
        },
        "2012-04": {
            "month": "2012-04",
            "price": "35.33",
            "revenue": 521604
        },
        "2012-05": {
            "month": "2012-05",
            "price": "33.20",
            "revenue": 426446
        },
        "2012-06": {
            "month": "2012-06",
            "price": "29.55",
            "revenue": 331259
        },
        "2012-07": {
            "month": "2012-07",
            "price": "30.97",
            "revenue": 384738
        },
        "2012-08": {
            "month": "2012-08",
            "price": "28.83",
            "revenue": 339752
        },
        "2012-09": {
            "month": "2012-09",
            "price": "28.76",
            "revenue": 376028
        },
        "2012-10": {
            "month": "2012-10",
            "price": "26.04",
            "revenue": 415414
        },
        "2012-11": {
            "month": "2012-11",
            "price": "23.81",
            "revenue": 343282
        },
        "2012-12": {
            "month": "2012-12",
            "price": "34.98",
            "revenue": 543105
        },
        "2013-01": {
            "month": "2013-01",
            "price": "35.33",
            "revenue": 375470
        },
        "2013-02": {
            "month": "2013-02",
            "price": "33.85",
            "revenue": 343468
        },
        "2013-03": {
            "month": "2013-03",
            "price": "31.16",
            "revenue": 299460
        },
        "2013-04": {
            "month": "2013-04",
            "price": "27.39",
            "revenue": 338427
        },
        "2013-05": {
            "month": "2013-05",
            "price": "28.58",
            "revenue": 257356
        },
        "2013-06": {
            "month": "2013-06",
            "price": "30.90",
            "revenue": 204467
        },
        "2013-07": {
            "month": "2013-07",
            "price": "27.37",
            "revenue": 192950
        },
        "2013-08": {
            "month": "2013-08",
            "price": "23.76",
            "revenue": 269708
        },
        "2013-09": {
            "month": "2013-09",
            "price": "24.06",
            "revenue": 329164
        },
        "2013-10": {
            "month": "2013-10",
            "price": "27.56",
            "revenue": 292944
        },
        "2013-11": {
            "month": "2013-11",
            "price": "27.91",
            "revenue": 287683
        },
        "2013-12": {
            "month": "2013-12",
            "price": "26.16",
            "revenue": 230618
        },
        "2014-01": {
            "month": "2014-01",
            "price": "31.16",
            "revenue": 291456
        },
        "2014-02": {
            "month": "2014-02",
            "price": "29.32",
            "revenue": 254270
        },
        "2014-03": {
            "month": "2014-03",
            "price": "28.88",
            "revenue": 320800
        },
        "2014-04": {
            "month": "2014-04",
            "price": "27.74",
            "revenue": 280539
        },
        "2014-05": {
            "month": "2014-05",
            "price": "26.85",
            "revenue": 276642
        },
        "2014-06": {
            "month": "2014-06",
            "price": "27.57",
            "revenue": 185761
        },
        "2014-07": {
            "month": "2014-07",
            "price": "26.21",
            "revenue": 238502
        },
        "2014-08": {
            "month": "2014-08",
            "price": "24.55",
            "revenue": 306335
        },
        "2014-09": {
            "month": "2014-09",
            "price": "25.39",
            "revenue": 337654
        },
        "2014-10": {
            "month": "2014-10",
            "price": "23.56",
            "revenue": 232977
        },
        "2014-11": {
            "month": "2014-11",
            "price": "23.79",
            "revenue": 183840
        },
        "2014-12": {
            "month": "2014-12",
            "price": "24.31",
            "revenue": 237598
        },
        "2015-01": {
            "month": "2015-01",
            "price": "23.76",
            "revenue": 198494
        },
        "2015-02": {
            "month": "2015-02",
            "price": "23.43",
            "revenue": 205411
        },
        "2015-03": {
            "month": "2015-03",
            "price": "22.99",
            "revenue": 282994
        },
        "2015-04": {
            "month": "2015-04",
            "price": "22.73",
            "revenue": 225670
        },
        "2015-05": {
            "month": "2015-05",
            "price": "22.22",
            "revenue": 209996
        },
        "2015-06": {
            "month": "2015-06",
            "price": "19.80",
            "revenue": 259976
        },
        "2015-07": {
            "month": "2015-07",
            "price": "20.67",
            "revenue": 262556
        },
        "2015-08": {
            "month": "2015-08",
            "price": "19.14",
            "revenue": 178728
        },
        "2015-09": {
            "month": "2015-09",
            "price": "16.76",
            "revenue": 215941
        },
        "2015-10": {
            "month": "2015-10",
            "price": "17.51",
            "revenue": 220955
        },
        "2015-11": {
            "month": "2015-11",
            "price": "16.04",
            "revenue": 213487
        },
        "2015-12": {
            "month": "2015-12",
            "price": "15.81",
            "revenue": 202892
        },
        "2016-01": {
            "month": "2016-01",
            "price": "15.78",
            "revenue": 200485
        },
        "2016-02": {
            "month": "2016-02",
            "price": "15.76",
            "revenue": 169623
        },
        "2016-03": {
            "month": "2016-03",
            "price": "15.95",
            "revenue": 227935
        },
        "2016-04": {
            "month": "2016-04",
            "price": "15.64",
            "revenue": 200324
        },
        "2016-05": {
            "month": "2016-05",
            "price": "15.53",
            "revenue": 248892
        },
        "2016-06": {
            "month": "2016-06",
            "price": "15.14",
            "revenue": 158557
        },
        "2016-07": {
            "month": "2016-07",
            "price": "15.78",
            "revenue": 294276
        },
        "2016-08": {
            "month": "2016-08",
            "price": "17.30",
            "revenue": 309998
        },
        "2016-09": {
            "month": "2016-09",
            "price": "20.24",
            "revenue": 255068
        },
        "2016-10": {
            "month": "2016-10",
            "price": "18.47",
            "revenue": 311658
        },
        "2016-11": {
            "month": "2016-11",
            "price": "17.83",
            "revenue": 265130
        },
        "2016-12": {
            "month": "2016-12",
            "price": "18.18",
            "revenue": 263063
        },
        "2017-01": {
            "month": "2017-01",
            "price": "19.33",
            "revenue": 207490
        },
        "2017-02": {
            "month": "2017-02",
            "price": "18.98",
            "revenue": 169936
        },
        "2017-03": {
            "month": "2017-03",
            "price": "18.31",
            "revenue": 311888
        },
        "2017-04": {
            "month": "2017-04",
            "price": "18.15",
            "revenue": 233442
        },
        "2017-05": {
            "month": "2017-05",
            "price": "17.18",
            "revenue": 223363
        },
        "2017-06": {
            "month": "2017-06",
            "price": "16.28",
            "revenue": 217502
        },
        "2017-07": {
            "month": "2017-07",
            "price": "16.32",
            "revenue": 224539
        },
        "2017-08": {
            "month": "2017-08",
            "price": "16.05",
            "revenue": 197033
        },
        "2017-09": {
            "month": "2017-09",
            "price": "15.95",
            "revenue": 204645
        },
        "2017-10": {
            "month": "2017-10",
            "price": "15.96",
            "revenue": 228007
        },
        "2017-11": {
            "month": "2017-11",
            "price": "15.70",
            "revenue": 197561
        },
        "2017-12": {
            "month": "2017-12",
            "price": "15.65",
            "revenue": 205632
        },
        "2018-01": {
            "month": "2018-01",
            "price": "18.65",
            "revenue": 201408
        },
        "2018-02": {
            "month": "2018-02",
            "price": "19.11",
            "revenue": 200446
        },
        "2018-03": {
            "month": "2018-03",
            "price": "21.51",
            "revenue": 211427
        },
        "2018-04": {
            "month": "2018-04",
            "price": "21.76",
            "revenue": 169581
        },
        "2018-05": {
            "month": "2018-05",
            "price": "21.30",
            "revenue": 207103
        },
        "2018-06": {
            "month": "2018-06",
            "price": "21.51",
            "revenue": 190226
        },
        "2018-07": {
            "month": "2018-07",
            "price": "19.47",
            "revenue": 220945
        },
        "2018-08": {
            "month": "2018-08",
            "price": "19.49",
            "revenue": 233949
        },
        "2018-09": {
            "month": "2018-09",
            "price": "19.78",
            "revenue": 179177
        },
        "2018-10": {
            "month": "2018-10",
            "price": "17.93",
            "revenue": 177421
        },
        "2018-11": {
            "month": "2018-11",
            "price": "17.44",
            "revenue": 201148
        },
        "2018-12": {
            "month": "2018-12",
            "price": "18.21",
            "revenue": 181062
        },
        "2019-01": {
            "month": "2019-01",
            "price": "17.18",
            "revenue": 176313
        },
        "2019-02": {
            "month": "2019-02",
            "price": "17.95",
            "revenue": 127506
        },
        "2019-03": {
            "month": "2019-03",
            "price": "18.12",
            "revenue": 182139
        },
        "2019-04": {
            "month": "2019-04",
            "price": "17.78",
            "revenue": 181609
        },
        "2019-05": {
            "month": "2019-05",
            "price": "18.03",
            "revenue": 185239
        },
        "2019-06": {
            "month": "2019-06",
            "price": "18.13",
            "revenue": 141411
        },
        "2019-07": {
            "month": "2019-07",
            "price": "17.44",
            "revenue": 162042
        },
        "2019-08": {
            "month": "2019-08",
            "price": "18.34",
            "revenue": 161487
        },
        "2019-09": {
            "month": "2019-09",
            "price": "19.09",
            "revenue": 224361
        },
        "2019-10": {
            "month": "2019-10",
            "price": "20.71",
            "revenue": 189585
        },
        "2019-11": {
            "month": "2019-11",
            "price": "21.39",
            "revenue": 216852
        },
        "2019-12": {
            "month": "2019-12",
            "price": "21.15",
            "revenue": 193164
        },
        "2020-01": {
            "month": "2020-01",
            "price": "21.59",
            "revenue": 149670
        },
        "2020-02": {
            "month": "2020-02",
            "price": "19.77",
            "revenue": 154343
        },
        "2020-03": {
            "month": "2020-03",
            "price": "16.77",
            "revenue": 274267
        },
        "2020-04": {
            "month": "2020-04",
            "price": "17.90",
            "revenue": 171620
        },
        "2020-05": {
            "month": "2020-05",
            "price": "18.79",
            "revenue": 158816
        },
        "2020-06": {
            "month": "2020-06",
            "price": "18.92",
            "revenue": 133708
        },
        "2020-07": {
            "month": "2020-07",
            "price": "19.26",
            "revenue": 199382
        },
        "2020-08": {
            "month": "2020-08",
            "price": "19.11",
            "revenue": 232576
        },
        "2020-09": {
            "month": "2020-09",
            "price": "18.76",
            "revenue": 237462
        },
        "2020-10": {
            "month": "2020-10",
            "price": "18.56",
            "revenue": 226072
        },
        "2020-11": {
            "month": "2020-11",
            "price": "18.58",
            "revenue": 254394
        },
        "2020-12": {
            "month": "2020-12",
            "price": "21.01",
            "revenue": 206099
        },
        "2021-01": {
            "month": "2021-01",
            "price": "20.71",
            "revenue": 296063
        },
        "2021-02": {
            "month": "2021-02",
            "price": "19.90",
            "revenue": 204732
        },
        "2021-03": {
            "month": "2021-03",
            "price": "21.71",
            "revenue": 262201
        },
        "2021-04": {
            "month": "2021-04",
            "price": "25.61",
            "revenue": 235269
        },
        "2021-05": {
            "month": "2021-05",
            "price": "22.12",
            "revenue": 243324
        },
        "2021-06": {
            "month": "2021-06",
            "price": "23.15",
            "revenue": 280347
        },
        "2021-07": {
            "month": "2021-07",
            "price": "27.05",
            "revenue": 284711
        },
        "2021-08": {
            "month": "2021-08",
            "price": "41.74",
            "revenue": 278060
        },
        "2021-09": {
            "month": "2021-09",
            "price": "44.74",
            "revenue": 229774
        },
        "2021-10": {
            "month": "2021-10",
            "price": "40.82",
            "revenue": 226378
        },
        "2021-11": {
            "month": "2021-11",
            "price": "38.44",
            "revenue": 217178
        },
        "2021-12": {
            "month": "2021-12",
            "price": "34.46",
            "revenue": 245155
        },
        "2022-01": {
            "month": "2022-01",
            "price": "31.76",
            "revenue": 224504
        },
        "2022-02": {
            "month": "2022-02",
            "price": "30.46",
            "revenue": 200077
        },
        "2022-03": {
            "month": "2022-03",
            "price": "31.60",
            "revenue": 238169
        },
        "2022-04": {
            "month": "2022-04",
            "price": "30.07",
            "revenue": 212542
        },
        "2022-05": {
            "month": "2022-05",
            "price": "26.21",
            "revenue": 396830
        },
        "2022-06": {
            "month": "2022-06",
            "price": "31.14",
            "revenue": 205146
        },
        "2022-07": {
            "month": "2022-07",
            "price": "26.39",
            "revenue": 207356
        },
        "2022-08": {
            "month": "2022-08",
            "price": "29.84",
            "revenue": 175596
        },
        "2022-09": {
            "month": "2022-09",
            "price": "27.94",
            "revenue": 162144
        },
        "2022-10": {
            "month": "2022-10",
            "price": "24.84",
            "revenue": 183979
        },
        "2022-11": {
            "month": "2022-11",
            "price": "27.04",
            "revenue": 152128
        },
        "2022-12": {
            "month": "2022-12",
            "price": "29.02",
            "revenue": 168897
        },
        "2023-01": {
            "month": "2023-01",
            "price": "28.27",
            "revenue": 159596
        },
        "2023-02": {
            "month": "2023-02",
            "price": "28.67",
            "revenue": 190525
        },
        "2023-03": {
            "month": "2023-03",
            "price": "30.22",
            "revenue": 198911
        },
        "2023-04": {
            "month": "2023-04",
            "price": "33.96",
            "revenue": 168775
        }
    }
}
