{
    "summary": {
        "stock_name": "安瑞-KY",
        "stock_id": "3664",
        "category": "通信網路",
        "main_business": "網路連線安全及網路流量加速相關係統之研發及銷售",
        "website_url": "http://www.arraynetworks.net",
        "ceo": "黃建喬",
        "pe_ratio": -15,
        "report_year_from": 2008,
        "report_year_to": 2023,
        "age": 16,
        "eps_negative_percentage": 60,
        "eps_growth_avg": {
            "last_all": -10.76,
            "last_2y": null,
            "last_4y": null,
            "last_8y": 0,
            "last_12y": -32.91,
            "last_16y": null,
            "last_20y": null,
            "at_2006_last_3y": null,
            "at_2007_last_3y": null,
            "at_2008_last_3y": null,
            "at_2009_last_3y": null,
            "at_2010_last_3y": null,
            "at_2011_last_3y": null,
            "at_2012_last_3y": null,
            "at_2013_last_3y": 1.13,
            "at_2014_last_3y": -54.85,
            "at_2015_last_3y": -22.64,
            "at_2016_last_3y": -22.64,
            "at_2017_last_3y": -22.64,
            "at_2018_last_3y": 0,
            "at_2019_last_3y": -100,
            "at_2020_last_3y": null,
            "at_2021_last_3y": null,
            "at_2022_last_3y": null,
            "at_2023_last_3y": null,
            "at_2024_last_3y": null,
            "at_2006_last_all": null,
            "at_2007_last_all": null,
            "at_2008_last_all": null,
            "at_2009_last_all": null,
            "at_2010_last_all": null,
            "at_2011_last_all": 51.69,
            "at_2012_last_all": 1.13,
            "at_2013_last_all": 1.13,
            "at_2014_last_all": -16.14,
            "at_2015_last_all": 7.09,
            "at_2016_last_all": -10.76,
            "at_2017_last_all": -10.76,
            "at_2018_last_all": -10.76,
            "at_2019_last_all": -10.76,
            "at_2020_last_all": -10.76,
            "at_2021_last_all": -10.76,
            "at_2022_last_all": -10.76,
            "at_2023_last_all": -10.76,
            "at_2024_last_all": -10.76
        },
        "latest_eps": -2.09,
        "latest_price": 30.5,
        "latest_roe": -39.6,
        "latest_gross_margin": 53.88,
        "latest_equity": 287095,
        "latest_revenue": 107277,
        "latest_gross_profit": 57798,
        "latest_net_income": -31413,
        "latest_debt_ratio": 59.68,
        "latest_current_ratio": 210.03,
        "latest_account_receivable_turnover_ratio": 0.37,
        "latest_inventory_turnover_ratio": 0.57,
        "latest_reinvestment_rate": null,
        "latest_research_to_sale_ratio": 33.79
    },
    "eps_dividends": {
        "2001": {
            "cash": 0,
            "stock": 0,
            "eps": 0
        },
        "2002": {
            "cash": 0,
            "stock": 0,
            "eps": 0
        },
        "2003": {
            "cash": 0,
            "stock": 0,
            "eps": 0
        },
        "2004": {
            "cash": 0,
            "stock": 0,
            "eps": 0
        },
        "2005": {
            "cash": 0,
            "stock": 0,
            "eps": 0
        },
        "2006": {
            "cash": 0,
            "stock": 0,
            "eps": 0
        },
        "2007": {
            "cash": 0,
            "stock": 0,
            "eps": 0
        },
        "2008": {
            "cash": 0,
            "stock": 0,
            "eps": 0
        },
        "2009": {
            "cash": 0,
            "stock": 0,
            "eps": 0.72
        },
        "2010": {
            "cash": 0,
            "stock": 0,
            "eps": 1.48
        },
        "2011": {
            "cash": 0,
            "stock": 0,
            "eps": 1.53
        },
        "2012": {
            "cash": 0.5,
            "stock": 0,
            "eps": -2.12
        },
        "2013": {
            "cash": 0,
            "stock": 0,
            "eps": 0.53
        },
        "2014": {
            "cash": 0,
            "stock": 0,
            "eps": 0.17
        },
        "2015": {
            "cash": 0,
            "stock": 0,
            "eps": 0.64
        },
        "2016": {
            "cash": 0,
            "stock": 0,
            "eps": -0.86
        },
        "2017": {
            "cash": 0,
            "stock": 0,
            "eps": -0.91
        },
        "2018": {
            "cash": 0,
            "stock": 0,
            "eps": -0.77
        },
        "2019": {
            "cash": 0,
            "stock": 0,
            "eps": -2.41
        },
        "2020": {
            "cash": 0,
            "stock": 0,
            "eps": -2.1
        },
        "2021": {
            "cash": 0,
            "stock": 0,
            "eps": -1.94
        },
        "2022": {
            "cash": 0,
            "stock": 0,
            "eps": -3.65
        },
        "2023": {
            "cash": 0,
            "stock": 0,
            "eps": -1.26
        }
    },
    "dividends": {
        "2012-06-21": {
            "cash": 0.5,
            "stock": 0
        }
    },
    "prices": {
        "200101": "無",
        "200102": "無",
        "200103": "無",
        "200104": "無",
        "200105": "無",
        "200106": "無",
        "200107": "無",
        "200108": "無",
        "200109": "無",
        "200110": "無",
        "200111": "無",
        "200112": "無",
        "200201": "無",
        "200202": "無",
        "200203": "無",
        "200204": "無",
        "200205": "無",
        "200206": "無",
        "200207": "無",
        "200208": "無",
        "200209": "無",
        "200210": "無",
        "200211": "無",
        "200212": "無",
        "200301": "無",
        "200302": "無",
        "200303": "無",
        "200304": "無",
        "200305": "無",
        "200306": "無",
        "200307": "無",
        "200308": "無",
        "200309": "無",
        "200310": "無",
        "200311": "無",
        "200312": "無",
        "200401": "無",
        "200402": "無",
        "200403": "無",
        "200404": "無",
        "200405": "無",
        "200406": "無",
        "200407": "無",
        "200408": "無",
        "200409": "無",
        "200410": "無",
        "200411": "無",
        "200412": "無",
        "200501": "無",
        "200502": "無",
        "200503": "無",
        "200504": "無",
        "200505": "無",
        "200506": "無",
        "200507": "無",
        "200508": "無",
        "200509": "無",
        "200510": "無",
        "200511": "無",
        "200512": "無",
        "200601": "無",
        "200602": "無",
        "200603": "無",
        "200604": "無",
        "200605": "無",
        "200606": "無",
        "200607": "無",
        "200608": "無",
        "200609": "無",
        "200610": "無",
        "200611": "無",
        "200612": "無",
        "200701": "無",
        "200702": "無",
        "200703": "無",
        "200704": "無",
        "200705": "無",
        "200706": "無",
        "200707": "無",
        "200708": "無",
        "200709": "無",
        "200710": "無",
        "200711": "無",
        "200712": "無",
        "200801": "無",
        "200802": "無",
        "200803": "無",
        "200804": "無",
        "200805": "無",
        "200806": "無",
        "200807": "無",
        "200808": "無",
        "200809": "無",
        "200810": "無",
        "200811": "無",
        "200812": "無",
        "200901": "無",
        "200902": "無",
        "200903": "無",
        "200904": "無",
        "200905": "35.93",
        "200906": "24.76",
        "200907": "22.09",
        "200908": "28.97",
        "200909": "29.86",
        "200910": "31.55",
        "200911": "33.83",
        "200912": "35.60",
        "201001": "44.89",
        "201002": "47.54",
        "201003": "43.45",
        "201004": "46.37",
        "201005": "56.29",
        "201006": "49.69",
        "201007": "41.23",
        "201008": "43.20",
        "201009": "39.64",
        "201010": "32.80",
        "201011": "31.22",
        "201012": "37.06",
        "201101": "39.59",
        "201102": "39.75",
        "201103": "36.64",
        "201104": "32.96",
        "201105": "29.85",
        "201106": "30.34",
        "201107": "26.64",
        "201108": "20.12",
        "201109": "20.26",
        "201110": "19.18",
        "201111": "16.63",
        "201112": "16.01",
        "201201": "19.43",
        "201202": "22.68",
        "201203": "27.13",
        "201204": "23.48",
        "201205": "18.10",
        "201206": "16.89",
        "201207": "16.85",
        "201208": "17.18",
        "201209": "16.46",
        "201210": "14.07",
        "201211": "11.90",
        "201212": "12.18",
        "201301": "12.58",
        "201302": "11.96",
        "201303": "11.41",
        "201304": "11.12",
        "201305": "11.71",
        "201306": "11.21",
        "201307": "11.21",
        "201308": "14.96",
        "201309": "18.58",
        "201310": "24.13",
        "201311": "23.00",
        "201312": "26.63",
        "201401": "27.94",
        "201402": "29.00",
        "201403": "46.02",
        "201404": "46.00",
        "201405": "40.00",
        "201406": "48.21",
        "201407": "45.47",
        "201408": "39.93",
        "201409": "40.34",
        "201410": "29.39",
        "201411": "26.33",
        "201412": "27.82",
        "201501": "30.83",
        "201502": "27.57",
        "201503": "27.38",
        "201504": "24.35",
        "201505": "18.14",
        "201506": "15.19",
        "201507": "17.23",
        "201508": "14.69",
        "201509": "15.28",
        "201510": "16.91",
        "201511": "15.84",
        "201512": "14.77",
        "201601": "13.65",
        "201602": "13.77",
        "201603": "14.79",
        "201604": "16.90",
        "201605": "16.92",
        "201606": "16.24",
        "201607": "15.76",
        "201608": "15.65",
        "201609": "16.61",
        "201610": "15.52",
        "201611": "15.74",
        "201612": "16.19",
        "201701": "16.04",
        "201702": "16.62",
        "201703": "15.95",
        "201704": "15.89",
        "201705": "16.63",
        "201706": "17.78",
        "201707": "16.55",
        "201708": "15.59",
        "201709": "17.96",
        "201710": "18.73",
        "201711": "23.60",
        "201712": "20.56",
        "201801": "22.04",
        "201802": "19.06",
        "201803": "18.22",
        "201804": "17.10",
        "201805": "15.25",
        "201806": "18.47",
        "201807": "16.96",
        "201808": "14.47",
        "201809": "11.45",
        "201810": "9.01",
        "201811": "8.94",
        "201812": "9.52",
        "201901": "12.24",
        "201902": "13.59",
        "201903": "13.98",
        "201904": "13.90",
        "201905": "11.21",
        "201906": "11.03",
        "201907": "10.92",
        "201908": "10.37",
        "201909": "12.75",
        "201910": "12.51",
        "201911": "11.49",
        "201912": "11.60",
        "202001": "12.89",
        "202002": "12.40",
        "202003": "10.18",
        "202004": "10.13",
        "202005": "12.13",
        "202006": "12.22",
        "202007": "11.65",
        "202008": "11.31",
        "202009": "11.87",
        "202010": "11.44",
        "202011": "11.49",
        "202012": "13.04",
        "202101": "11.69",
        "202102": "10.95",
        "202103": "11.83",
        "202104": "12.98",
        "202105": "12.09",
        "202106": "10.87",
        "202107": "10.07",
        "202108": "9.33",
        "202109": "8.53",
        "202110": "8.12",
        "202111": "9.01",
        "202112": "9.11",
        "202201": "9.70",
        "202202": "8.93",
        "202203": "8.27",
        "202204": "9.21",
        "202205": "8.39",
        "202206": "9.22",
        "202207": "9.22",
        "202208": "11.58",
        "202209": "12.73",
        "202210": "11.68",
        "202211": "11.82",
        "202212": "11.77",
        "202301": "12.24",
        "202302": "12.96",
        "202303": "16.98",
        "202304": "28.47",
        "202305": "36.54",
        "202306": "33.35",
        "202307": "32.96",
        "202308": "26.51",
        "202309": "26.76",
        "202310": "27.66",
        "202311": "26.06",
        "202312": "23.64"
    },
    "quarters": {
        "20011": {
            "year_quarter": 20011,
            "year": 2001,
            "quarter": 1,
            "eps": null,
            "eps_growth_year": null,
            "eps_4q": null,
            "eps_4q_growth_year": null,
            "roe": null,
            "roe_4q": 0,
            "gross_profit": null,
            "gross_margin": null,
            "gross_margin_4q_avg": 0,
            "net_income": null,
            "net_income_4q": null,
            "revenue": null,
            "revenue_4q": null,
            "common_shares": null,
            "book_valuer_per_share": null,
            "book_valuer_per_share_4q_avg": 0,
            "equity": null,
            "current_ratio": null,
            "debt_ratio": null,
            "inventory_turnover_ratio": null,
            "account_receivable_turnover_ratio": null,
            "reinvestment_rate": null,
            "research_to_sale_ratio": null,
            "price_fair": 0,
            "eps_avg_yearly": 0,
            "eps_latest_yearly": 0,
            "eps_growth_yearly": 0
        },
        "20012": {
            "year_quarter": 20012,
            "year": 2001,
            "quarter": 2,
            "eps": null,
            "eps_growth_year": null,
            "eps_4q": null,
            "eps_4q_growth_year": null,
            "roe": null,
            "roe_4q": 0,
            "gross_profit": null,
            "gross_margin": null,
            "gross_margin_4q_avg": 0,
            "net_income": null,
            "net_income_4q": null,
            "revenue": null,
            "revenue_4q": null,
            "common_shares": null,
            "book_valuer_per_share": null,
            "book_valuer_per_share_4q_avg": 0,
            "equity": null,
            "current_ratio": null,
            "debt_ratio": null,
            "inventory_turnover_ratio": null,
            "account_receivable_turnover_ratio": null,
            "reinvestment_rate": null,
            "research_to_sale_ratio": null,
            "price_fair": 0,
            "eps_avg_yearly": 0,
            "eps_latest_yearly": 0,
            "eps_growth_yearly": 0
        },
        "20013": {
            "year_quarter": 20013,
            "year": 2001,
            "quarter": 3,
            "eps": null,
            "eps_growth_year": null,
            "eps_4q": null,
            "eps_4q_growth_year": null,
            "roe": null,
            "roe_4q": 0,
            "gross_profit": null,
            "gross_margin": null,
            "gross_margin_4q_avg": 0,
            "net_income": null,
            "net_income_4q": null,
            "revenue": null,
            "revenue_4q": null,
            "common_shares": null,
            "book_valuer_per_share": null,
            "book_valuer_per_share_4q_avg": 0,
            "equity": null,
            "current_ratio": null,
            "debt_ratio": null,
            "inventory_turnover_ratio": null,
            "account_receivable_turnover_ratio": null,
            "reinvestment_rate": null,
            "research_to_sale_ratio": null,
            "price_fair": 0,
            "eps_avg_yearly": 0,
            "eps_latest_yearly": 0,
            "eps_growth_yearly": 0
        },
        "20014": {
            "year_quarter": 20014,
            "year": 2001,
            "quarter": 4,
            "eps": null,
            "eps_growth_year": null,
            "eps_4q": null,
            "eps_4q_growth_year": null,
            "roe": null,
            "roe_4q": 0,
            "gross_profit": null,
            "gross_margin": null,
            "gross_margin_4q_avg": 0,
            "net_income": null,
            "net_income_4q": null,
            "revenue": null,
            "revenue_4q": null,
            "common_shares": null,
            "book_valuer_per_share": null,
            "book_valuer_per_share_4q_avg": 0,
            "equity": null,
            "current_ratio": null,
            "debt_ratio": null,
            "inventory_turnover_ratio": null,
            "account_receivable_turnover_ratio": null,
            "reinvestment_rate": null,
            "research_to_sale_ratio": null,
            "price_fair": 0,
            "eps_avg_yearly": 0,
            "eps_latest_yearly": 0,
            "eps_growth_yearly": 0
        },
        "20021": {
            "year_quarter": 20021,
            "year": 2002,
            "quarter": 1,
            "eps": null,
            "eps_growth_year": null,
            "eps_4q": null,
            "eps_4q_growth_year": null,
            "roe": null,
            "roe_4q": 0,
            "gross_profit": null,
            "gross_margin": null,
            "gross_margin_4q_avg": 0,
            "net_income": null,
            "net_income_4q": null,
            "revenue": null,
            "revenue_4q": null,
            "common_shares": null,
            "book_valuer_per_share": null,
            "book_valuer_per_share_4q_avg": 0,
            "equity": null,
            "current_ratio": null,
            "debt_ratio": null,
            "inventory_turnover_ratio": null,
            "account_receivable_turnover_ratio": null,
            "reinvestment_rate": null,
            "research_to_sale_ratio": null,
            "price_fair": 0,
            "eps_avg_yearly": 0,
            "eps_latest_yearly": 0,
            "eps_growth_yearly": 0
        },
        "20022": {
            "year_quarter": 20022,
            "year": 2002,
            "quarter": 2,
            "eps": null,
            "eps_growth_year": null,
            "eps_4q": null,
            "eps_4q_growth_year": null,
            "roe": null,
            "roe_4q": 0,
            "gross_profit": null,
            "gross_margin": null,
            "gross_margin_4q_avg": 0,
            "net_income": null,
            "net_income_4q": null,
            "revenue": null,
            "revenue_4q": null,
            "common_shares": null,
            "book_valuer_per_share": null,
            "book_valuer_per_share_4q_avg": 0,
            "equity": null,
            "current_ratio": null,
            "debt_ratio": null,
            "inventory_turnover_ratio": null,
            "account_receivable_turnover_ratio": null,
            "reinvestment_rate": null,
            "research_to_sale_ratio": null,
            "price_fair": 0,
            "eps_avg_yearly": 0,
            "eps_latest_yearly": 0,
            "eps_growth_yearly": 0
        },
        "20023": {
            "year_quarter": 20023,
            "year": 2002,
            "quarter": 3,
            "eps": null,
            "eps_growth_year": null,
            "eps_4q": null,
            "eps_4q_growth_year": null,
            "roe": null,
            "roe_4q": 0,
            "gross_profit": null,
            "gross_margin": null,
            "gross_margin_4q_avg": 0,
            "net_income": null,
            "net_income_4q": null,
            "revenue": null,
            "revenue_4q": null,
            "common_shares": null,
            "book_valuer_per_share": null,
            "book_valuer_per_share_4q_avg": 0,
            "equity": null,
            "current_ratio": null,
            "debt_ratio": null,
            "inventory_turnover_ratio": null,
            "account_receivable_turnover_ratio": null,
            "reinvestment_rate": null,
            "research_to_sale_ratio": null,
            "price_fair": 0,
            "eps_avg_yearly": 0,
            "eps_latest_yearly": 0,
            "eps_growth_yearly": 0
        },
        "20024": {
            "year_quarter": 20024,
            "year": 2002,
            "quarter": 4,
            "eps": null,
            "eps_growth_year": null,
            "eps_4q": null,
            "eps_4q_growth_year": null,
            "roe": null,
            "roe_4q": 0,
            "gross_profit": null,
            "gross_margin": null,
            "gross_margin_4q_avg": 0,
            "net_income": null,
            "net_income_4q": null,
            "revenue": null,
            "revenue_4q": null,
            "common_shares": null,
            "book_valuer_per_share": null,
            "book_valuer_per_share_4q_avg": 0,
            "equity": null,
            "current_ratio": null,
            "debt_ratio": null,
            "inventory_turnover_ratio": null,
            "account_receivable_turnover_ratio": null,
            "reinvestment_rate": null,
            "research_to_sale_ratio": null,
            "price_fair": 0,
            "eps_avg_yearly": 0,
            "eps_latest_yearly": 0,
            "eps_growth_yearly": 0
        },
        "20031": {
            "year_quarter": 20031,
            "year": 2003,
            "quarter": 1,
            "eps": null,
            "eps_growth_year": null,
            "eps_4q": null,
            "eps_4q_growth_year": null,
            "roe": null,
            "roe_4q": 0,
            "gross_profit": null,
            "gross_margin": null,
            "gross_margin_4q_avg": 0,
            "net_income": null,
            "net_income_4q": null,
            "revenue": null,
            "revenue_4q": null,
            "common_shares": null,
            "book_valuer_per_share": null,
            "book_valuer_per_share_4q_avg": 0,
            "equity": null,
            "current_ratio": null,
            "debt_ratio": null,
            "inventory_turnover_ratio": null,
            "account_receivable_turnover_ratio": null,
            "reinvestment_rate": null,
            "research_to_sale_ratio": null,
            "price_fair": 0,
            "eps_avg_yearly": 0,
            "eps_latest_yearly": 0,
            "eps_growth_yearly": 0
        },
        "20032": {
            "year_quarter": 20032,
            "year": 2003,
            "quarter": 2,
            "eps": null,
            "eps_growth_year": null,
            "eps_4q": null,
            "eps_4q_growth_year": null,
            "roe": null,
            "roe_4q": 0,
            "gross_profit": null,
            "gross_margin": null,
            "gross_margin_4q_avg": 0,
            "net_income": null,
            "net_income_4q": null,
            "revenue": null,
            "revenue_4q": null,
            "common_shares": null,
            "book_valuer_per_share": null,
            "book_valuer_per_share_4q_avg": 0,
            "equity": null,
            "current_ratio": null,
            "debt_ratio": null,
            "inventory_turnover_ratio": null,
            "account_receivable_turnover_ratio": null,
            "reinvestment_rate": null,
            "research_to_sale_ratio": null,
            "price_fair": 0,
            "eps_avg_yearly": 0,
            "eps_latest_yearly": 0,
            "eps_growth_yearly": 0
        },
        "20033": {
            "year_quarter": 20033,
            "year": 2003,
            "quarter": 3,
            "eps": null,
            "eps_growth_year": null,
            "eps_4q": null,
            "eps_4q_growth_year": null,
            "roe": null,
            "roe_4q": 0,
            "gross_profit": null,
            "gross_margin": null,
            "gross_margin_4q_avg": 0,
            "net_income": null,
            "net_income_4q": null,
            "revenue": null,
            "revenue_4q": null,
            "common_shares": null,
            "book_valuer_per_share": null,
            "book_valuer_per_share_4q_avg": 0,
            "equity": null,
            "current_ratio": null,
            "debt_ratio": null,
            "inventory_turnover_ratio": null,
            "account_receivable_turnover_ratio": null,
            "reinvestment_rate": null,
            "research_to_sale_ratio": null,
            "price_fair": 0,
            "eps_avg_yearly": 0,
            "eps_latest_yearly": 0,
            "eps_growth_yearly": 0
        },
        "20034": {
            "year_quarter": 20034,
            "year": 2003,
            "quarter": 4,
            "eps": null,
            "eps_growth_year": null,
            "eps_4q": null,
            "eps_4q_growth_year": null,
            "roe": null,
            "roe_4q": 0,
            "gross_profit": null,
            "gross_margin": null,
            "gross_margin_4q_avg": 0,
            "net_income": null,
            "net_income_4q": null,
            "revenue": null,
            "revenue_4q": null,
            "common_shares": null,
            "book_valuer_per_share": null,
            "book_valuer_per_share_4q_avg": 0,
            "equity": null,
            "current_ratio": null,
            "debt_ratio": null,
            "inventory_turnover_ratio": null,
            "account_receivable_turnover_ratio": null,
            "reinvestment_rate": null,
            "research_to_sale_ratio": null,
            "price_fair": 0,
            "eps_avg_yearly": 0,
            "eps_latest_yearly": 0,
            "eps_growth_yearly": 0
        },
        "20041": {
            "year_quarter": 20041,
            "year": 2004,
            "quarter": 1,
            "eps": null,
            "eps_growth_year": null,
            "eps_4q": null,
            "eps_4q_growth_year": null,
            "roe": null,
            "roe_4q": 0,
            "gross_profit": null,
            "gross_margin": null,
            "gross_margin_4q_avg": 0,
            "net_income": null,
            "net_income_4q": null,
            "revenue": null,
            "revenue_4q": null,
            "common_shares": null,
            "book_valuer_per_share": null,
            "book_valuer_per_share_4q_avg": 0,
            "equity": null,
            "current_ratio": null,
            "debt_ratio": null,
            "inventory_turnover_ratio": null,
            "account_receivable_turnover_ratio": null,
            "reinvestment_rate": null,
            "research_to_sale_ratio": null,
            "price_fair": 0,
            "eps_avg_yearly": 0,
            "eps_latest_yearly": 0,
            "eps_growth_yearly": 0
        },
        "20042": {
            "year_quarter": 20042,
            "year": 2004,
            "quarter": 2,
            "eps": null,
            "eps_growth_year": null,
            "eps_4q": null,
            "eps_4q_growth_year": null,
            "roe": null,
            "roe_4q": 0,
            "gross_profit": null,
            "gross_margin": null,
            "gross_margin_4q_avg": 0,
            "net_income": null,
            "net_income_4q": null,
            "revenue": null,
            "revenue_4q": null,
            "common_shares": null,
            "book_valuer_per_share": null,
            "book_valuer_per_share_4q_avg": 0,
            "equity": null,
            "current_ratio": null,
            "debt_ratio": null,
            "inventory_turnover_ratio": null,
            "account_receivable_turnover_ratio": null,
            "reinvestment_rate": null,
            "research_to_sale_ratio": null,
            "price_fair": 0,
            "eps_avg_yearly": 0,
            "eps_latest_yearly": 0,
            "eps_growth_yearly": 0
        },
        "20043": {
            "year_quarter": 20043,
            "year": 2004,
            "quarter": 3,
            "eps": null,
            "eps_growth_year": null,
            "eps_4q": null,
            "eps_4q_growth_year": null,
            "roe": null,
            "roe_4q": 0,
            "gross_profit": null,
            "gross_margin": null,
            "gross_margin_4q_avg": 0,
            "net_income": null,
            "net_income_4q": null,
            "revenue": null,
            "revenue_4q": null,
            "common_shares": null,
            "book_valuer_per_share": null,
            "book_valuer_per_share_4q_avg": 0,
            "equity": null,
            "current_ratio": null,
            "debt_ratio": null,
            "inventory_turnover_ratio": null,
            "account_receivable_turnover_ratio": null,
            "reinvestment_rate": null,
            "research_to_sale_ratio": null,
            "price_fair": 0,
            "eps_avg_yearly": 0,
            "eps_latest_yearly": 0,
            "eps_growth_yearly": 0
        },
        "20044": {
            "year_quarter": 20044,
            "year": 2004,
            "quarter": 4,
            "eps": null,
            "eps_growth_year": null,
            "eps_4q": null,
            "eps_4q_growth_year": null,
            "roe": null,
            "roe_4q": 0,
            "gross_profit": null,
            "gross_margin": null,
            "gross_margin_4q_avg": 0,
            "net_income": null,
            "net_income_4q": null,
            "revenue": null,
            "revenue_4q": null,
            "common_shares": null,
            "book_valuer_per_share": null,
            "book_valuer_per_share_4q_avg": 0,
            "equity": null,
            "current_ratio": null,
            "debt_ratio": null,
            "inventory_turnover_ratio": null,
            "account_receivable_turnover_ratio": null,
            "reinvestment_rate": null,
            "research_to_sale_ratio": null,
            "price_fair": 0,
            "eps_avg_yearly": 0,
            "eps_latest_yearly": 0,
            "eps_growth_yearly": 0
        },
        "20051": {
            "year_quarter": 20051,
            "year": 2005,
            "quarter": 1,
            "eps": null,
            "eps_growth_year": null,
            "eps_4q": null,
            "eps_4q_growth_year": null,
            "roe": null,
            "roe_4q": 0,
            "gross_profit": null,
            "gross_margin": null,
            "gross_margin_4q_avg": 0,
            "net_income": null,
            "net_income_4q": null,
            "revenue": null,
            "revenue_4q": null,
            "common_shares": null,
            "book_valuer_per_share": null,
            "book_valuer_per_share_4q_avg": 0,
            "equity": null,
            "current_ratio": null,
            "debt_ratio": null,
            "inventory_turnover_ratio": null,
            "account_receivable_turnover_ratio": null,
            "reinvestment_rate": null,
            "research_to_sale_ratio": null,
            "price_fair": 0,
            "eps_avg_yearly": 0,
            "eps_latest_yearly": 0,
            "eps_growth_yearly": 0
        },
        "20052": {
            "year_quarter": 20052,
            "year": 2005,
            "quarter": 2,
            "eps": null,
            "eps_growth_year": null,
            "eps_4q": null,
            "eps_4q_growth_year": null,
            "roe": null,
            "roe_4q": 0,
            "gross_profit": null,
            "gross_margin": null,
            "gross_margin_4q_avg": 0,
            "net_income": null,
            "net_income_4q": null,
            "revenue": null,
            "revenue_4q": null,
            "common_shares": null,
            "book_valuer_per_share": null,
            "book_valuer_per_share_4q_avg": 0,
            "equity": null,
            "current_ratio": null,
            "debt_ratio": null,
            "inventory_turnover_ratio": null,
            "account_receivable_turnover_ratio": null,
            "reinvestment_rate": null,
            "research_to_sale_ratio": null,
            "price_fair": 0,
            "eps_avg_yearly": 0,
            "eps_latest_yearly": 0,
            "eps_growth_yearly": 0
        },
        "20053": {
            "year_quarter": 20053,
            "year": 2005,
            "quarter": 3,
            "eps": null,
            "eps_growth_year": null,
            "eps_4q": null,
            "eps_4q_growth_year": null,
            "roe": null,
            "roe_4q": 0,
            "gross_profit": null,
            "gross_margin": null,
            "gross_margin_4q_avg": 0,
            "net_income": null,
            "net_income_4q": null,
            "revenue": null,
            "revenue_4q": null,
            "common_shares": null,
            "book_valuer_per_share": null,
            "book_valuer_per_share_4q_avg": 0,
            "equity": null,
            "current_ratio": null,
            "debt_ratio": null,
            "inventory_turnover_ratio": null,
            "account_receivable_turnover_ratio": null,
            "reinvestment_rate": null,
            "research_to_sale_ratio": null,
            "price_fair": 0,
            "eps_avg_yearly": 0,
            "eps_latest_yearly": 0,
            "eps_growth_yearly": 0
        },
        "20054": {
            "year_quarter": 20054,
            "year": 2005,
            "quarter": 4,
            "eps": null,
            "eps_growth_year": null,
            "eps_4q": null,
            "eps_4q_growth_year": null,
            "roe": null,
            "roe_4q": 0,
            "gross_profit": null,
            "gross_margin": null,
            "gross_margin_4q_avg": 0,
            "net_income": null,
            "net_income_4q": null,
            "revenue": null,
            "revenue_4q": null,
            "common_shares": null,
            "book_valuer_per_share": null,
            "book_valuer_per_share_4q_avg": 0,
            "equity": null,
            "current_ratio": null,
            "debt_ratio": null,
            "inventory_turnover_ratio": null,
            "account_receivable_turnover_ratio": null,
            "reinvestment_rate": null,
            "research_to_sale_ratio": null,
            "price_fair": 0,
            "eps_avg_yearly": 0,
            "eps_latest_yearly": 0,
            "eps_growth_yearly": 0
        },
        "20061": {
            "year_quarter": 20061,
            "year": 2006,
            "quarter": 1,
            "eps": null,
            "eps_growth_year": null,
            "eps_4q": null,
            "eps_4q_growth_year": null,
            "roe": null,
            "roe_4q": 0,
            "gross_profit": null,
            "gross_margin": null,
            "gross_margin_4q_avg": 0,
            "net_income": null,
            "net_income_4q": null,
            "revenue": null,
            "revenue_4q": null,
            "common_shares": null,
            "book_valuer_per_share": null,
            "book_valuer_per_share_4q_avg": 0,
            "equity": null,
            "current_ratio": null,
            "debt_ratio": null,
            "inventory_turnover_ratio": null,
            "account_receivable_turnover_ratio": null,
            "reinvestment_rate": null,
            "research_to_sale_ratio": null,
            "price_fair": 0,
            "eps_avg_yearly": 0,
            "eps_latest_yearly": 0,
            "eps_growth_yearly": 0
        },
        "20062": {
            "year_quarter": 20062,
            "year": 2006,
            "quarter": 2,
            "eps": null,
            "eps_growth_year": null,
            "eps_4q": null,
            "eps_4q_growth_year": null,
            "roe": null,
            "roe_4q": 0,
            "gross_profit": null,
            "gross_margin": null,
            "gross_margin_4q_avg": 0,
            "net_income": null,
            "net_income_4q": null,
            "revenue": null,
            "revenue_4q": null,
            "common_shares": null,
            "book_valuer_per_share": null,
            "book_valuer_per_share_4q_avg": 0,
            "equity": null,
            "current_ratio": null,
            "debt_ratio": null,
            "inventory_turnover_ratio": null,
            "account_receivable_turnover_ratio": null,
            "reinvestment_rate": null,
            "research_to_sale_ratio": null,
            "price_fair": 0,
            "eps_avg_yearly": 0,
            "eps_latest_yearly": 0,
            "eps_growth_yearly": 0
        },
        "20063": {
            "year_quarter": 20063,
            "year": 2006,
            "quarter": 3,
            "eps": null,
            "eps_growth_year": null,
            "eps_4q": null,
            "eps_4q_growth_year": null,
            "roe": null,
            "roe_4q": 0,
            "gross_profit": null,
            "gross_margin": null,
            "gross_margin_4q_avg": 0,
            "net_income": null,
            "net_income_4q": null,
            "revenue": null,
            "revenue_4q": null,
            "common_shares": null,
            "book_valuer_per_share": null,
            "book_valuer_per_share_4q_avg": 0,
            "equity": null,
            "current_ratio": null,
            "debt_ratio": null,
            "inventory_turnover_ratio": null,
            "account_receivable_turnover_ratio": null,
            "reinvestment_rate": null,
            "research_to_sale_ratio": null,
            "price_fair": 0,
            "eps_avg_yearly": 0,
            "eps_latest_yearly": 0,
            "eps_growth_yearly": 0
        },
        "20064": {
            "year_quarter": 20064,
            "year": 2006,
            "quarter": 4,
            "eps": null,
            "eps_growth_year": null,
            "eps_4q": null,
            "eps_4q_growth_year": null,
            "roe": null,
            "roe_4q": 0,
            "gross_profit": null,
            "gross_margin": null,
            "gross_margin_4q_avg": 0,
            "net_income": null,
            "net_income_4q": null,
            "revenue": null,
            "revenue_4q": null,
            "common_shares": null,
            "book_valuer_per_share": null,
            "book_valuer_per_share_4q_avg": 0,
            "equity": null,
            "current_ratio": null,
            "debt_ratio": null,
            "inventory_turnover_ratio": null,
            "account_receivable_turnover_ratio": null,
            "reinvestment_rate": null,
            "research_to_sale_ratio": null,
            "price_fair": 0,
            "eps_avg_yearly": 0,
            "eps_latest_yearly": 0,
            "eps_growth_yearly": 0
        },
        "20071": {
            "year_quarter": 20071,
            "year": 2007,
            "quarter": 1,
            "eps": null,
            "eps_growth_year": null,
            "eps_4q": null,
            "eps_4q_growth_year": null,
            "roe": null,
            "roe_4q": 0,
            "gross_profit": null,
            "gross_margin": null,
            "gross_margin_4q_avg": 0,
            "net_income": null,
            "net_income_4q": null,
            "revenue": null,
            "revenue_4q": null,
            "common_shares": null,
            "book_valuer_per_share": null,
            "book_valuer_per_share_4q_avg": 0,
            "equity": null,
            "current_ratio": null,
            "debt_ratio": null,
            "inventory_turnover_ratio": null,
            "account_receivable_turnover_ratio": null,
            "reinvestment_rate": null,
            "research_to_sale_ratio": null,
            "price_fair": 0,
            "eps_avg_yearly": 0,
            "eps_latest_yearly": 0,
            "eps_growth_yearly": 0
        },
        "20072": {
            "year_quarter": 20072,
            "year": 2007,
            "quarter": 2,
            "eps": null,
            "eps_growth_year": null,
            "eps_4q": null,
            "eps_4q_growth_year": null,
            "roe": null,
            "roe_4q": 0,
            "gross_profit": null,
            "gross_margin": null,
            "gross_margin_4q_avg": 0,
            "net_income": null,
            "net_income_4q": null,
            "revenue": null,
            "revenue_4q": null,
            "common_shares": null,
            "book_valuer_per_share": null,
            "book_valuer_per_share_4q_avg": 0,
            "equity": null,
            "current_ratio": null,
            "debt_ratio": null,
            "inventory_turnover_ratio": null,
            "account_receivable_turnover_ratio": null,
            "reinvestment_rate": null,
            "research_to_sale_ratio": null,
            "price_fair": 0,
            "eps_avg_yearly": 0,
            "eps_latest_yearly": 0,
            "eps_growth_yearly": 0
        },
        "20073": {
            "year_quarter": 20073,
            "year": 2007,
            "quarter": 3,
            "eps": null,
            "eps_growth_year": null,
            "eps_4q": null,
            "eps_4q_growth_year": null,
            "roe": null,
            "roe_4q": 0,
            "gross_profit": null,
            "gross_margin": null,
            "gross_margin_4q_avg": 0,
            "net_income": null,
            "net_income_4q": null,
            "revenue": null,
            "revenue_4q": null,
            "common_shares": null,
            "book_valuer_per_share": null,
            "book_valuer_per_share_4q_avg": 0,
            "equity": null,
            "current_ratio": null,
            "debt_ratio": null,
            "inventory_turnover_ratio": null,
            "account_receivable_turnover_ratio": null,
            "reinvestment_rate": null,
            "research_to_sale_ratio": null,
            "price_fair": 0,
            "eps_avg_yearly": 0,
            "eps_latest_yearly": 0,
            "eps_growth_yearly": 0
        },
        "20074": {
            "year_quarter": 20074,
            "year": 2007,
            "quarter": 4,
            "eps": null,
            "eps_growth_year": null,
            "eps_4q": null,
            "eps_4q_growth_year": null,
            "roe": null,
            "roe_4q": 0,
            "gross_profit": null,
            "gross_margin": null,
            "gross_margin_4q_avg": 0,
            "net_income": null,
            "net_income_4q": null,
            "revenue": null,
            "revenue_4q": null,
            "common_shares": 524153,
            "book_valuer_per_share": 10.37,
            "book_valuer_per_share_4q_avg": 2.59,
            "equity": 543791,
            "current_ratio": 242.21,
            "debt_ratio": 26.01,
            "inventory_turnover_ratio": null,
            "account_receivable_turnover_ratio": null,
            "reinvestment_rate": null,
            "research_to_sale_ratio": null,
            "price_fair": 0,
            "eps_avg_yearly": 0,
            "eps_latest_yearly": 0,
            "eps_growth_yearly": 0
        },
        "20081": {
            "year_quarter": 20081,
            "year": 2008,
            "quarter": 1,
            "eps": null,
            "eps_growth_year": null,
            "eps_4q": null,
            "eps_4q_growth_year": null,
            "roe": null,
            "roe_4q": 0,
            "gross_profit": null,
            "gross_margin": null,
            "gross_margin_4q_avg": 0,
            "net_income": null,
            "net_income_4q": null,
            "revenue": null,
            "revenue_4q": null,
            "common_shares": null,
            "book_valuer_per_share": null,
            "book_valuer_per_share_4q_avg": 2.59,
            "equity": null,
            "current_ratio": null,
            "debt_ratio": null,
            "inventory_turnover_ratio": null,
            "account_receivable_turnover_ratio": null,
            "reinvestment_rate": null,
            "research_to_sale_ratio": null,
            "price_fair": 0,
            "eps_avg_yearly": 0,
            "eps_latest_yearly": 0,
            "eps_growth_yearly": 0
        },
        "20082": {
            "year_quarter": 20082,
            "year": 2008,
            "quarter": 2,
            "eps": null,
            "eps_growth_year": null,
            "eps_4q": null,
            "eps_4q_growth_year": null,
            "roe": null,
            "roe_4q": 0,
            "gross_profit": null,
            "gross_margin": null,
            "gross_margin_4q_avg": 0,
            "net_income": null,
            "net_income_4q": null,
            "revenue": null,
            "revenue_4q": null,
            "common_shares": null,
            "book_valuer_per_share": null,
            "book_valuer_per_share_4q_avg": 2.59,
            "equity": null,
            "current_ratio": null,
            "debt_ratio": null,
            "inventory_turnover_ratio": null,
            "account_receivable_turnover_ratio": null,
            "reinvestment_rate": null,
            "research_to_sale_ratio": null,
            "price_fair": 0,
            "eps_avg_yearly": 0,
            "eps_latest_yearly": 0,
            "eps_growth_yearly": 0
        },
        "20083": {
            "year_quarter": 20083,
            "year": 2008,
            "quarter": 3,
            "eps": null,
            "eps_growth_year": null,
            "eps_4q": null,
            "eps_4q_growth_year": null,
            "roe": null,
            "roe_4q": 0,
            "gross_profit": null,
            "gross_margin": null,
            "gross_margin_4q_avg": 0,
            "net_income": null,
            "net_income_4q": null,
            "revenue": null,
            "revenue_4q": null,
            "common_shares": null,
            "book_valuer_per_share": null,
            "book_valuer_per_share_4q_avg": 2.59,
            "equity": null,
            "current_ratio": null,
            "debt_ratio": null,
            "inventory_turnover_ratio": null,
            "account_receivable_turnover_ratio": null,
            "reinvestment_rate": null,
            "research_to_sale_ratio": null,
            "price_fair": 0,
            "eps_avg_yearly": 0,
            "eps_latest_yearly": 0,
            "eps_growth_yearly": 0
        },
        "20084": {
            "year_quarter": 20084,
            "year": 2008,
            "quarter": 4,
            "eps": null,
            "eps_growth_year": null,
            "eps_4q": null,
            "eps_4q_growth_year": null,
            "roe": null,
            "roe_4q": 0,
            "gross_profit": null,
            "gross_margin": null,
            "gross_margin_4q_avg": 0,
            "net_income": null,
            "net_income_4q": null,
            "revenue": null,
            "revenue_4q": null,
            "common_shares": 525925,
            "book_valuer_per_share": 12.04,
            "book_valuer_per_share_4q_avg": 3.01,
            "equity": 633391,
            "current_ratio": 221.6,
            "debt_ratio": 31.9,
            "inventory_turnover_ratio": null,
            "account_receivable_turnover_ratio": null,
            "reinvestment_rate": null,
            "research_to_sale_ratio": null,
            "price_fair": 0,
            "eps_avg_yearly": 0,
            "eps_latest_yearly": 0,
            "eps_growth_yearly": 0
        },
        "20091": {
            "year_quarter": 20091,
            "year": 2009,
            "quarter": 1,
            "eps": null,
            "eps_growth_year": null,
            "eps_4q": null,
            "eps_4q_growth_year": null,
            "roe": null,
            "roe_4q": 0,
            "gross_profit": 0,
            "gross_margin": null,
            "gross_margin_4q_avg": 0,
            "net_income": 0,
            "net_income_4q": null,
            "revenue": 0,
            "revenue_4q": null,
            "common_shares": 0,
            "book_valuer_per_share": null,
            "book_valuer_per_share_4q_avg": 3.01,
            "equity": 0,
            "current_ratio": null,
            "debt_ratio": null,
            "inventory_turnover_ratio": null,
            "account_receivable_turnover_ratio": null,
            "reinvestment_rate": null,
            "research_to_sale_ratio": null,
            "price_fair": 0,
            "eps_avg_yearly": 0,
            "eps_latest_yearly": 0,
            "eps_growth_yearly": 0
        },
        "20092": {
            "year_quarter": 20092,
            "year": 2009,
            "quarter": 2,
            "eps": null,
            "eps_growth_year": null,
            "eps_4q": null,
            "eps_4q_growth_year": null,
            "roe": null,
            "roe_4q": 0,
            "gross_profit": 159286,
            "gross_margin": null,
            "gross_margin_4q_avg": 0,
            "net_income": 53588,
            "net_income_4q": null,
            "revenue": 171858,
            "revenue_4q": null,
            "common_shares": 540925,
            "book_valuer_per_share": null,
            "book_valuer_per_share_4q_avg": 3.01,
            "equity": 657406,
            "current_ratio": null,
            "debt_ratio": null,
            "inventory_turnover_ratio": null,
            "account_receivable_turnover_ratio": null,
            "reinvestment_rate": null,
            "research_to_sale_ratio": null,
            "price_fair": 0,
            "eps_avg_yearly": 0,
            "eps_latest_yearly": 0,
            "eps_growth_yearly": 0
        },
        "20093": {
            "year_quarter": 20093,
            "year": 2009,
            "quarter": 3,
            "eps": -1.39,
            "eps_growth_year": null,
            "eps_4q": null,
            "eps_4q_growth_year": null,
            "roe": -6.78,
            "roe_4q": -6.78,
            "gross_profit": 266337,
            "gross_margin": 73.48,
            "gross_margin_4q_avg": 18.37,
            "net_income": -44354,
            "net_income_4q": null,
            "revenue": 362471,
            "revenue_4q": null,
            "common_shares": 540925,
            "book_valuer_per_share": 12.02,
            "book_valuer_per_share_4q_avg": 6.02,
            "equity": 650702,
            "current_ratio": 241.18,
            "debt_ratio": 29.89,
            "inventory_turnover_ratio": 1.23,
            "account_receivable_turnover_ratio": 0.96,
            "reinvestment_rate": null,
            "research_to_sale_ratio": null,
            "price_fair": 0,
            "eps_avg_yearly": 0,
            "eps_latest_yearly": 0,
            "eps_growth_yearly": 0
        },
        "20094": {
            "year_quarter": 20094,
            "year": 2009,
            "quarter": 4,
            "eps": 2.11,
            "eps_growth_year": null,
            "eps_4q": 2736.57,
            "eps_4q_growth_year": null,
            "roe": 16.78,
            "roe_4q": 10,
            "gross_profit": 109966,
            "gross_margin": 109.01,
            "gross_margin_4q_avg": 45.62,
            "net_income": 114328,
            "net_income_4q": null,
            "revenue": 100873,
            "revenue_4q": null,
            "common_shares": 540925,
            "book_valuer_per_share": 13.16,
            "book_valuer_per_share_4q_avg": 6.3,
            "equity": 712355,
            "current_ratio": 250.98,
            "debt_ratio": 29.57,
            "inventory_turnover_ratio": -0.12,
            "account_receivable_turnover_ratio": 0.49,
            "reinvestment_rate": null,
            "research_to_sale_ratio": null,
            "price_fair": 0,
            "eps_avg_yearly": 0,
            "eps_latest_yearly": 0,
            "eps_growth_yearly": 0
        },
        "20101": {
            "year_quarter": 20101,
            "year": 2010,
            "quarter": 1,
            "eps": 0.08,
            "eps_growth_year": null,
            "eps_4q": 2899.37,
            "eps_4q_growth_year": null,
            "roe": 0.58,
            "roe_4q": 10.579999999999998,
            "gross_profit": 156629,
            "gross_margin": 80.59,
            "gross_margin_4q_avg": 65.77,
            "net_income": 4163,
            "net_income_4q": null,
            "revenue": 194353,
            "revenue_4q": null,
            "common_shares": 540925,
            "book_valuer_per_share": 13.17,
            "book_valuer_per_share_4q_avg": 9.59,
            "equity": 712837,
            "current_ratio": 263.95,
            "debt_ratio": 28.1,
            "inventory_turnover_ratio": 0.6,
            "account_receivable_turnover_ratio": 0.56,
            "reinvestment_rate": null,
            "research_to_sale_ratio": 21.26,
            "price_fair": 0.96,
            "eps_avg_yearly": 0.32,
            "eps_latest_yearly": 0.32,
            "eps_growth_yearly": -384.83
        },
        "20102": {
            "year_quarter": 20102,
            "year": 2010,
            "quarter": 2,
            "eps": 0.1,
            "eps_growth_year": null,
            "eps_4q": 1.21,
            "eps_4q_growth_year": null,
            "roe": 0.72,
            "roe_4q": 11.3,
            "gross_profit": 172361,
            "gross_margin": 81.62,
            "gross_margin_4q_avg": 86.18,
            "net_income": 7046,
            "net_income_4q": null,
            "revenue": 211186,
            "revenue_4q": null,
            "common_shares": 671681,
            "book_valuer_per_share": 18.52,
            "book_valuer_per_share_4q_avg": 14.22,
            "equity": 1243653,
            "current_ratio": 517.11,
            "debt_ratio": 16.01,
            "inventory_turnover_ratio": 0.63,
            "account_receivable_turnover_ratio": 0.66,
            "reinvestment_rate": null,
            "research_to_sale_ratio": 19.77,
            "price_fair": 1.08,
            "eps_avg_yearly": 0.36,
            "eps_latest_yearly": 0.4,
            "eps_growth_yearly": -142.42
        },
        "20103": {
            "year_quarter": 20103,
            "year": 2010,
            "quarter": 3,
            "eps": 0.71,
            "eps_growth_year": null,
            "eps_4q": 2.57,
            "eps_4q_growth_year": null,
            "roe": 3.85,
            "roe_4q": 21.93,
            "gross_profit": 211099,
            "gross_margin": 82.92,
            "gross_margin_4q_avg": 88.54,
            "net_income": 48068,
            "net_income_4q": null,
            "revenue": 254590,
            "revenue_4q": null,
            "common_shares": 676799,
            "book_valuer_per_share": 18.55,
            "book_valuer_per_share_4q_avg": 15.85,
            "equity": 1255128,
            "current_ratio": 524.93,
            "debt_ratio": 15.95,
            "inventory_turnover_ratio": 0.77,
            "account_receivable_turnover_ratio": 0.66,
            "reinvestment_rate": null,
            "research_to_sale_ratio": 18.89,
            "price_fair": 41.53,
            "eps_avg_yearly": 1.19,
            "eps_latest_yearly": 2.84,
            "eps_growth_yearly": 718.39
        },
        "20104": {
            "year_quarter": 20104,
            "year": 2010,
            "quarter": 4,
            "eps": 0.59,
            "eps_growth_year": -72.14,
            "eps_4q": 1.46,
            "eps_4q_growth_year": -99.95,
            "roe": 3.21,
            "roe_4q": 8.36,
            "gross_profit": 186098,
            "gross_margin": 82.01,
            "gross_margin_4q_avg": 81.79,
            "net_income": 39827,
            "net_income_4q": null,
            "revenue": 226915,
            "revenue_4q": null,
            "common_shares": 677451,
            "book_valuer_per_share": 18.09,
            "book_valuer_per_share_4q_avg": 17.08,
            "equity": 1225793,
            "current_ratio": 470.07,
            "debt_ratio": 17.9,
            "inventory_turnover_ratio": 0.65,
            "account_receivable_turnover_ratio": 0.57,
            "reinvestment_rate": null,
            "research_to_sale_ratio": 15.44,
            "price_fair": 51.8,
            "eps_avg_yearly": 1.48,
            "eps_latest_yearly": 2.36,
            "eps_growth_yearly": 521.89
        },
        "20111": {
            "year_quarter": 20111,
            "year": 2011,
            "quarter": 1,
            "eps": 0.03,
            "eps_growth_year": -62.5,
            "eps_4q": 1.42,
            "eps_4q_growth_year": -99.95,
            "roe": 0.19,
            "roe_4q": 7.97,
            "gross_profit": 154076,
            "gross_margin": 79.08,
            "gross_margin_4q_avg": 81.41,
            "net_income": 2357,
            "net_income_4q": null,
            "revenue": 194839,
            "revenue_4q": null,
            "common_shares": 686383,
            "book_valuer_per_share": 18.11,
            "book_valuer_per_share_4q_avg": 18.32,
            "equity": 1243156,
            "current_ratio": 487.39,
            "debt_ratio": 17.32,
            "inventory_turnover_ratio": 0.45,
            "account_receivable_turnover_ratio": 0.51,
            "reinvestment_rate": null,
            "research_to_sale_ratio": 22,
            "price_fair": 42.28,
            "eps_avg_yearly": 1.21,
            "eps_latest_yearly": 0.12,
            "eps_growth_yearly": 341.58
        },
        "20112": {
            "year_quarter": 20112,
            "year": 2011,
            "quarter": 2,
            "eps": 0.08,
            "eps_growth_year": -20.52,
            "eps_4q": 1.39,
            "eps_4q_growth_year": 14.59,
            "roe": 0.47,
            "roe_4q": 7.720000000000001,
            "gross_profit": 190953,
            "gross_margin": 80.18,
            "gross_margin_4q_avg": 81.05,
            "net_income": 5781,
            "net_income_4q": null,
            "revenue": 238154,
            "revenue_4q": null,
            "common_shares": 693363,
            "book_valuer_per_share": 17.63,
            "book_valuer_per_share_4q_avg": 18.1,
            "equity": 1222428,
            "current_ratio": 498.22,
            "debt_ratio": 16.87,
            "inventory_turnover_ratio": 0.43,
            "account_receivable_turnover_ratio": 0.58,
            "reinvestment_rate": null,
            "research_to_sale_ratio": 18.14,
            "price_fair": 37.1,
            "eps_avg_yearly": 1.06,
            "eps_latest_yearly": 0.32,
            "eps_growth_yearly": 395.76
        },
        "20113": {
            "year_quarter": 20113,
            "year": 2011,
            "quarter": 3,
            "eps": 0.16,
            "eps_growth_year": -77.89,
            "eps_4q": 0.85,
            "eps_4q_growth_year": -66.93,
            "roe": 0.86,
            "roe_4q": 4.73,
            "gross_profit": 224772,
            "gross_margin": 82.76,
            "gross_margin_4q_avg": 81.01,
            "net_income": 10895,
            "net_income_4q": null,
            "revenue": 271608,
            "revenue_4q": null,
            "common_shares": 693935,
            "book_valuer_per_share": 18.75,
            "book_valuer_per_share_4q_avg": 18.15,
            "equity": 1301306,
            "current_ratio": 504.44,
            "debt_ratio": 16.69,
            "inventory_turnover_ratio": 0.38,
            "account_receivable_turnover_ratio": 0.64,
            "reinvestment_rate": null,
            "research_to_sale_ratio": 22.39,
            "price_fair": 35,
            "eps_avg_yearly": 1,
            "eps_latest_yearly": 0.64,
            "eps_growth_yearly": 396.37
        },
        "20114": {
            "year_quarter": 20114,
            "year": 2011,
            "quarter": 4,
            "eps": 1.26,
            "eps_growth_year": 114.73,
            "eps_4q": 1.54,
            "eps_4q_growth_year": 5.01,
            "roe": 6.56,
            "roe_4q": 8.08,
            "gross_profit": 288659,
            "gross_margin": 79.38,
            "gross_margin_4q_avg": 80.35,
            "net_income": 87748,
            "net_income_4q": null,
            "revenue": 363657,
            "revenue_4q": null,
            "common_shares": 695095,
            "book_valuer_per_share": 19.78,
            "book_valuer_per_share_4q_avg": 18.57,
            "equity": 1375067,
            "current_ratio": 434.29,
            "debt_ratio": 19.37,
            "inventory_turnover_ratio": 0.66,
            "account_receivable_turnover_ratio": 0.78,
            "reinvestment_rate": null,
            "research_to_sale_ratio": 19.37,
            "price_fair": 52.68,
            "eps_avg_yearly": 1.51,
            "eps_latest_yearly": 5.04,
            "eps_growth_yearly": 690.57
        },
        "20121": {
            "year_quarter": 20121,
            "year": 2012,
            "quarter": 1,
            "eps": -1.04,
            "eps_growth_year": -3566.67,
            "eps_4q": 0.5,
            "eps_4q_growth_year": -64.61,
            "roe": -5.39,
            "roe_4q": 2.5,
            "gross_profit": 118987,
            "gross_margin": 76.98,
            "gross_margin_4q_avg": 79.83,
            "net_income": -70552,
            "net_income_4q": null,
            "revenue": 154562,
            "revenue_4q": null,
            "common_shares": 695095,
            "book_valuer_per_share": 18.38,
            "book_valuer_per_share_4q_avg": 18.64,
            "equity": 1241140,
            "current_ratio": 464.77,
            "debt_ratio": 17.7,
            "inventory_turnover_ratio": 0.37,
            "account_receivable_turnover_ratio": 0.33,
            "reinvestment_rate": null,
            "research_to_sale_ratio": 40.9,
            "price_fair": 52.68,
            "eps_avg_yearly": 1.51,
            "eps_latest_yearly": 5.04,
            "eps_growth_yearly": 690.57
        },
        "20122": {
            "year_quarter": 20122,
            "year": 2012,
            "quarter": 2,
            "eps": -0.57,
            "eps_growth_year": -782.02,
            "eps_4q": -0.16,
            "eps_4q_growth_year": -111.3,
            "roe": -3.2,
            "roe_4q": -1.1700000000000004,
            "gross_profit": 221975,
            "gross_margin": 84.1,
            "gross_margin_4q_avg": 80.81,
            "net_income": -38755,
            "net_income_4q": null,
            "revenue": 263943,
            "revenue_4q": null,
            "common_shares": 701172,
            "book_valuer_per_share": 17.31,
            "book_valuer_per_share_4q_avg": 18.56,
            "equity": 1179575,
            "current_ratio": 342.7,
            "debt_ratio": 23.79,
            "inventory_turnover_ratio": 0.45,
            "account_receivable_turnover_ratio": 0.58,
            "reinvestment_rate": null,
            "research_to_sale_ratio": 24.71,
            "price_fair": 52.68,
            "eps_avg_yearly": 1.51,
            "eps_latest_yearly": 5.04,
            "eps_growth_yearly": 690.57
        },
        "20123": {
            "year_quarter": 20123,
            "year": 2012,
            "quarter": 3,
            "eps": -0.41,
            "eps_growth_year": -361.31,
            "eps_4q": -0.73,
            "eps_4q_growth_year": -185.61,
            "roe": -2.42,
            "roe_4q": -4.45,
            "gross_profit": 156094,
            "gross_margin": 77.36,
            "gross_margin_4q_avg": 79.46,
            "net_income": -27999,
            "net_income_4q": null,
            "revenue": 201788,
            "revenue_4q": null,
            "common_shares": 702110,
            "book_valuer_per_share": 16.55,
            "book_valuer_per_share_4q_avg": 18.01,
            "equity": 1129721,
            "current_ratio": 342.02,
            "debt_ratio": 23.79,
            "inventory_turnover_ratio": 0.47,
            "account_receivable_turnover_ratio": 0.45,
            "reinvestment_rate": null,
            "research_to_sale_ratio": 33.4,
            "price_fair": 52.68,
            "eps_avg_yearly": 1.51,
            "eps_latest_yearly": 5.04,
            "eps_growth_yearly": 690.57
        },
        "20124": {
            "year_quarter": 20124,
            "year": 2012,
            "quarter": 4,
            "eps": -0.1,
            "eps_growth_year": -107.82,
            "eps_4q": -2.09,
            "eps_4q_growth_year": -236.23,
            "roe": -0.6,
            "roe_4q": -11.61,
            "gross_profit": 216840,
            "gross_margin": 74.51,
            "gross_margin_4q_avg": 78.24,
            "net_income": -6800,
            "net_income_4q": null,
            "revenue": 291025,
            "revenue_4q": null,
            "common_shares": 708247,
            "book_valuer_per_share": 16.3,
            "book_valuer_per_share_4q_avg": 17.14,
            "equity": 1122610,
            "current_ratio": 349.2,
            "debt_ratio": 23.21,
            "inventory_turnover_ratio": 0.84,
            "account_receivable_turnover_ratio": 0.77,
            "reinvestment_rate": 11.26,
            "research_to_sale_ratio": 25.08,
            "price_fair": 52.68,
            "eps_avg_yearly": 1.51,
            "eps_latest_yearly": 5.04,
            "eps_growth_yearly": 690.57
        },
        "20131": {
            "year_quarter": 20131,
            "year": 2013,
            "quarter": 1,
            "eps": -1.18,
            "eps_growth_year": null,
            "eps_4q": -2.23,
            "eps_4q_growth_year": -543.95,
            "roe": -7.55,
            "roe_4q": -13.77,
            "gross_profit": 160739,
            "gross_margin": 81.6,
            "gross_margin_4q_avg": 79.39,
            "net_income": -81960,
            "net_income_4q": null,
            "revenue": 196995,
            "revenue_4q": null,
            "common_shares": 717814,
            "book_valuer_per_share": 14.99,
            "book_valuer_per_share_4q_avg": 16.29,
            "equity": 1047667,
            "current_ratio": 383.55,
            "debt_ratio": 25.27,
            "inventory_turnover_ratio": 0.46,
            "account_receivable_turnover_ratio": 0.57,
            "reinvestment_rate": 49.66,
            "research_to_sale_ratio": 38.22,
            "price_fair": 52.68,
            "eps_avg_yearly": 1.51,
            "eps_latest_yearly": 5.04,
            "eps_growth_yearly": 690.57
        },
        "20132": {
            "year_quarter": 20132,
            "year": 2013,
            "quarter": 2,
            "eps": 0.2,
            "eps_growth_year": null,
            "eps_4q": -1.47,
            "eps_4q_growth_year": null,
            "roe": 1.31,
            "roe_4q": -9.26,
            "gross_profit": 236921,
            "gross_margin": 78.85,
            "gross_margin_4q_avg": 78.08,
            "net_income": 13917,
            "net_income_4q": null,
            "revenue": 300484,
            "revenue_4q": null,
            "common_shares": 718199,
            "book_valuer_per_share": 15.41,
            "book_valuer_per_share_4q_avg": 15.81,
            "equity": 1077570,
            "current_ratio": 366.14,
            "debt_ratio": 26.57,
            "inventory_turnover_ratio": 0.71,
            "account_receivable_turnover_ratio": 0.83,
            "reinvestment_rate": 14.07,
            "research_to_sale_ratio": 24.54,
            "price_fair": 52.68,
            "eps_avg_yearly": 1.51,
            "eps_latest_yearly": 5.04,
            "eps_growth_yearly": 690.57
        },
        "20133": {
            "year_quarter": 20133,
            "year": 2013,
            "quarter": 3,
            "eps": 0.16,
            "eps_growth_year": null,
            "eps_4q": -0.9,
            "eps_4q_growth_year": null,
            "roe": 1.07,
            "roe_4q": -5.77,
            "gross_profit": 225389,
            "gross_margin": 77.18,
            "gross_margin_4q_avg": 78.04,
            "net_income": 11526,
            "net_income_4q": null,
            "revenue": 292049,
            "revenue_4q": null,
            "common_shares": 720509,
            "book_valuer_per_share": 15.38,
            "book_valuer_per_share_4q_avg": 15.52,
            "equity": 1077961,
            "current_ratio": 359.03,
            "debt_ratio": 27.87,
            "inventory_turnover_ratio": 0.7,
            "account_receivable_turnover_ratio": 0.74,
            "reinvestment_rate": 13.39,
            "research_to_sale_ratio": 25.62,
            "price_fair": 49.31,
            "eps_avg_yearly": 1.41,
            "eps_latest_yearly": 0.64,
            "eps_growth_yearly": 604.95
        },
        "20134": {
            "year_quarter": 20134,
            "year": 2013,
            "quarter": 4,
            "eps": 1.35,
            "eps_growth_year": null,
            "eps_4q": 0.6,
            "eps_4q_growth_year": null,
            "roe": 8.87,
            "roe_4q": 3.7,
            "gross_profit": 304357,
            "gross_margin": 76.01,
            "gross_margin_4q_avg": 78.41,
            "net_income": 101190,
            "net_income_4q": null,
            "revenue": 400398,
            "revenue_4q": null,
            "common_shares": 767453,
            "book_valuer_per_share": 16.1,
            "book_valuer_per_share_4q_avg": 15.47,
            "equity": 1204925,
            "current_ratio": 344.02,
            "debt_ratio": 29.56,
            "inventory_turnover_ratio": 0.99,
            "account_receivable_turnover_ratio": 0.93,
            "reinvestment_rate": 8.13,
            "research_to_sale_ratio": 18.73,
            "price_fair": 63.28,
            "eps_avg_yearly": 1.81,
            "eps_latest_yearly": 5.4,
            "eps_growth_yearly": 841.96
        },
        "20141": {
            "year_quarter": 20141,
            "year": 2014,
            "quarter": 1,
            "eps": -0.36,
            "eps_growth_year": null,
            "eps_4q": 1.32,
            "eps_4q_growth_year": null,
            "roe": -2.21,
            "roe_4q": 9.04,
            "gross_profit": 206612,
            "gross_margin": 76.92,
            "gross_margin_4q_avg": 77.24,
            "net_income": -26738,
            "net_income_4q": null,
            "revenue": 268604,
            "revenue_4q": null,
            "common_shares": 770765,
            "book_valuer_per_share": 16.03,
            "book_valuer_per_share_4q_avg": 15.73,
            "equity": 1214011,
            "current_ratio": 404.66,
            "debt_ratio": 26.26,
            "inventory_turnover_ratio": 0.56,
            "account_receivable_turnover_ratio": 0.63,
            "reinvestment_rate": 5.61,
            "research_to_sale_ratio": 28.14,
            "price_fair": 69.07,
            "eps_avg_yearly": 1.97,
            "eps_latest_yearly": 5.4,
            "eps_growth_yearly": 978.27
        },
        "20142": {
            "year_quarter": 20142,
            "year": 2014,
            "quarter": 2,
            "eps": 0.06,
            "eps_growth_year": -70,
            "eps_4q": 1.19,
            "eps_4q_growth_year": null,
            "roe": 0.37,
            "roe_4q": 8.1,
            "gross_profit": 255078,
            "gross_margin": 75.62,
            "gross_margin_4q_avg": 76.43,
            "net_income": 4496,
            "net_income_4q": null,
            "revenue": 337329,
            "revenue_4q": null,
            "common_shares": 771696,
            "book_valuer_per_share": 15.82,
            "book_valuer_per_share_4q_avg": 15.83,
            "equity": 1199057,
            "current_ratio": 390.38,
            "debt_ratio": 27.54,
            "inventory_turnover_ratio": 0.66,
            "account_receivable_turnover_ratio": 0.84,
            "reinvestment_rate": 6.46,
            "research_to_sale_ratio": 23.2,
            "price_fair": 75.95,
            "eps_avg_yearly": 2.17,
            "eps_latest_yearly": 5.4,
            "eps_growth_yearly": 1088.05
        },
        "20143": {
            "year_quarter": 20143,
            "year": 2014,
            "quarter": 3,
            "eps": -0.32,
            "eps_growth_year": -300,
            "eps_4q": 0.71,
            "eps_4q_growth_year": null,
            "roe": -2.04,
            "roe_4q": 4.989999999999999,
            "gross_profit": 234935,
            "gross_margin": 78.19,
            "gross_margin_4q_avg": 76.69,
            "net_income": -24774,
            "net_income_4q": null,
            "revenue": 300468,
            "revenue_4q": null,
            "common_shares": 772468,
            "book_valuer_per_share": 16.01,
            "book_valuer_per_share_4q_avg": 15.99,
            "equity": 1229784,
            "current_ratio": 426.4,
            "debt_ratio": 25.88,
            "inventory_turnover_ratio": 0.51,
            "account_receivable_turnover_ratio": 0.81,
            "reinvestment_rate": 8202.52,
            "research_to_sale_ratio": 26.76,
            "price_fair": 72.6,
            "eps_avg_yearly": 2.07,
            "eps_latest_yearly": 5.4,
            "eps_growth_yearly": 894.91
        },
        "20144": {
            "year_quarter": 20144,
            "year": 2014,
            "quarter": 4,
            "eps": 0.79,
            "eps_growth_year": -41.61,
            "eps_4q": 0.17,
            "eps_4q_growth_year": -71.78,
            "roe": 4.71,
            "roe_4q": 0.8300000000000001,
            "gross_profit": 259867,
            "gross_margin": 74.16,
            "gross_margin_4q_avg": 76.22,
            "net_income": 59772,
            "net_income_4q": null,
            "revenue": 350416,
            "revenue_4q": null,
            "common_shares": 772893,
            "book_valuer_per_share": 17.29,
            "book_valuer_per_share_4q_avg": 16.29,
            "equity": 1309359,
            "current_ratio": 388.01,
            "debt_ratio": 28.5,
            "inventory_turnover_ratio": 0.72,
            "account_receivable_turnover_ratio": 0.98,
            "reinvestment_rate": 44.35,
            "research_to_sale_ratio": 20.45,
            "price_fair": 70.93,
            "eps_avg_yearly": 2.03,
            "eps_latest_yearly": 5.4,
            "eps_growth_yearly": 1055.33
        },
        "20151": {
            "year_quarter": 20151,
            "year": 2015,
            "quarter": 1,
            "eps": -1.41,
            "eps_growth_year": null,
            "eps_4q": -0.91,
            "eps_4q_growth_year": -169.03,
            "roe": -8.71,
            "roe_4q": -5.670000000000001,
            "gross_profit": 145276,
            "gross_margin": 70.24,
            "gross_margin_4q_avg": 74.55,
            "net_income": -109008,
            "net_income_4q": null,
            "revenue": 206819,
            "revenue_4q": null,
            "common_shares": 775933,
            "book_valuer_per_share": 15.63,
            "book_valuer_per_share_4q_avg": 16.19,
            "equity": 1193171,
            "current_ratio": 407.46,
            "debt_ratio": 28.07,
            "inventory_turnover_ratio": 0.52,
            "account_receivable_turnover_ratio": 0.62,
            "reinvestment_rate": null,
            "research_to_sale_ratio": 46.58,
            "price_fair": 84.28,
            "eps_avg_yearly": 2.41,
            "eps_latest_yearly": 5.4,
            "eps_growth_yearly": 1342.33
        },
        "20152": {
            "year_quarter": 20152,
            "year": 2015,
            "quarter": 2,
            "eps": 2.47,
            "eps_growth_year": 4016.67,
            "eps_4q": 1.52,
            "eps_4q_growth_year": 27.05,
            "roe": 15.01,
            "roe_4q": 8.969999999999999,
            "gross_profit": 177996,
            "gross_margin": 80.62,
            "gross_margin_4q_avg": 75.8,
            "net_income": 189794,
            "net_income_4q": null,
            "revenue": 220786,
            "revenue_4q": null,
            "common_shares": 776233,
            "book_valuer_per_share": 17.48,
            "book_valuer_per_share_4q_avg": 16.6,
            "equity": 1335170,
            "current_ratio": 487.39,
            "debt_ratio": 23.6,
            "inventory_turnover_ratio": 0.41,
            "account_receivable_turnover_ratio": 0.66,
            "reinvestment_rate": -12.1,
            "research_to_sale_ratio": 31.08,
            "price_fair": 102.55,
            "eps_avg_yearly": 2.93,
            "eps_latest_yearly": 5.4,
            "eps_growth_yearly": 1511.25
        },
        "20153": {
            "year_quarter": 20153,
            "year": 2015,
            "quarter": 3,
            "eps": -0.55,
            "eps_growth_year": null,
            "eps_4q": 1.28,
            "eps_4q_growth_year": 80.92,
            "roe": -3.2,
            "roe_4q": 7.809999999999998,
            "gross_profit": 135086,
            "gross_margin": 69.27,
            "gross_margin_4q_avg": 73.57,
            "net_income": -42980,
            "net_income_4q": null,
            "revenue": 195008,
            "revenue_4q": null,
            "common_shares": 777483,
            "book_valuer_per_share": 17.71,
            "book_valuer_per_share_4q_avg": 17.03,
            "equity": 1354697,
            "current_ratio": 526.2,
            "debt_ratio": 22.46,
            "inventory_turnover_ratio": 0.69,
            "account_receivable_turnover_ratio": 0.57,
            "reinvestment_rate": -33.16,
            "research_to_sale_ratio": 35.67,
            "price_fair": 129.27,
            "eps_avg_yearly": 3.69,
            "eps_latest_yearly": 5.4,
            "eps_growth_yearly": 1881.67
        },
        "20154": {
            "year_quarter": 20154,
            "year": 2015,
            "quarter": 4,
            "eps": 0.13,
            "eps_growth_year": -83.25,
            "eps_4q": 0.63,
            "eps_4q_growth_year": 271.72,
            "roe": 0.75,
            "roe_4q": 3.849999999999998,
            "gross_profit": 174917,
            "gross_margin": 69.72,
            "gross_margin_4q_avg": 72.46,
            "net_income": 10116,
            "net_income_4q": null,
            "revenue": 250898,
            "revenue_4q": null,
            "common_shares": 778043,
            "book_valuer_per_share": 17.57,
            "book_valuer_per_share_4q_avg": 17.1,
            "equity": 1344690,
            "current_ratio": 517.32,
            "debt_ratio": 23.16,
            "inventory_turnover_ratio": 1.03,
            "account_receivable_turnover_ratio": 0.89,
            "reinvestment_rate": null,
            "research_to_sale_ratio": 27.86,
            "price_fair": 105.7,
            "eps_avg_yearly": 3.02,
            "eps_latest_yearly": 5.4,
            "eps_growth_yearly": 1447.5
        },
        "20161": {
            "year_quarter": 20161,
            "year": 2016,
            "quarter": 1,
            "eps": -0.63,
            "eps_growth_year": null,
            "eps_4q": 1.41,
            "eps_4q_growth_year": null,
            "roe": -3.74,
            "roe_4q": 8.82,
            "gross_profit": 147396,
            "gross_margin": 71.39,
            "gross_margin_4q_avg": 72.75,
            "net_income": -49038,
            "net_income_4q": null,
            "revenue": 206459,
            "revenue_4q": null,
            "common_shares": 779093,
            "book_valuer_per_share": 16.67,
            "book_valuer_per_share_4q_avg": 17.36,
            "equity": 1277549,
            "current_ratio": 567.91,
            "debt_ratio": 21.58,
            "inventory_turnover_ratio": 0.85,
            "account_receivable_turnover_ratio": 0.87,
            "reinvestment_rate": null,
            "research_to_sale_ratio": 36.34,
            "price_fair": 105.7,
            "eps_avg_yearly": 3.02,
            "eps_latest_yearly": 5.4,
            "eps_growth_yearly": 1447.5
        },
        "20162": {
            "year_quarter": 20162,
            "year": 2016,
            "quarter": 2,
            "eps": -0.44,
            "eps_growth_year": -117.81,
            "eps_4q": -1.66,
            "eps_4q_growth_year": -209.38,
            "roe": -2.87,
            "roe_4q": -9.06,
            "gross_profit": 152814,
            "gross_margin": 75.26,
            "gross_margin_4q_avg": 71.41,
            "net_income": -34438,
            "net_income_4q": null,
            "revenue": 203052,
            "revenue_4q": null,
            "common_shares": 746593,
            "book_valuer_per_share": 15.95,
            "book_valuer_per_share_4q_avg": 16.98,
            "equity": 1119232,
            "current_ratio": 449.92,
            "debt_ratio": 25.88,
            "inventory_turnover_ratio": 0.64,
            "account_receivable_turnover_ratio": 0.96,
            "reinvestment_rate": null,
            "research_to_sale_ratio": 34.96,
            "price_fair": 105.7,
            "eps_avg_yearly": 3.02,
            "eps_latest_yearly": 5.4,
            "eps_growth_yearly": 1447.5
        },
        "20163": {
            "year_quarter": 20163,
            "year": 2016,
            "quarter": 3,
            "eps": -0.27,
            "eps_growth_year": null,
            "eps_4q": -1.32,
            "eps_4q_growth_year": -203.45,
            "roe": -1.77,
            "roe_4q": -7.630000000000001,
            "gross_profit": 158825,
            "gross_margin": 72.84,
            "gross_margin_4q_avg": 72.3,
            "net_income": -19321,
            "net_income_4q": null,
            "revenue": 218041,
            "revenue_4q": null,
            "common_shares": 747345,
            "book_valuer_per_share": 15.17,
            "book_valuer_per_share_4q_avg": 16.34,
            "equity": 1065122,
            "current_ratio": 451.97,
            "debt_ratio": 26,
            "inventory_turnover_ratio": 0.73,
            "account_receivable_turnover_ratio": 0.96,
            "reinvestment_rate": null,
            "research_to_sale_ratio": 29.03,
            "price_fair": 105.7,
            "eps_avg_yearly": 3.02,
            "eps_latest_yearly": 5.4,
            "eps_growth_yearly": 1447.5
        },
        "20164": {
            "year_quarter": 20164,
            "year": 2016,
            "quarter": 4,
            "eps": 0.48,
            "eps_growth_year": 262.89,
            "eps_4q": -0.98,
            "eps_4q_growth_year": -257.21,
            "roe": 3.11,
            "roe_4q": -5.2700000000000005,
            "gross_profit": -37727,
            "gross_margin": 43.69,
            "gross_margin_4q_avg": 65.8,
            "net_income": 33679,
            "net_income_4q": null,
            "revenue": -86358,
            "revenue_4q": null,
            "common_shares": 747345,
            "book_valuer_per_share": 15.67,
            "book_valuer_per_share_4q_avg": 15.87,
            "equity": 1100285,
            "current_ratio": 432.52,
            "debt_ratio": 26.04,
            "inventory_turnover_ratio": -0.66,
            "account_receivable_turnover_ratio": -0.51,
            "reinvestment_rate": -107.35,
            "research_to_sale_ratio": 165.8,
            "price_fair": 105.7,
            "eps_avg_yearly": 3.02,
            "eps_latest_yearly": 5.4,
            "eps_growth_yearly": 1447.5
        },
        "20171": {
            "year_quarter": 20171,
            "year": 2017,
            "quarter": 1,
            "eps": -0.55,
            "eps_growth_year": null,
            "eps_4q": -0.88,
            "eps_4q_growth_year": -162.18,
            "roe": -3.94,
            "roe_4q": -5.470000000000001,
            "gross_profit": 94176,
            "gross_margin": 73.18,
            "gross_margin_4q_avg": 66.24,
            "net_income": -41406,
            "net_income_4q": null,
            "revenue": 128690,
            "revenue_4q": null,
            "common_shares": 747545,
            "book_valuer_per_share": 14.23,
            "book_valuer_per_share_4q_avg": 15.26,
            "equity": 999920,
            "current_ratio": 497.82,
            "debt_ratio": 23.96,
            "inventory_turnover_ratio": 0.53,
            "account_receivable_turnover_ratio": 1.07,
            "reinvestment_rate": -51.92,
            "research_to_sale_ratio": 9.29,
            "price_fair": 105.7,
            "eps_avg_yearly": 3.02,
            "eps_latest_yearly": 5.4,
            "eps_growth_yearly": 1447.5
        },
        "20172": {
            "year_quarter": 20172,
            "year": 2017,
            "quarter": 2,
            "eps": -0.86,
            "eps_growth_year": null,
            "eps_4q": -1.3,
            "eps_4q_growth_year": null,
            "roe": -6.65,
            "roe_4q": -9.25,
            "gross_profit": 76512,
            "gross_margin": 77.75,
            "gross_margin_4q_avg": 66.87,
            "net_income": -64667,
            "net_income_4q": null,
            "revenue": 98409,
            "revenue_4q": null,
            "common_shares": 748945,
            "book_valuer_per_share": 13.41,
            "book_valuer_per_share_4q_avg": 14.62,
            "equity": 944490,
            "current_ratio": 417.5,
            "debt_ratio": 27.64,
            "inventory_turnover_ratio": 0.37,
            "account_receivable_turnover_ratio": 0.89,
            "reinvestment_rate": null,
            "research_to_sale_ratio": 14.67,
            "price_fair": 105.7,
            "eps_avg_yearly": 3.02,
            "eps_latest_yearly": 5.4,
            "eps_growth_yearly": 1447.5
        },
        "20173": {
            "year_quarter": 20173,
            "year": 2017,
            "quarter": 3,
            "eps": 0.07,
            "eps_growth_year": null,
            "eps_4q": -1.44,
            "eps_4q_growth_year": null,
            "roe": 0.03,
            "roe_4q": -7.450000000000001,
            "gross_profit": 102202,
            "gross_margin": 60.57,
            "gross_margin_4q_avg": 63.8,
            "net_income": 230,
            "net_income_4q": null,
            "revenue": 168740,
            "revenue_4q": null,
            "common_shares": 533746,
            "book_valuer_per_share": 15.3,
            "book_valuer_per_share_4q_avg": 14.65,
            "equity": 769424,
            "current_ratio": 263.92,
            "debt_ratio": 39.19,
            "inventory_turnover_ratio": 1.19,
            "account_receivable_turnover_ratio": 1.33,
            "reinvestment_rate": null,
            "research_to_sale_ratio": 13.62,
            "price_fair": 189,
            "eps_avg_yearly": 5.4,
            "eps_latest_yearly": 5.4,
            "eps_growth_yearly": 2975
        },
        "20174": {
            "year_quarter": 20174,
            "year": 2017,
            "quarter": 4,
            "eps": 0.43,
            "eps_growth_year": -9.92,
            "eps_4q": -1.64,
            "eps_4q_growth_year": null,
            "roe": 2.82,
            "roe_4q": -7.74,
            "gross_profit": 135129,
            "gross_margin": 66.62,
            "gross_margin_4q_avg": 69.53,
            "net_income": 22027,
            "net_income_4q": null,
            "revenue": 202830,
            "revenue_4q": null,
            "common_shares": 525224,
            "book_valuer_per_share": 15.53,
            "book_valuer_per_share_4q_avg": 14.62,
            "equity": 791902,
            "current_ratio": 481.74,
            "debt_ratio": 24.99,
            "inventory_turnover_ratio": 1.15,
            "account_receivable_turnover_ratio": 1.03,
            "reinvestment_rate": null,
            "research_to_sale_ratio": 19.17,
            "price_fair": 60.2,
            "eps_avg_yearly": 1.72,
            "eps_latest_yearly": 1.72,
            "eps_growth_yearly": 2057.14
        },
        "20181": {
            "year_quarter": 20181,
            "year": 2018,
            "quarter": 1,
            "eps": -0.43,
            "eps_growth_year": null,
            "eps_4q": -1.26,
            "eps_4q_growth_year": null,
            "roe": -2.83,
            "roe_4q": -6.630000000000001,
            "gross_profit": 66674,
            "gross_margin": 67.87,
            "gross_margin_4q_avg": 68.2,
            "net_income": -21967,
            "net_income_4q": null,
            "revenue": 98237,
            "revenue_4q": null,
            "common_shares": 525224,
            "book_valuer_per_share": 14.88,
            "book_valuer_per_share_4q_avg": 14.78,
            "equity": 760272,
            "current_ratio": 557.57,
            "debt_ratio": 22.38,
            "inventory_turnover_ratio": 0.47,
            "account_receivable_turnover_ratio": 0.46,
            "reinvestment_rate": null,
            "research_to_sale_ratio": 12.11,
            "price_fair": 60.2,
            "eps_avg_yearly": 1.72,
            "eps_latest_yearly": 1.72,
            "eps_growth_yearly": 2057.14
        },
        "20182": {
            "year_quarter": 20182,
            "year": 2018,
            "quarter": 2,
            "eps": -0.73,
            "eps_growth_year": null,
            "eps_4q": -0.72,
            "eps_4q_growth_year": null,
            "roe": -4.89,
            "roe_4q": -4.87,
            "gross_profit": 65999,
            "gross_margin": 67.3,
            "gross_margin_4q_avg": 65.59,
            "net_income": -37067,
            "net_income_4q": null,
            "revenue": 98069,
            "revenue_4q": null,
            "common_shares": 525224,
            "book_valuer_per_share": 14.81,
            "book_valuer_per_share_4q_avg": 15.13,
            "equity": 756719,
            "current_ratio": 431.45,
            "debt_ratio": 26.54,
            "inventory_turnover_ratio": 0.46,
            "account_receivable_turnover_ratio": 0.54,
            "reinvestment_rate": null,
            "research_to_sale_ratio": 12.29,
            "price_fair": 60.2,
            "eps_avg_yearly": 1.72,
            "eps_latest_yearly": 1.72,
            "eps_growth_yearly": 2057.14
        },
        "20183": {
            "year_quarter": 20183,
            "year": 2018,
            "quarter": 3,
            "eps": 0.01,
            "eps_growth_year": -85.71,
            "eps_4q": -0.72,
            "eps_4q_growth_year": null,
            "roe": 0.02,
            "roe_4q": -4.880000000000001,
            "gross_profit": 95974,
            "gross_margin": 72.63,
            "gross_margin_4q_avg": 68.61,
            "net_income": 158,
            "net_income_4q": null,
            "revenue": 132149,
            "revenue_4q": null,
            "common_shares": 525224,
            "book_valuer_per_share": 14.85,
            "book_valuer_per_share_4q_avg": 15.02,
            "equity": 758554,
            "current_ratio": 441.74,
            "debt_ratio": 26.58,
            "inventory_turnover_ratio": 0.56,
            "account_receivable_turnover_ratio": 0.72,
            "reinvestment_rate": null,
            "research_to_sale_ratio": 10.24,
            "price_fair": 60.2,
            "eps_avg_yearly": 1.72,
            "eps_latest_yearly": 1.72,
            "eps_growth_yearly": 2057.14
        },
        "20184": {
            "year_quarter": 20184,
            "year": 2018,
            "quarter": 4,
            "eps": 0.38,
            "eps_growth_year": -13.04,
            "eps_4q": -0.78,
            "eps_4q_growth_year": null,
            "roe": 2.49,
            "roe_4q": -5.209999999999999,
            "gross_profit": 130468,
            "gross_margin": 66.56,
            "gross_margin_4q_avg": 68.59,
            "net_income": 19197,
            "net_income_4q": null,
            "revenue": 196004,
            "revenue_4q": null,
            "common_shares": 525224,
            "book_valuer_per_share": 15.36,
            "book_valuer_per_share_4q_avg": 14.98,
            "equity": 784888,
            "current_ratio": 425.3,
            "debt_ratio": 27.62,
            "inventory_turnover_ratio": 1.31,
            "account_receivable_turnover_ratio": 0.78,
            "reinvestment_rate": null,
            "research_to_sale_ratio": 7.78,
            "price_fair": 56.7,
            "eps_avg_yearly": 1.62,
            "eps_latest_yearly": 1.52,
            "eps_growth_yearly": 8428.57
        },
        "20191": {
            "year_quarter": 20191,
            "year": 2019,
            "quarter": 1,
            "eps": -0.77,
            "eps_growth_year": null,
            "eps_4q": -1.11,
            "eps_4q_growth_year": null,
            "roe": -5.1,
            "roe_4q": -7.479999999999999,
            "gross_profit": 72966,
            "gross_margin": 69.18,
            "gross_margin_4q_avg": 68.92,
            "net_income": -39135,
            "net_income_4q": null,
            "revenue": 105471,
            "revenue_4q": null,
            "common_shares": 525224,
            "book_valuer_per_share": 14.67,
            "book_valuer_per_share_4q_avg": 14.92,
            "equity": 749475,
            "current_ratio": 427.13,
            "debt_ratio": 31.97,
            "inventory_turnover_ratio": 0.73,
            "account_receivable_turnover_ratio": 0.36,
            "reinvestment_rate": null,
            "research_to_sale_ratio": 20.51,
            "price_fair": 56.7,
            "eps_avg_yearly": 1.62,
            "eps_latest_yearly": 1.52,
            "eps_growth_yearly": 8428.57
        },
        "20192": {
            "year_quarter": 20192,
            "year": 2019,
            "quarter": 2,
            "eps": -1.06,
            "eps_growth_year": null,
            "eps_4q": -1.47,
            "eps_4q_growth_year": null,
            "roe": -7.51,
            "roe_4q": -10.1,
            "gross_profit": 71853,
            "gross_margin": 63.4,
            "gross_margin_4q_avg": 67.94,
            "net_income": -54223,
            "net_income_4q": null,
            "revenue": 113337,
            "revenue_4q": null,
            "common_shares": 510983,
            "book_valuer_per_share": 13.79,
            "book_valuer_per_share_4q_avg": 14.67,
            "equity": 694497,
            "current_ratio": 417.02,
            "debt_ratio": 32.36,
            "inventory_turnover_ratio": 0.78,
            "account_receivable_turnover_ratio": 0.46,
            "reinvestment_rate": null,
            "research_to_sale_ratio": 18.33,
            "price_fair": 56.7,
            "eps_avg_yearly": 1.62,
            "eps_latest_yearly": 1.52,
            "eps_growth_yearly": 8428.57
        },
        "20193": {
            "year_quarter": 20193,
            "year": 2019,
            "quarter": 3,
            "eps": -0.61,
            "eps_growth_year": -6200,
            "eps_4q": -2.12,
            "eps_4q_growth_year": null,
            "roe": -4.49,
            "roe_4q": -14.610000000000001,
            "gross_profit": 84778,
            "gross_margin": 68.06,
            "gross_margin_4q_avg": 66.8,
            "net_income": -30250,
            "net_income_4q": null,
            "revenue": 124572,
            "revenue_4q": null,
            "common_shares": 510983,
            "book_valuer_per_share": 13.24,
            "book_valuer_per_share_4q_avg": 14.27,
            "equity": 652292,
            "current_ratio": 356.11,
            "debt_ratio": 39.2,
            "inventory_turnover_ratio": 0.74,
            "account_receivable_turnover_ratio": 0.46,
            "reinvestment_rate": null,
            "research_to_sale_ratio": 16.88,
            "price_fair": 56.7,
            "eps_avg_yearly": 1.62,
            "eps_latest_yearly": 1.52,
            "eps_growth_yearly": 8428.57
        },
        "20194": {
            "year_quarter": 20194,
            "year": 2019,
            "quarter": 4,
            "eps": 0.03,
            "eps_growth_year": -92.78,
            "eps_4q": -2.49,
            "eps_4q_growth_year": null,
            "roe": 0.21,
            "roe_4q": -16.89,
            "gross_profit": 132348,
            "gross_margin": 68.68,
            "gross_margin_4q_avg": 67.33,
            "net_income": 1335,
            "net_income_4q": null,
            "revenue": 192702,
            "revenue_4q": null,
            "common_shares": 510983,
            "book_valuer_per_share": 13,
            "book_valuer_per_share_4q_avg": 13.68,
            "equity": 639279,
            "current_ratio": 353.96,
            "debt_ratio": 41.24,
            "inventory_turnover_ratio": 1.3,
            "account_receivable_turnover_ratio": 0.58,
            "reinvestment_rate": null,
            "research_to_sale_ratio": 14.74,
            "price_fair": 56.7,
            "eps_avg_yearly": 1.62,
            "eps_latest_yearly": 1.52,
            "eps_growth_yearly": 8428.57
        },
        "20201": {
            "year_quarter": 20201,
            "year": 2020,
            "quarter": 1,
            "eps": -0.96,
            "eps_growth_year": null,
            "eps_4q": -2.65,
            "eps_4q_growth_year": null,
            "roe": -7.63,
            "roe_4q": -19.42,
            "gross_profit": 74284,
            "gross_margin": 71.94,
            "gross_margin_4q_avg": 68.02,
            "net_income": -47201,
            "net_income_4q": null,
            "revenue": 103263,
            "revenue_4q": null,
            "common_shares": 510983,
            "book_valuer_per_share": 12.15,
            "book_valuer_per_share_4q_avg": 13.05,
            "equity": 597798,
            "current_ratio": 330.93,
            "debt_ratio": 41.51,
            "inventory_turnover_ratio": 0.6,
            "account_receivable_turnover_ratio": 0.35,
            "reinvestment_rate": null,
            "research_to_sale_ratio": 25.76,
            "price_fair": 56.7,
            "eps_avg_yearly": 1.62,
            "eps_latest_yearly": 1.52,
            "eps_growth_yearly": 8428.57
        },
        "20202": {
            "year_quarter": 20202,
            "year": 2020,
            "quarter": 2,
            "eps": -0.64,
            "eps_growth_year": null,
            "eps_4q": -2.19,
            "eps_4q_growth_year": null,
            "roe": -5.49,
            "roe_4q": -17.4,
            "gross_profit": 78329,
            "gross_margin": 73.9,
            "gross_margin_4q_avg": 70.65,
            "net_income": -31651,
            "net_income_4q": null,
            "revenue": 105996,
            "revenue_4q": null,
            "common_shares": 510983,
            "book_valuer_per_share": 11.29,
            "book_valuer_per_share_4q_avg": 12.42,
            "equity": 555580,
            "current_ratio": 324.08,
            "debt_ratio": 44.54,
            "inventory_turnover_ratio": 0.54,
            "account_receivable_turnover_ratio": 0.49,
            "reinvestment_rate": null,
            "research_to_sale_ratio": 24.87,
            "price_fair": 56.7,
            "eps_avg_yearly": 1.62,
            "eps_latest_yearly": 1.52,
            "eps_growth_yearly": 8428.57
        },
        "20203": {
            "year_quarter": 20203,
            "year": 2020,
            "quarter": 3,
            "eps": -0.4,
            "eps_growth_year": null,
            "eps_4q": -1.98,
            "eps_4q_growth_year": null,
            "roe": -3.63,
            "roe_4q": -16.54,
            "gross_profit": 91393,
            "gross_margin": 73.59,
            "gross_margin_4q_avg": 72.03,
            "net_income": -19656,
            "net_income_4q": null,
            "revenue": 124199,
            "revenue_4q": null,
            "common_shares": 510983,
            "book_valuer_per_share": 10.71,
            "book_valuer_per_share_4q_avg": 11.79,
            "equity": 527065,
            "current_ratio": 313.52,
            "debt_ratio": 44.81,
            "inventory_turnover_ratio": 0.69,
            "account_receivable_turnover_ratio": 0.67,
            "reinvestment_rate": null,
            "research_to_sale_ratio": 19.66,
            "price_fair": 56.7,
            "eps_avg_yearly": 1.62,
            "eps_latest_yearly": 1.52,
            "eps_growth_yearly": 8428.57
        },
        "20204": {
            "year_quarter": 20204,
            "year": 2020,
            "quarter": 4,
            "eps": -0.1,
            "eps_growth_year": -454.39,
            "eps_4q": -2.1,
            "eps_4q_growth_year": null,
            "roe": -0.91,
            "roe_4q": -17.66,
            "gross_profit": 124223,
            "gross_margin": 71.79,
            "gross_margin_4q_avg": 72.81,
            "net_income": -4731,
            "net_income_4q": null,
            "revenue": 173046,
            "revenue_4q": null,
            "common_shares": 510983,
            "book_valuer_per_share": 10.39,
            "book_valuer_per_share_4q_avg": 11.14,
            "equity": 511198,
            "current_ratio": 329.35,
            "debt_ratio": 45.9,
            "inventory_turnover_ratio": 1.07,
            "account_receivable_turnover_ratio": 0.78,
            "reinvestment_rate": null,
            "research_to_sale_ratio": 14.6,
            "price_fair": 56.7,
            "eps_avg_yearly": 1.62,
            "eps_latest_yearly": 1.52,
            "eps_growth_yearly": 8428.57
        },
        "20211": {
            "year_quarter": 20211,
            "year": 2021,
            "quarter": 1,
            "eps": -0.71,
            "eps_growth_year": null,
            "eps_4q": -1.85,
            "eps_4q_growth_year": null,
            "roe": -7.11,
            "roe_4q": -17.14,
            "gross_profit": 92101,
            "gross_margin": 79.31,
            "gross_margin_4q_avg": 74.65,
            "net_income": -35099,
            "net_income_4q": null,
            "revenue": 116130,
            "revenue_4q": null,
            "common_shares": 511112,
            "book_valuer_per_share": 9.68,
            "book_valuer_per_share_4q_avg": 10.52,
            "equity": 476143,
            "current_ratio": 312.54,
            "debt_ratio": 46,
            "inventory_turnover_ratio": 0.56,
            "account_receivable_turnover_ratio": 0.46,
            "reinvestment_rate": null,
            "research_to_sale_ratio": 25.63,
            "price_fair": 56.7,
            "eps_avg_yearly": 1.62,
            "eps_latest_yearly": 1.52,
            "eps_growth_yearly": 8428.57
        },
        "20212": {
            "year_quarter": 20212,
            "year": 2021,
            "quarter": 2,
            "eps": -0.46,
            "eps_growth_year": null,
            "eps_4q": -1.67,
            "eps_4q_growth_year": null,
            "roe": -4.94,
            "roe_4q": -16.59,
            "gross_profit": 54209,
            "gross_margin": 69.28,
            "gross_margin_4q_avg": 73.49,
            "net_income": -22601,
            "net_income_4q": null,
            "revenue": 78244,
            "revenue_4q": null,
            "common_shares": 511112,
            "book_valuer_per_share": 8.93,
            "book_valuer_per_share_4q_avg": 9.93,
            "equity": 439246,
            "current_ratio": 324.58,
            "debt_ratio": 42.38,
            "inventory_turnover_ratio": 0.62,
            "account_receivable_turnover_ratio": 0.4,
            "reinvestment_rate": null,
            "research_to_sale_ratio": 26.24,
            "price_fair": 56.7,
            "eps_avg_yearly": 1.62,
            "eps_latest_yearly": 1.52,
            "eps_growth_yearly": 8428.57
        },
        "20213": {
            "year_quarter": 20213,
            "year": 2021,
            "quarter": 3,
            "eps": -0.33,
            "eps_growth_year": null,
            "eps_4q": -1.6,
            "eps_4q_growth_year": null,
            "roe": -3.74,
            "roe_4q": -16.7,
            "gross_profit": 83334,
            "gross_margin": 77.41,
            "gross_margin_4q_avg": 74.45,
            "net_income": -16138,
            "net_income_4q": null,
            "revenue": 107646,
            "revenue_4q": null,
            "common_shares": 511112,
            "book_valuer_per_share": 8.59,
            "book_valuer_per_share_4q_avg": 9.4,
            "equity": 422738,
            "current_ratio": 309.81,
            "debt_ratio": 44.93,
            "inventory_turnover_ratio": 0.67,
            "account_receivable_turnover_ratio": 0.64,
            "reinvestment_rate": null,
            "research_to_sale_ratio": 21.72,
            "price_fair": 56.7,
            "eps_avg_yearly": 1.62,
            "eps_latest_yearly": 1.52,
            "eps_growth_yearly": 8428.57
        },
        "20214": {
            "year_quarter": 20214,
            "year": 2021,
            "quarter": 4,
            "eps": -0.44,
            "eps_growth_year": null,
            "eps_4q": -1.94,
            "eps_4q_growth_year": null,
            "roe": -5.31,
            "roe_4q": -21.1,
            "gross_profit": 92864,
            "gross_margin": 70.68,
            "gross_margin_4q_avg": 74.17,
            "net_income": -21808,
            "net_income_4q": null,
            "revenue": 131393,
            "revenue_4q": null,
            "common_shares": 511112,
            "book_valuer_per_share": 8.12,
            "book_valuer_per_share_4q_avg": 8.83,
            "equity": 399341,
            "current_ratio": 294.72,
            "debt_ratio": 48.94,
            "inventory_turnover_ratio": 1.12,
            "account_receivable_turnover_ratio": 0.62,
            "reinvestment_rate": null,
            "research_to_sale_ratio": 16.98,
            "price_fair": 53.2,
            "eps_avg_yearly": 1.52,
            "eps_latest_yearly": 1.52,
            "eps_growth_yearly": 14800
        },
        "20221": {
            "year_quarter": 20221,
            "year": 2022,
            "quarter": 1,
            "eps": -1.53,
            "eps_growth_year": null,
            "eps_4q": -2.76,
            "eps_4q_growth_year": null,
            "roe": -20.48,
            "roe_4q": -34.47,
            "gross_profit": 43145,
            "gross_margin": 64.41,
            "gross_margin_4q_avg": 70.45,
            "net_income": -75154,
            "net_income_4q": null,
            "revenue": 66989,
            "revenue_4q": null,
            "common_shares": 511112,
            "book_valuer_per_share": 6.8,
            "book_valuer_per_share_4q_avg": 8.11,
            "equity": 334701,
            "current_ratio": 269.72,
            "debt_ratio": 52.97,
            "inventory_turnover_ratio": 0.63,
            "account_receivable_turnover_ratio": 0.31,
            "reinvestment_rate": null,
            "research_to_sale_ratio": 36.1,
            "price_fair": 53.2,
            "eps_avg_yearly": 1.52,
            "eps_latest_yearly": 1.52,
            "eps_growth_yearly": 14800
        },
        "20222": {
            "year_quarter": 20222,
            "year": 2022,
            "quarter": 2,
            "eps": -0.14,
            "eps_growth_year": null,
            "eps_4q": -2.44,
            "eps_4q_growth_year": null,
            "roe": -2.03,
            "roe_4q": -31.560000000000002,
            "gross_profit": 99142,
            "gross_margin": 74.93,
            "gross_margin_4q_avg": 71.86,
            "net_income": -6840,
            "net_income_4q": null,
            "revenue": 132310,
            "revenue_4q": null,
            "common_shares": 511112,
            "book_valuer_per_share": 6.89,
            "book_valuer_per_share_4q_avg": 7.6,
            "equity": 338917,
            "current_ratio": 256.08,
            "debt_ratio": 53.78,
            "inventory_turnover_ratio": 0.77,
            "account_receivable_turnover_ratio": 0.54,
            "reinvestment_rate": null,
            "research_to_sale_ratio": 19.74,
            "price_fair": 53.2,
            "eps_avg_yearly": 1.52,
            "eps_latest_yearly": 1.52,
            "eps_growth_yearly": 14800
        },
        "20223": {
            "year_quarter": 20223,
            "year": 2022,
            "quarter": 3,
            "eps": -0.93,
            "eps_growth_year": null,
            "eps_4q": -3.04,
            "eps_4q_growth_year": null,
            "roe": -14.11,
            "roe_4q": -41.93000000000001,
            "gross_profit": 65072,
            "gross_margin": 75.1,
            "gross_margin_4q_avg": 71.28,
            "net_income": -45752,
            "net_income_4q": null,
            "revenue": 86648,
            "revenue_4q": null,
            "common_shares": 511112,
            "book_valuer_per_share": 6.29,
            "book_valuer_per_share_4q_avg": 7.03,
            "equity": 309588,
            "current_ratio": 218.31,
            "debt_ratio": 59.06,
            "inventory_turnover_ratio": 0.29,
            "account_receivable_turnover_ratio": 0.32,
            "reinvestment_rate": null,
            "research_to_sale_ratio": 32.39,
            "price_fair": 53.2,
            "eps_avg_yearly": 1.52,
            "eps_latest_yearly": 1.52,
            "eps_growth_yearly": 14800
        },
        "20224": {
            "year_quarter": 20224,
            "year": 2022,
            "quarter": 4,
            "eps": -1.05,
            "eps_growth_year": null,
            "eps_4q": -3.65,
            "eps_4q_growth_year": null,
            "roe": -18.58,
            "roe_4q": -55.2,
            "gross_profit": 91303,
            "gross_margin": 50.98,
            "gross_margin_4q_avg": 66.36,
            "net_income": -51815,
            "net_income_4q": null,
            "revenue": 179105,
            "revenue_4q": null,
            "common_shares": 511228,
            "book_valuer_per_share": 5.04,
            "book_valuer_per_share_4q_avg": 6.26,
            "equity": 248117,
            "current_ratio": 183.89,
            "debt_ratio": 65.72,
            "inventory_turnover_ratio": 1.07,
            "account_receivable_turnover_ratio": 0.56,
            "reinvestment_rate": null,
            "research_to_sale_ratio": 15.51,
            "price_fair": 0,
            "eps_avg_yearly": 0,
            "eps_latest_yearly": 0,
            "eps_growth_yearly": 0
        },
        "20231": {
            "year_quarter": 20231,
            "year": 2023,
            "quarter": 1,
            "eps": -0.65,
            "eps_growth_year": null,
            "eps_4q": -2.42,
            "eps_4q_growth_year": null,
            "roe": -11.57,
            "roe_4q": -46.29,
            "gross_profit": 67113,
            "gross_margin": 69.32,
            "gross_margin_4q_avg": 67.58,
            "net_income": -31868,
            "net_income_4q": null,
            "revenue": 96823,
            "revenue_4q": null,
            "common_shares": 581228,
            "book_valuer_per_share": 5.38,
            "book_valuer_per_share_4q_avg": 5.9,
            "equity": 302527,
            "current_ratio": 194.03,
            "debt_ratio": 62.14,
            "inventory_turnover_ratio": 0.38,
            "account_receivable_turnover_ratio": 0.27,
            "reinvestment_rate": null,
            "research_to_sale_ratio": 16.95,
            "price_fair": 0,
            "eps_avg_yearly": 0,
            "eps_latest_yearly": 0,
            "eps_growth_yearly": 0
        },
        "20232": {
            "year_quarter": 20232,
            "year": 2023,
            "quarter": 2,
            "eps": -0.05,
            "eps_growth_year": null,
            "eps_4q": -2.35,
            "eps_4q_growth_year": null,
            "roe": -1,
            "roe_4q": -45.26,
            "gross_profit": 116032,
            "gross_margin": 75.96,
            "gross_margin_4q_avg": 67.84,
            "net_income": -3050,
            "net_income_4q": null,
            "revenue": 152756,
            "revenue_4q": null,
            "common_shares": 583528,
            "book_valuer_per_share": 5.48,
            "book_valuer_per_share_4q_avg": 5.55,
            "equity": 309283,
            "current_ratio": 207.61,
            "debt_ratio": 59.76,
            "inventory_turnover_ratio": 0.41,
            "account_receivable_turnover_ratio": 0.48,
            "reinvestment_rate": null,
            "research_to_sale_ratio": 10.5,
            "price_fair": 0,
            "eps_avg_yearly": 0,
            "eps_latest_yearly": 0,
            "eps_growth_yearly": 0
        },
        "20233": {
            "year_quarter": 20233,
            "year": 2023,
            "quarter": 3,
            "eps": -0.56,
            "eps_growth_year": null,
            "eps_4q": -2.09,
            "eps_4q_growth_year": null,
            "roe": -10.53,
            "roe_4q": -41.68,
            "gross_profit": 57798,
            "gross_margin": 53.88,
            "gross_margin_4q_avg": 62.54,
            "net_income": -31413,
            "net_income_4q": null,
            "revenue": 107277,
            "revenue_4q": null,
            "common_shares": 584228,
            "book_valuer_per_share": 5.08,
            "book_valuer_per_share_4q_avg": 5.25,
            "equity": 287095,
            "current_ratio": 210.03,
            "debt_ratio": 59.68,
            "inventory_turnover_ratio": 0.57,
            "account_receivable_turnover_ratio": 0.37,
            "reinvestment_rate": null,
            "research_to_sale_ratio": 33.79,
            "price_fair": 0,
            "eps_avg_yearly": 0,
            "eps_latest_yearly": 0,
            "eps_growth_yearly": 0
        }
    },
    "months": {
        "2009-05": {
            "month": "2009-05",
            "price": "35.93",
            "revenue": 0
        },
        "2009-06": {
            "month": "2009-06",
            "price": "24.76",
            "revenue": 0
        },
        "2009-07": {
            "month": "2009-07",
            "price": "22.09",
            "revenue": 0
        },
        "2009-08": {
            "month": "2009-08",
            "price": "28.97",
            "revenue": 0
        },
        "2009-09": {
            "month": "2009-09",
            "price": "29.86",
            "revenue": 0
        },
        "2009-10": {
            "month": "2009-10",
            "price": "31.55",
            "revenue": 0
        },
        "2009-11": {
            "month": "2009-11",
            "price": "33.83",
            "revenue": 0
        },
        "2009-12": {
            "month": "2009-12",
            "price": "35.60",
            "revenue": 0
        },
        "2011-02": {
            "month": "2011-02",
            "price": "39.75",
            "revenue": 0
        },
        "2011-08": {
            "month": "2011-08",
            "price": "20.12",
            "revenue": 53804
        },
        "2011-09": {
            "month": "2011-09",
            "price": "20.26",
            "revenue": 137264
        },
        "2011-10": {
            "month": "2011-10",
            "price": "19.18",
            "revenue": 54746
        },
        "2011-11": {
            "month": "2011-11",
            "price": "16.63",
            "revenue": 72701
        },
        "2011-12": {
            "month": "2011-12",
            "price": "16.01",
            "revenue": 237895
        },
        "2012-01": {
            "month": "2012-01",
            "price": "19.43",
            "revenue": 42299
        },
        "2012-02": {
            "month": "2012-02",
            "price": "22.68",
            "revenue": 44628
        },
        "2012-03": {
            "month": "2012-03",
            "price": "27.13",
            "revenue": 67683
        },
        "2012-04": {
            "month": "2012-04",
            "price": "23.48",
            "revenue": 51763
        },
        "2012-05": {
            "month": "2012-05",
            "price": "18.10",
            "revenue": 42798
        },
        "2012-06": {
            "month": "2012-06",
            "price": "16.89",
            "revenue": 169078
        },
        "2012-07": {
            "month": "2012-07",
            "price": "16.85",
            "revenue": 58971
        },
        "2012-08": {
            "month": "2012-08",
            "price": "17.18",
            "revenue": 60162
        },
        "2012-09": {
            "month": "2012-09",
            "price": "16.46",
            "revenue": 83016
        },
        "2012-10": {
            "month": "2012-10",
            "price": "14.07",
            "revenue": 66260
        },
        "2012-11": {
            "month": "2012-11",
            "price": "11.90",
            "revenue": 66611
        },
        "2012-12": {
            "month": "2012-12",
            "price": "12.18",
            "revenue": 155440
        },
        "2013-01": {
            "month": "2013-01",
            "price": "12.58",
            "revenue": 35560
        },
        "2013-02": {
            "month": "2013-02",
            "price": "11.96",
            "revenue": 43158
        },
        "2013-03": {
            "month": "2013-03",
            "price": "11.41",
            "revenue": 120513
        },
        "2013-04": {
            "month": "2013-04",
            "price": "11.12",
            "revenue": 73691
        },
        "2013-05": {
            "month": "2013-05",
            "price": "11.71",
            "revenue": 83709
        },
        "2013-06": {
            "month": "2013-06",
            "price": "11.21",
            "revenue": 141055
        },
        "2013-07": {
            "month": "2013-07",
            "price": "11.21",
            "revenue": 76660
        },
        "2013-08": {
            "month": "2013-08",
            "price": "14.96",
            "revenue": 66811
        },
        "2013-09": {
            "month": "2013-09",
            "price": "18.58",
            "revenue": 148856
        },
        "2013-10": {
            "month": "2013-10",
            "price": "24.13",
            "revenue": 75787
        },
        "2013-11": {
            "month": "2013-11",
            "price": "23.00",
            "revenue": 110534
        },
        "2013-12": {
            "month": "2013-12",
            "price": "26.63",
            "revenue": 215553
        },
        "2014-01": {
            "month": "2014-01",
            "price": "27.94",
            "revenue": 79711
        },
        "2014-02": {
            "month": "2014-02",
            "price": "29.00",
            "revenue": 69613
        },
        "2014-03": {
            "month": "2014-03",
            "price": "46.02",
            "revenue": 119019
        },
        "2014-04": {
            "month": "2014-04",
            "price": "46.00",
            "revenue": 82841
        },
        "2014-05": {
            "month": "2014-05",
            "price": "40.00",
            "revenue": 113497
        },
        "2014-06": {
            "month": "2014-06",
            "price": "48.21",
            "revenue": 141055
        },
        "2014-07": {
            "month": "2014-07",
            "price": "45.47",
            "revenue": 121523
        },
        "2014-08": {
            "month": "2014-08",
            "price": "39.93",
            "revenue": 101215
        },
        "2014-09": {
            "month": "2014-09",
            "price": "40.34",
            "revenue": 78060
        },
        "2014-10": {
            "month": "2014-10",
            "price": "29.39",
            "revenue": 85553
        },
        "2014-11": {
            "month": "2014-11",
            "price": "26.33",
            "revenue": 79333
        },
        "2014-12": {
            "month": "2014-12",
            "price": "27.82",
            "revenue": 185441
        },
        "2015-01": {
            "month": "2015-01",
            "price": "30.83",
            "revenue": 70377
        },
        "2015-02": {
            "month": "2015-02",
            "price": "27.57",
            "revenue": 50836
        },
        "2015-03": {
            "month": "2015-03",
            "price": "27.38",
            "revenue": 85420
        },
        "2015-04": {
            "month": "2015-04",
            "price": "24.35",
            "revenue": 61209
        },
        "2015-05": {
            "month": "2015-05",
            "price": "18.14",
            "revenue": 60939
        },
        "2015-06": {
            "month": "2015-06",
            "price": "15.19",
            "revenue": 242482
        },
        "2015-07": {
            "month": "2015-07",
            "price": "17.23",
            "revenue": 34959
        },
        "2015-08": {
            "month": "2015-08",
            "price": "14.69",
            "revenue": 66649
        },
        "2015-09": {
            "month": "2015-09",
            "price": "15.28",
            "revenue": 92241
        },
        "2015-10": {
            "month": "2015-10",
            "price": "16.91",
            "revenue": 45986
        },
        "2015-11": {
            "month": "2015-11",
            "price": "15.84",
            "revenue": 65714
        },
        "2015-12": {
            "month": "2015-12",
            "price": "14.77",
            "revenue": 138439
        },
        "2016-01": {
            "month": "2016-01",
            "price": "13.65",
            "revenue": 54334
        },
        "2016-02": {
            "month": "2016-02",
            "price": "13.77",
            "revenue": 52054
        },
        "2016-03": {
            "month": "2016-03",
            "price": "14.79",
            "revenue": 100124
        },
        "2016-04": {
            "month": "2016-04",
            "price": "16.90",
            "revenue": 42317
        },
        "2016-05": {
            "month": "2016-05",
            "price": "16.92",
            "revenue": 54040
        },
        "2016-06": {
            "month": "2016-06",
            "price": "16.24",
            "revenue": 106336
        },
        "2016-07": {
            "month": "2016-07",
            "price": "15.76",
            "revenue": 53264
        },
        "2016-08": {
            "month": "2016-08",
            "price": "15.65",
            "revenue": 78010
        },
        "2016-09": {
            "month": "2016-09",
            "price": "16.61",
            "revenue": 86677
        },
        "2016-10": {
            "month": "2016-10",
            "price": "15.52",
            "revenue": 52105
        },
        "2016-11": {
            "month": "2016-11",
            "price": "15.74",
            "revenue": 75675
        },
        "2016-12": {
            "month": "2016-12",
            "price": "16.19",
            "revenue": 109958
        },
        "2017-01": {
            "month": "2017-01",
            "price": "16.04",
            "revenue": 45881
        },
        "2017-02": {
            "month": "2017-02",
            "price": "16.62",
            "revenue": 30623
        },
        "2017-03": {
            "month": "2017-03",
            "price": "15.95",
            "revenue": 52166
        },
        "2017-04": {
            "month": "2017-04",
            "price": "15.89",
            "revenue": 31474
        },
        "2017-05": {
            "month": "2017-05",
            "price": "16.63",
            "revenue": 20175
        },
        "2017-06": {
            "month": "2017-06",
            "price": "17.78",
            "revenue": 58366
        },
        "2017-07": {
            "month": "2017-07",
            "price": "16.55",
            "revenue": 28854
        },
        "2017-08": {
            "month": "2017-08",
            "price": "15.59",
            "revenue": 55849
        },
        "2017-09": {
            "month": "2017-09",
            "price": "17.96",
            "revenue": 84017
        },
        "2017-10": {
            "month": "2017-10",
            "price": "18.73",
            "revenue": 74194
        },
        "2017-11": {
            "month": "2017-11",
            "price": "23.60",
            "revenue": 58153
        },
        "2017-12": {
            "month": "2017-12",
            "price": "20.56",
            "revenue": 70453
        },
        "2018-01": {
            "month": "2018-01",
            "price": "22.04",
            "revenue": 21826
        },
        "2018-02": {
            "month": "2018-02",
            "price": "19.06",
            "revenue": 24604
        },
        "2018-03": {
            "month": "2018-03",
            "price": "18.22",
            "revenue": 51814
        },
        "2018-04": {
            "month": "2018-04",
            "price": "17.10",
            "revenue": 30187
        },
        "2018-05": {
            "month": "2018-05",
            "price": "15.25",
            "revenue": 26555
        },
        "2018-06": {
            "month": "2018-06",
            "price": "18.47",
            "revenue": 41289
        },
        "2018-07": {
            "month": "2018-07",
            "price": "16.96",
            "revenue": 26996
        },
        "2018-08": {
            "month": "2018-08",
            "price": "14.47",
            "revenue": 36006
        },
        "2018-09": {
            "month": "2018-09",
            "price": "11.45",
            "revenue": 69107
        },
        "2018-10": {
            "month": "2018-10",
            "price": "9.01",
            "revenue": 26610
        },
        "2018-11": {
            "month": "2018-11",
            "price": "8.94",
            "revenue": 35557
        },
        "2018-12": {
            "month": "2018-12",
            "price": "9.52",
            "revenue": 133835
        },
        "2019-01": {
            "month": "2019-01",
            "price": "12.24",
            "revenue": 28913
        },
        "2019-02": {
            "month": "2019-02",
            "price": "13.59",
            "revenue": 27083
        },
        "2019-03": {
            "month": "2019-03",
            "price": "13.98",
            "revenue": 49468
        },
        "2019-04": {
            "month": "2019-04",
            "price": "13.90",
            "revenue": 37022
        },
        "2019-05": {
            "month": "2019-05",
            "price": "11.21",
            "revenue": 27085
        },
        "2019-06": {
            "month": "2019-06",
            "price": "11.03",
            "revenue": 49230
        },
        "2019-07": {
            "month": "2019-07",
            "price": "10.92",
            "revenue": 23372
        },
        "2019-08": {
            "month": "2019-08",
            "price": "10.37",
            "revenue": 41093
        },
        "2019-09": {
            "month": "2019-09",
            "price": "12.75",
            "revenue": 60102
        },
        "2019-10": {
            "month": "2019-10",
            "price": "12.51",
            "revenue": 27824
        },
        "2019-11": {
            "month": "2019-11",
            "price": "11.49",
            "revenue": 39378
        },
        "2019-12": {
            "month": "2019-12",
            "price": "11.60",
            "revenue": 125505
        },
        "2020-01": {
            "month": "2020-01",
            "price": "12.89",
            "revenue": 26052
        },
        "2020-02": {
            "month": "2020-02",
            "price": "12.40",
            "revenue": 26076
        },
        "2020-03": {
            "month": "2020-03",
            "price": "10.18",
            "revenue": 51135
        },
        "2020-04": {
            "month": "2020-04",
            "price": "10.13",
            "revenue": 29683
        },
        "2020-05": {
            "month": "2020-05",
            "price": "12.13",
            "revenue": 26276
        },
        "2020-06": {
            "month": "2020-06",
            "price": "12.22",
            "revenue": 50034
        },
        "2020-07": {
            "month": "2020-07",
            "price": "11.65",
            "revenue": 45781
        },
        "2020-08": {
            "month": "2020-08",
            "price": "11.31",
            "revenue": 25646
        },
        "2020-09": {
            "month": "2020-09",
            "price": "11.87",
            "revenue": 53029
        },
        "2020-10": {
            "month": "2020-10",
            "price": "11.44",
            "revenue": 25913
        },
        "2020-11": {
            "month": "2020-11",
            "price": "11.49",
            "revenue": 55673
        },
        "2020-12": {
            "month": "2020-12",
            "price": "13.04",
            "revenue": 91171
        },
        "2021-01": {
            "month": "2021-01",
            "price": "11.69",
            "revenue": 25708
        },
        "2021-02": {
            "month": "2021-02",
            "price": "10.95",
            "revenue": 25944
        },
        "2021-03": {
            "month": "2021-03",
            "price": "11.83",
            "revenue": 64449
        },
        "2021-04": {
            "month": "2021-04",
            "price": "12.98",
            "revenue": 26036
        },
        "2021-05": {
            "month": "2021-05",
            "price": "12.09",
            "revenue": 23972
        },
        "2021-06": {
            "month": "2021-06",
            "price": "10.87",
            "revenue": 28220
        },
        "2021-07": {
            "month": "2021-07",
            "price": "10.07",
            "revenue": 19579
        },
        "2021-08": {
            "month": "2021-08",
            "price": "9.33",
            "revenue": 39455
        },
        "2021-09": {
            "month": "2021-09",
            "price": "8.53",
            "revenue": 48656
        },
        "2021-10": {
            "month": "2021-10",
            "price": "8.12",
            "revenue": 23688
        },
        "2021-11": {
            "month": "2021-11",
            "price": "9.01",
            "revenue": 34879
        },
        "2021-12": {
            "month": "2021-12",
            "price": "9.11",
            "revenue": 72826
        },
        "2022-01": {
            "month": "2022-01",
            "price": "9.70",
            "revenue": 19866
        },
        "2022-02": {
            "month": "2022-02",
            "price": "8.93",
            "revenue": 18876
        },
        "2022-03": {
            "month": "2022-03",
            "price": "8.27",
            "revenue": 28248
        },
        "2022-04": {
            "month": "2022-04",
            "price": "9.21",
            "revenue": 25040
        },
        "2022-05": {
            "month": "2022-05",
            "price": "8.39",
            "revenue": 18365
        },
        "2022-06": {
            "month": "2022-06",
            "price": "9.22",
            "revenue": 88905
        },
        "2022-07": {
            "month": "2022-07",
            "price": "9.22",
            "revenue": 21799
        },
        "2022-08": {
            "month": "2022-08",
            "price": "11.58",
            "revenue": 18719
        },
        "2022-09": {
            "month": "2022-09",
            "price": "12.73",
            "revenue": 46130
        },
        "2022-10": {
            "month": "2022-10",
            "price": "11.68",
            "revenue": 22047
        },
        "2022-11": {
            "month": "2022-11",
            "price": "11.82",
            "revenue": 47781
        },
        "2022-12": {
            "month": "2022-12",
            "price": "11.77",
            "revenue": 109277
        },
        "2023-01": {
            "month": "2023-01",
            "price": "12.24",
            "revenue": 23057
        },
        "2023-02": {
            "month": "2023-02",
            "price": "12.96",
            "revenue": 21848
        },
        "2023-03": {
            "month": "2023-03",
            "price": "16.98",
            "revenue": 51919
        },
        "2023-04": {
            "month": "2023-04",
            "price": "28.47",
            "revenue": 20006
        },
        "2023-05": {
            "month": "2023-05",
            "price": "36.54",
            "revenue": 21972
        },
        "2023-06": {
            "month": "2023-06",
            "price": "33.35",
            "revenue": 112604
        },
        "2023-07": {
            "month": "2023-07",
            "price": "32.96",
            "revenue": 24150
        },
        "2023-08": {
            "month": "2023-08",
            "price": "26.51",
            "revenue": 27612
        },
        "2023-09": {
            "month": "2023-09",
            "price": "26.76",
            "revenue": 65719
        },
        "2023-10": {
            "month": "2023-10",
            "price": "27.66",
            "revenue": 19274
        },
        "2023-11": {
            "month": "2023-11",
            "price": "26.06",
            "revenue": 30634
        },
        "2023-12": {
            "month": "2023-12",
            "price": "23.64",
            "revenue": 205459
        }
    }
}
